669 1221
266 38 442 67 SOLYMA.

98 46 119 67 20

99 64 174 95 Iudicis
192 64 216 95 ora
237 64 285 95 feret
306 64 351 95 diris
369 64 492 95 conſtrictus
501 64 579 95 ahenis.

96 85 144 123 Mox
167 85 229 123 dulces
244 85 314 123 animæ
329 85 416 123 natorum
442 85 450 123 in
470 85 541 123 limine
558 85 601 123 vite

105 119 207 152 Occũbent
224 119 283 152 ferro,
297 119 387 152 laceratæ
399 119 444 152 ante
464 119 489 152 ora
512 119 599 152 paretis-

96 146 135 178 Ipſe
147 146 216 178 amens
231 146 300 178 animi,
309 146 342 178 nec
357 146 369 178 ti
393 146 432 178 ride
450 146 516 178 mitior
534 146 588 178 orba,

96 172 115 210 Ah
137 172 219 210 quoties
232 172 270 210 lẽtã
289 172 365 210 optabit
384 172 472 210 tortoris
497 172 599 210 Erinnym.

99 199 129 228 Sed
144 199 222 228 fruſtra,
234 199 258 228 rig
267 199 297 228 ido
315 199 408 228 ſuffoſſus
423 199 495 228 lumina
510 199 573 228 ferro,

102 220 155 264 Viuet
168 220 237 264 inops,
247 220 373 264 tenebrarum
392 220 471 264 hoſpes,
487 220 597 264 noctiſque

122 253 226 280 profundæ

120 277 129 306 In
159 277 192 306 mor
204 277 231 306 tes
246 277 312 306 viuax,
321 277 333 306 &
348 277 393 306 long
402 277 405 306 i
417 277 480 306 fabula
498 277 546 306 ludi.

234 305 450 335 HIEREMIAS.

92 333 159 362 Actum
181 333 209 362 eſt,
238 333 292 362 eriſti:
304 333 380 362 Sedecia
402 333 437 362 quò
456 333 478 362 me
494 333 545 362 rapis

105 353 175 398 Quibus
192 353 269 398 doloris
283 353 360 398 facibus
380 353 461 398 inſtinct
468 353 492 398 um
516 353 597 398 coquist

93 386 114 415 At
129 386 156 415 hic
171 386 243 415 ſupinæ
267 386 332 415 mentis
353 386 455 415 oppreſſus
473 386 521 415 ſalo,

101 413 171 455 Deuota
193 413 263 455 cultris
278 413 313 455 vict
323 413 367 455 ima,
380 413 440 455 atque
453 413 491 455 aris
507 413 598 455 Mithræ,

99 439 147 469 Feral
158 439 161 469 e
175 439 231 469 ſertis
243 439 307 469 aureis
327 439 381 469 ornat
397 439 462 469 caput,

99 466 183 496 Lateque
198 466 282 496 tendens
297 466 353 496 funer
362 466 374 496 is
389 466 473 496 pompas
488 466 512 496 ſui

97 493 199 523 Prægeſtit
220 493 271 523 orco,
283 493 417 523 filiorumque
429 493 450 523 ad
468 493 528 523 rogos

95 520 115 545 De
140 520 220 545 Veneris
234 520 282 545 ariS,
296 520 367 545 læuus:
376 520 466 545 accendit
480 520 540 545 faces.

115 546 156 576 Nec
171 546 222 576 videt
231 546 247 576 ab
263 546 320 576 aſtris
342 546 427 576 fulmine
439 546 512 576 rubẽtẽ
534 546 594 576 man,

119 574 169 629 Quod
179 574 226 629 noct
236 574 282 629 uarũ
295 574 315 629 eſt
332 574 385 629 ſorde
402 574 485 629 perplut
524 574 594 629 oloch:

115 573 150 601 Sed
162 573 194 601 eſſe
213 573 273 601 credit
286 573 368 601 ſtultus:
374 573 387 601 in
412 573 456 601 cælo
479 573 545 601 Deum,

89 625 110 664 At
128 625 170 664 ecce
188 625 260 664 gemini
275 625 368 664 vultures
401 625 464 664 rædam
479 625 593 664 apperunt.

95 695 219 746 PHASSVR
283 695 395 746 LAREAS
427 695 595 746 HIEREMIAM

198 734 339 756 vaticinantem
362 734 466 756 diuexant.

236 786 445 810 PHASSVR.

125 835 195 874 Nfame
212 835 299 874 buſtum,
320 835 411 874 perfdum
436 835 450 874 &
470 835 537 874 vecors
565 835 589 874 ci-

152 869 193 894 put,

123 888 214 926 Nõndum
256 888 347 926 extuliſti
375 888 421 926 reia
449 888 466 926 ex
491 888 522 926 aul
561 888 592 926 pe-

155 920 200 942 dem?

245 945 460 974 HIEREMIAS.

91 971 118 1011 Pha
131 971 174 1011 ſſur,
194 971 238 1011 quid
254 971 288 1011 egi?
301 971 351 1011 quod
368 971 421 1011 nouũ
431 971 501 1011 admiſi
517 971 591 1011 ſcelut

85 998 138 1036 IAR.
159 998 201 1036 Quid
215 998 260 1036 egit,
274 998 277 1036 ô
298 998 326 1036 diii
340 998 389 1036 dirus
403 998 434 1036 imp
455 998 504 1036 oſtor
521 998 591 1036 rogats

255 1025 442 1054 IEREMIAS.

102 1049 106 1091 i
124 1049 197 1091 ſceytra
215 1049 314 1091 loqueris,
328 1049 380 1091 ctdo,
387 1049 394 1091 ſ
423 1049 493 1091 atetis,
215 1049 591 1091 loquor.
