718 1227
244 49 359 85 ACTVS
402 49 543 85 PRIMVS.
624 49 643 85 23

136 74 193 108 ,Vid
205 74 232 108 ere
253 74 286 108 didi
301 74 331 108 cit,
349 74 381 108 nec
402 74 450 108 duos
489 74 531 108 eges
552 74 609 108 capit.

135 103 237 132 Perimam,
252 103 285 132 aut
306 103 384 132 peribo.
420 103 453 132 Sed
468 103 516 132 fidem
543 103 639 132 obſtrixi

171 131 208 151 irO.

129 147 164 189 Reg
173 147 221 189 nare
233 147 297 189 neſcit
309 147 379 189 fallere
398 147 448 189 fdem
470 147 502 189 qui
518 147 584 189 timet,

122 181 204 212 Integra
241 181 298 212 ietas,
312 181 391 212 candor,
411 181 411 212 &
425 181 507 212 ſimiplex
524 181 569 212 ſices

131 209 179 242 Priua
192 209 205 242 ta
227 209 301 242 decora,
315 209 349 242 rite
365 209 392 242 pri
400 209 459 242 uatos
480 209 555 242 decent:

124 234 150 271 Aſt
161 234 198 271 alia
217 234 296 271 quædam
322 234 370 271 ratio
384 234 491 271 Magnnates
516 234 544 271 reg
556 234 578 271 it.

130 263 136 288 O
154 263 224 288 terror
248 263 309 288 orbis,
320 263 349 288 dex
362 263 386 288 ter
405 263 408 288 æ
421 263 490 288 fulmen
522 263 567 288 me.

154 288 226 322 Fidelis
241 288 298 322 haſta,
307 288 394 322 præuola
412 288 436 322 fau
451 288 478 322 ſto
493 288 556 322 impet
565 288 583 322 u.

129 314 154 350 Da,
168 314 180 350 da
202 314 301 350 ſceleſtum
321 314 408 350 ſternere
425 314 510 350 informi
521 314 577 350 nece,

127 343 138 376 Et
155 343 189 376 tu,
209 343 294 376 cruorem
317 343 328 376 tu
348 343 450 376 nefandum
470 343 470 376 i
479 343 507 376 pſa
527 343 609 376 obbibe,

202 351 582 429 i:XXX:XXXX.

120 423 180 457 ABD.
210 423 253 457 FIL.
283 423 293 457 I.
326 423 420 457 Præclara
439 423 519 457 genitor
542 423 632 457 deſtinas,

145 451 230 474 Martem
253 451 306 474 ĩuuat

119 476 203 509 Martem
227 476 275 509 ciere
293 476 368 509 claſſico
383 476 464 509 longùm
485 476 542 509 truci.

119 503 145 535 Ad
156 503 218 535 armia,
227 503 249 535 ad
261 503 312 535 arma
337 503 357 535 me
371 503 422 535 rapit
439 503 484 535 ferri
501 503 552 535 ſitis,

118 529 196 558 Sangui
208 529 253 558 ſque
274 529 343 558 bullit,
355 529 367 558 &
388 529 454 558 micant
469 529 529 558 animi
550 529 595 558 mare
607 529 619 558 s:

123 556 168 588 Date
189 556 204 588 mi
219 556 297 588 lupatis
318 556 333 588 vt
351 556 366 588 eg
380 556 383 588 o
401 556 524 588 cornipedem
551 556 608 588 regam

124 583 223 612 Feruente
241 583 289 612 curſu
310 583 340 612 qui
355 583 409 612 leues
427 583 508 612 ſuperer
526 583 604 612 Notos.

122 608 167 640 Date
187 608 201 640 mi
218 608 300 640 lacertis
317 608 422 640 præpetes
436 608 453 640 ha
467 608 501 640 ſtas
518 608 600 640 vibrem,

116 636 204 669 Sternam
226 636 322 669 cruentos
345 636 387 669 gent
396 636 410 669 is
427 636 511 669 impuræ
534 636 610 669 grege,

127 663 141 696 Vt
161 663 195 696 cum
217 663 274 696 leone
299 663 389 696 flammeo
412 663 491 696 mundus
508 663 587 696 flagrat,

119 689 146 721 Sub
167 689 218 721 falce
233 689 281 721 denſa
311 689 355 721 colla
376 689 487 721 demetitur
514 689 574 721 Ceres.

115 717 174 749 ARI.
195 717 237 749 FIL.
255 717 279 749 II.
296 717 335 749 Non
359 717 380 749 ſic
391 717 457 749 abibit
485 717 579 749 genitor,
593 717 628 749 hoc

154 744 224 767 tandem
247 744 255 767 ti
269 744 283 767 bi

131 770 201 804 Equum
220 770 309 804 videtur.
321 770 337 804 vt
356 770 407 804 meus
423 770 483 804 frater
499 770 546 804 foris

128 797 201 831 Quærat
220 797 305 831 virentes
321 797 409 831 laureas,
422 797 492 831 ſedeam
514 797 577 831 domiĩ

123 825 136 855 Et
151 825 224 855 ſpurgo
240 825 310 855 ferrum
332 825 398 855 dexter
404 825 408 855 a
423 825 458 855 non
483 825 553 855 debili,

119 852 136 885 Et
156 852 212 885 maior
224 852 303 885 animus
322 852 401 885 dexterâ
418 852 480 885 ſpirat
497 852 562 885 decus-.

295 880 486 910 SEDECIAS.

117 903 183 935 Inſane
202 903 262 935 miles,
275 903 310 935 quò
326 903 367 935 ruis
376 903 471 935 :nondum
490 903 525 935 tibi

146 863 294 969 aaavari
430 863 583 969 v·c.

318 961 443 989 ARIEL.

124 970 197 1017 Certare
211 970 267 1017 barba
284 970 317 1017 non
344 970 384 1017 mihi
401 970 484 1017 conſtat,
497 970 561 1017 pater,

117 1012 154 1043 Nec
171 1012 199 1043 ſic,
211 1012 293 1043 opinor,
304 1012 392 1043 vinceret
408 1012 471 1043 frater
490 1012 547 1043 meus:

143 1037 172 1079 Sed
183 1037 231 1079 ante
245 1037 318 1079 barbam
351 1037 439 1079 Sedeciæ
461 1037 538 1079 mentem
559 1037 625 1079 gerũt,

152 1066 259 1097 Virtuſque
272 1066 338 1097 ſeęnes
360 1066 414 1097 vręet
436 1066 496 1097 ætatis
515 1066 585 1097 moras.

484 1096 487 1121 B
514 1096 545 1121 iii
