666 1220
253 47 383 71 SOLYMA

70 54 89 80 44

75 129 429 172 NABVLARDAN&
466 129 545 172 Chald
564 129 578 172 ęi

94 163 192 222 Milites
206 163 234 222 àR
262 163 266 222 o
327 163 359 222 10
406 163 555 222 cluduntur.

232 236 410 269 NABVZLAR.

131 289 183 323 Deſte
197 289 253 323 ſocii,
271 289 323 323 rupit
337 289 369 323 hiac
383 289 449 323 plagas
460 289 519 323 aper:

128 315 161 358 Hic
175 315 228 358 inter
238 315 295 358 altos
321 315 398 358 militum
424 315 501 358 ſparfus
528 315 571 358 glo-

106 349 150 373 bos,

71 369 122 400 Inter
140 369 239 400 cruentum
266 369 380 400 puluerem,
398 369 410 400 &
425 369 473 400 ferri
491 369 569 400 minas,

75 397 119 429 Dare
135 397 182 429 terga
204 397 239 429 vidi
251 397 349 429 perditum
371 397 450 429 Regem:
469 397 526 429 Timet

72 422 189 456 Horretque
205 422 271 456 rutilis
287 422 382 456 fulgidum
408 422 452 456 telis
465 422 528 456 iubar.

77 451 85 481 O
99 451 108 481 ſi
125 451 153 481 ven
167 451 204 481 iret
215 451 294 481 nobilis
308 451 367 481 præda
384 451 396 481 in
424 451 494 481 manus,

78 477 95 508 Vt
115 477 134 508 me
151 477 250 508 trophæis
270 477 307 508 læta
330 477 440 508 cumularet
457 477 494 508 dies

70 505 110 536 Age
121 505 277 536 perſequamur,
305 505 376 536 æſtuant
390 505 449 536 animi
469 505 531 536 mares,

76 531 91 562 Et
109 531 154 562 igne
169 531 214 562 toto
232 531 286 562 corda
306 531 393 562 Bellonæ
408 531 501 562 flagrant.

250 559 381 584 ROHEG.

77 583 150 617 Dilecte
169 583 201 617 ſili,
216 583 302 617 loquere
314 583 425 617 ſupremum
450 583 501 617 mihi,

79 609 94 643 Da
121 609 160 643 mihi
178 609 271 643 tepentes
286 609 361 643 halitus
376 609 415 643 oris
430 609 457 643 leg
469 609 505 643 am,

72 635 83 665 In
106 635 120 665 te
137 635 207 665 viciiim
230 635 320 665 ſpiritum
343 635 433 665 efundam
458 635 509 665 meum

232 663 409 692 NABVZLAR.

83 681 130 722 Vnde
145 681 178 722 ille
192 681 240 722 dena
258 681 324 722 fœdus
338 681 411 722 illuuie
422 681 492 722 ſenex:

80 715 92 749 Et
110 715 155 749 vnde
167 715 233 749 acerbi
248 715 326 749 funeris
341 715 398 749 fatum
419 715 479 749 gemit

253 744 392 773 ROHEG.

79 767 114 802 Ego
133 767 164 802 vos
177 767 209 802 per
224 767 285 802 aſtra,
294 767 300 802 ſi
316 767 361 802 quid
380 767 399 802 eſt
414 767 465 802 cœlo
478 767 538 802 pium,

78 797 106 823 Per
129 797 222 823 orbitatis
242 797 313 823 vulnus
333 797 420 823 obteſtor
440 797 488 823 meæ,

75 823 156 856 Iungite
171 823 270 856 parentem
290 823 338 856 ſilio,
347 823 410 856 puero
428 823 497 856 ſenem,

83 847 124 896 Qid
137 847 178 896 enim
200 847 260 896 ſenilt
273 847 352 896 pondus
367 847 402 896 hoc
418 847 469 896 cœlũ
488 847 541 896 grauo

202 876 468 906 NABVLARDAN.

83 900 159 933 Profare
174 900 247 933 luctus,
260 900 304 933 quid
320 900 380 933 gemis
411 900 484 933 perge,
497 900 563 933 indica.

253 931 287 961 Ro
306 931 379 961 HEG.

74 956 122 988 Nate
143 956 179 988 occi
194 956 203 988 di
212 956 239 988 ſti,
254 956 299 988 nate
319 956 439 988 miſerandum
463 956 523 988 caput.

75 981 109 1016 Heu
129 981 166 1016 quo
183 981 259 1016 doloris
276 981 353 1016 vortice
370 981 415 1016 abſo
435 981 480 1016 ptus
503 981 551 1016 feror

76 1012 178 1042 NABVL.
203 1012 241 1042 Quis
254 1012 304 1042 hunc
317 1012 412 1042 peremit⸗

78 1038 144 1069 ROH.
159 1038 207 1069 Sæua
225 1038 261 1069 latr
276 1038 327 1069 onum
345 1038 441 1069 phalanx,

80 1064 120 1108 Hoc
140 1064 168 1108 dn
192 1064 279 1108 Pexctrat
295 1064 395 1108 innoccns
422 1064 474 1108 aſtor
494 1064 562 1108 nnnu:
