680 1226
276 47 412 77 SOLYMA

135 47 214 132 uondam
256 47 361 132 eati,reii
373 47 461 132 columen
490 47 549 132 Lris.

115 71 172 114 Nunc
185 71 302 114 lachrymæ.
319 71 369 114 nunc
392 71 439 114 gẽtis
449 71 532 114 afictæ
555 71 612 114 dolor
625 71 625 114 .

114 127 135 157 At
153 127 204 157 nune
222 127 308 157 clientes
332 127 389 157 Regis
407 127 488 157 Aſſyrij.

117 156 150 185 AB
173 156 189 185 D.
212 156 219 185 O
245 156 288 185 ater

128 183 131 214 u
146 183 167 214 àm
191 183 227 214 dura
244 183 322 214 narras:

112 209 177 235 ARI.
197 209 265 235 Satius
279 209 299 235 eſt
333 209 409 235 enitor,
429 209 483 235 mori.

270 234 460 265 sED.ECIAS.

122 263 137 292 Vt
148 263 230 292 animus
244 263 314 292 hoiret
331 263 396 292 Iaudis
410 263 512 292 ingenitæ
526 263 594 292 tenax:

121 289 127 320 O
148 289 190 320 nata
208 289 292 320 ſceptris
307 289 349 320 pect
364 289 406 320 oral
424 289 427 320 ô
448 289 508 320 dignæ
529 289 592 320 manus

117 312 227 351 Regnorum
256 312 338 351 habenis
382 312 414 351 v0s
439 312 451 351 eg
467 312 470 351 o
493 312 562 351 fraudo
581 312 619 351 im-

154 346 204 372 pius:

123 364 186 400 TRIB.
206 364 282 400 Tandem
302 364 405 400 expedite,
431 364 488 400 Regis
508 364 614 400 imperium

166 404 232 427 Vocat.

113 422 169 466 SED.
192 422 232 466 onid
255 422 275 466 me
292 422 378 466 enecatis
391 422 498 466 filij:viuo,
508 422 521 466 &
534 422 591 466 necis

116 452 159 481 Quid
176 452 218 481 vrna
241 452 300 481 verſet
314 452 391 481 neſcio,
408 452 487 481 veſtrum
510 452 518 481 ca
532 452 575 481 put,

109 479 223 508 Meumque
237 479 296 508 forſan
325 479 393 508 melior
410 479 478 508 eripier
503 479 557 508 Deus,

112 506 133 536 Tx
142 506 169 536 ite
181 506 256 536 tandem
277 506 319 536 iuſſa
345 506 378 536 quò
396 506 456 536 Regis
471 506 552 536 vocant.

111 534 120 559 Si
137 534 171 559 vos
190 534 239 559 miſel
247 534 275 559 los
290 534 323 559 fata
338 534 440 559 fecerunt,
451 534 482 559 tam
508 534 508 559 n

109 562 148 590 Nec
163 562 199 590 fata
214 562 298 590 poſſunt
315 562 375 590 facere
396 562 513 590 degeneres.

111 590 114 611 A
139 590 177 611 RI.
196 590 258 611 Parer.

110 612 143 642 AB
170 612 188 642 D.
203 612 245 642 Vale
266 612 293 642 erg
308 612 320 642 o,
338 612 428 642 genitor.

106 638 112 664 A
138 638 176 664 RI.
197 638 304 664 Sequimur
314 638 336 664 ad
352 638 413 664 iuſſus
429 638 483 664 tuos.

112 659 178 704 SED.
197 659 232 704 Sed
248 659 296 704 vnde
308 659 365 704 totus
391 659 495 704 corpore,
517 659 530 704 &
558 659 619 704 mente

157 694 243 721 horreo:

115 717 145 750 Tam
172 717 223 750 dirus
238 717 313 750 horror
331 717 399 750 grande
414 717 510 750 præſagit
537 717 618 750 malum.

108 746 179 773 Redite
190 746 221 773 nat
230 746 233 773 i
247 746 298 773 ſubit
309 746 315 773 ò
326 746 337 773 in
354 746 464 773 amplexus
478 746 521 773 patr
529 746 552 773 is.

113 772 119 801 O
140 772 191 801 chara
209 772 242 801 lect
251 772 254 801 i
269 772 365 801 pignoral
383 772 386 801 ô
407 772 479 801 germen
500 772 587 801 ſacrum:

114 799 147 827 Vos
159 799 216 827 forte
228 799 240 827 in
261 799 411 827 vlnisvltimum
429 799 516 827 amplect
528 799 543 827 or
564 799 618 827 meis.

106 826 142 862 Iter
154 826 211 862 umne
238 826 361 862 lachrymæ?
385 826 475 862 pertinax
505 826 568 862 patris
595 826 619 862 eſt

105 878 144 908 Non
165 878 198 908 vos
216 878 321 908 relinquo:
342 878 429 908 conſcias
444 878 513 908 ſtellas
528 878 588 908 voco.

106 905 146 963 Hoc
159 905 169 963 ſi
182 905 272 963 peroſum
295 905 355 963 lumen
379 905 482 963 occumbit
498 905 565 963 caput,

113 932 221 962 Cœpitque
233 932 302 962 terris,
317 932 331 962 &
343 932 391 962 polo
409 932 448 962 fieri
466 932 529 962 graue,

107 961 226 994 QCuque
246 961 296 994 cedet
313 961 410 994 flammeæ
429 961 497 994 mentis
514 961 582 994 vigor,

121 988 187 1015 aaere
206 988 291 1015 refracto
310 988 414 1015 corporis,
430 988 488 1015 viuam
520 988 592 1015 memor

112 1012 178 1040 Veſtræ
196 1012 286 1040 parentis
301 1012 343 1040 filij,
355 1012 367 1040 &
385 1012 463 1040 veſtrum
496 1012 577 1040 memor.

114 1038 147 1070 Cum
165 1038 207 1070 luce
225 1038 282 1070 prima
303 1038 372 1070 veſtiet
393 1038 438 1070 Titan
459 1038 531 1070 polos,

123 999 232 1153 a2
619 999 619 1153 .
