707 1228
164 49 287 79 ACTVS
327 49 494 79 QVINTVS
574 49 598 79 70

106 77 168 105 Crines
182 77 261 105 beatos:
275 77 295 105 eſt
306 77 368 105 adnuc
382 77 436 105 vinct
442 77 461 105 us
478 77 540 105 pater.

103 104 142 132 NAE.
162 104 230 132 Soluet
241 104 267 132 ur,
275 104 309 132 ite,
326 104 388 132 veniet
402 104 481 132 accitus
501 104 580 132 parens,

98 129 128 160 Iam
149 129 173 160 ſub
188 129 284 160 ſequetur
299 129 358 160 filios,
370 129 424 160 patrẽ
442 129 514 160 aduoca
547 129 595 160 Ari-

99 153 188 198 Regalem
207 153 216 198 in
235 153 311 198 aulam,
324 153 355 198 lug
365 153 412 198 ubrẽ
425 153 469 198 huic
485 153 510 198 cœ
529 153 599 198 piuntur

522 184 529 210 1n
555 184 583 210 aul

161 186 195 206 nam
213 186 248 206 inſt
261 186 301 206 ruo.

99 209 186 239 Habent,
195 209 291 239 peractum
315 209 345 239 eſt:
354 209 441 239 victimæ
453 209 597 239 ſacrænecandi.

157 238 194 266 Deo

104 262 174 298 Pompâ
194 262 320 298 triumphant
334 262 423 298 funebri:
437 262 447 298 in
467 262 543 298 noſtras
566 262 596 298 ma-

137 293 174 318 nus

104 317 176 346 Tandem
194 317 281 346 nefaſtus
296 317 358 346 venit,
373 317 388 346 &
403 317 460 346 torus
475 317 562 346 quidem.

106 343 144 374 Perg
156 343 169 374 e,
178 343 251 374 anime,
264 343 336 374 perge,
352 343 434 374 ſequere
456 343 538 374 fœlices
563 343 595 374 ma-

144 379 187 394 n1.

100 396 130 430 Sua
150 396 230 430 membra
246 396 310 430 videat
326 396 386 430 lacera
406 396 483 430 Iudæus
500 396 560 430 ſtolo,

105 425 159 453 Comm
174 425 201 453 iſta
222 425 294 453 trunco
312 425 390 453 viſcera,
414 425 426 453 &
441 425 501 453 tabum
522 425 594 453 ſluens,

99 451 115 479 Et
130 451 260 479 palpitantes
276 451 364 479 viſcerum
386 451 453 479 fibras,
468 451 516 479 ſuum

99 478 175 506 Demum
201 478 288 506 cruorem
308 478 401 506 ſorbeat:
424 478 480 506 viuat
500 478 560 506 tamen

99 504 144 540 Bino
162 504 261 540 ſuperſtes
276 504 347 540 funeri,
368 504 422 540 morti
443 504 512 540 grauis.

216 530 221 552 0

110 586 115 629 E
150 586 384 629 LEAZARI&
419 586 559 629 AZARI

233 628 367 668 Principum
404 628 471 668 mors.

318 676 400 701 Eleaar.

169 729 286 760 Maſculate,
296 729 349 760 lanio
365 729 471 760 puerorum
501 729 591 760 Cyclops,

171 754 240 792 Semeſa
261 754 341 792 ructans
359 754 387 792 oſſa
404 754 505 792 ſceleratæ
522 754 575 792 dapis

170 785 184 814 Si
198 785 316 814 verminoſis
333 785 421 814 balneum
446 785 517 814 mẽbris
534 785 590 814 parao

104 800 136 841 Vita
158 800 247 841 tepenti,
256 800 269 841 &
281 800 376 841 ſanguine
389 800 477 841 humano
493 800 566 841 ſluens,

94 837 183 867 Iugnlum
205 837 290 867 virorum
312 837 375 867 Marte
388 837 486 867 legitimo
501 837 552 867 pete,

98 864 140 894 Pete
155 864 188 894 per
200 864 278 894 ferocis
287 864 343 894 aleam
364 864 412 894 belli
430 864 493 894 decus.

100 891 153 921 Exere
168 891 258 921 tenebris
269 891 329 921 arma,
343 891 380 921 quæ
397 891 453 921 nemo
476 891 532 921 videt,

96 918 147 951 Inter
165 918 270 951 ſpadonum
291 918 348 951 clauſa
369 918 459 951 rugoſum
486 918 543 951 pecus

105 946 162 975 Copas
177 946 258 975 ſyriſcas
270 946 330 975 inter,
339 946 399 975 atque
414 946 468 975 inter
483 946 549 975 Iuuas,

103 973 139 1001 Quæ
160 973 271 1001 moliuntur
289 973 358 1001 cereum
376 973 436 1001 naſum
457 973 502 1001 tibi,

101 998 180 1028 Vetſant
189 998 224 1028 que
240 998 306 1028 dextrâ
322 998 411 1028 tortilem
433 998 445 1028 &
461 998 509 1028 ſolea
524 998 591 1028 perũt.

94 1025 145 1055 NaA.
166 1025 214 1055 Elide
229 1025 301 1055 laqueo
316 1025 384 1055 guttur
399 1025 498 1055 infandum
522 1025 591 1055 ocyus.

104 1052 194 1089 ELEA,
207 1052 294 1089 Etiamne
307 1052 387 1089 laqueo?
400 1052 404 1089 ô
427 1052 480 1089 mnlta
497 1052 590 1089 fleturum

144 1078 209 1117 carut.

417 1104 468 1136 EIIiii
