<PcGts xmlns="http://schema.primaresearch.org/PAGE/gts/pagecontent/2019-07-15" xmlns:xsi="http://www.w3.org/2001/XMLSchema-instance" xsi:schemaLocation="http://schema.primaresearch.org/PAGE/gts/pagecontent/2019-07-15 http://schema.primaresearch.org/PAGE/gts/pagecontent/2019-07-15/pagecontent.xsd"><Metadata><Creator>User123</Creator><Created>2022-01-27T01:34:00</Created><LastChange>2022-01-27T01:34:00</LastChange></Metadata><Page imageFilename="0070.png" imageHeight="963" imageWidth="577"><TextRegion id="r0" type="paragraph"><Coords points="1,1 575,1 575,961 1,961"/><TextLine id="r0_l001"><Coords points="216,32 216,58 399,58 399,32 216,32"/><TextEquiv index="1"><Unicode>(0</Unicode></TextEquiv></TextLine><TextLine id="r0_l002"><Coords points="82,36 82,54 107,54 107,36 82,36"/><TextEquiv index="1"><Unicode></Unicode></TextEquiv></TextLine><TextLine id="r0_l003"><Coords points="109,63 109,91 558,91 558,63 109,63"/><TextEquiv index="1"><Unicode>Fortnna, voluerum eopia oppreſſus gemlt,</Unicode></TextEquiv></TextLine><TextLine id="r0_l004"><Coords points="116,116 120,116 121,115 121,111 122,110 133,110 134,109 187,109 187,110 187,111 188,111 191,111 191,112 191,114 193,115 197,115 197,110 198,109 480,109 480,110 480,112 481,112 483,112 486,109 486,105 485,103 476,103 475,103 475,93 475,92 462,92 461,91 460,91 459,92 454,92 453,93 453,97 423,97 422,96 418,96 417,96 417,92 417,91 416,91 415,92 388,92 387,91 357,91 356,92 356,97 298,97 297,96 275,96 274,96 274,92 273,90 271,90 270,91 269,91 266,94 266,96 265,97 238,97 237,96 218,96 217,96 217,93 216,91 214,91 213,92 213,93 186,93 184,91 147,91 146,92 120,92 119,91 100,91 99,92 89,92 88,93 87,93 86,94 86,100 85,101 85,104 84,105 84,106 83,107 83,109 82,110 82,112 84,113 86,111 87,111 88,110 114,110 114,111 114,115 115,115 116,116"/><TextEquiv index="1"><Unicode>Vulp. Dhitprins: fortuna nil dedit mihi,</Unicode></TextEquiv></TextLine><TextLine id="r0_l005"><Coords points="315,141 317,141 318,140 319,140 319,135 320,134 371,134 371,135 371,140 372,140 376,140 376,135 377,134 518,134 518,135 518,138 519,138 521,138 522,137 523,137 526,134 526,130 526,129 525,129 524,128 513,128 512,128 512,123 511,121 491,121 490,121 490,117 490,116 475,116 473,118 473,122 419,122 418,122 418,117 418,116 415,116 414,117 414,122 378,122 377,121 347,121 346,122 311,122 309,124 283,124 281,122 273,122 272,122 272,118 271,117 271,116 271,115 255,115 254,116 252,116 249,119 249,120 248,121 223,121 222,122 178,122 177,122 177,117 177,116 159,116 158,115 156,115 155,116 132,116 131,117 105,117 103,119 103,134 105,135 120,135 121,134 289,134 289,135 289,138 290,138 313,138 313,139 313,140 315,141"/><TextEquiv index="1"><Unicode>Induſtria mea ſols, quam prdam vides,</Unicode></TextEquiv></TextLine><TextLine id="r0_l006"><Coords points="168,167 170,167 170,165 172,163 172,160 173,159 218,159 219,160 220,160 220,161 220,163 222,164 224,164 225,163 226,163 229,160 257,160 258,159 290,159 291,160 292,160 293,159 331,159 332,160 365,160 365,161 365,166 366,166 370,166 371,165 371,164 372,163 380,163 417,163 417,164 417,165 418,165 419,165 420,166 422,166 423,165 424,165 424,160 425,159 497,159 497,160 497,165 499,166 503,166 504,165 504,161 505,160 532,160 532,161 532,163 534,164 537,164 538,163 539,163 540,162 541,162 544,159 544,155 544,154 542,154 541,153 527,153 526,153 526,149 525,147 523,147 522,146 516,146 515,146 515,143 515,142 512,142 511,143 511,147 447,147 446,146 443,146 442,147 416,147 414,149 388,149 386,147 355,147 354,146 349,146 348,147 304,147 303,146 302,146 301,147 263,147 260,145 260,144 260,143 259,143 258,142 257,142 256,141 212,141 211,140 207,140 205,142 205,144 204,145 204,146 178,146 177,146 177,143 177,142 148,142 147,142 147,141 147,140 140,140 139,141 138,141 137,142 114,142 113,143 110,143 107,146 107,147 106,148 106,149 105,150 105,154 106,155 106,157 110,160 114,160 115,161 117,161 118,160 121,160 122,159 160,159 160,160 160,164 162,165 164,165 165,166 167,166 168,167"/><TextEquiv index="1"><Unicode>Collegit. oſ. Omnes nempe, qnos eœpit,</Unicode></TextEquiv></TextLine><TextLine id="r0_l007"><Coords points="133,185 134,185 135,184 171,184 171,182 170,181 170,170 171,169 171,168 171,167 167,167 166,168 166,172 145,172 144,172 144,169 143,167 142,167 141,166 133,166 131,168 131,169 132,170 132,182 131,183 131,184 133,185"/><TextEquiv index="1"><Unicode>Pari</Unicode></TextEquiv></TextLine><TextLine id="r0_l008"><Coords points="441,216 443,216 444,215 445,215 445,210 446,209 525,209 526,210 541,210 542,209 542,194 540,191 537,191 535,193 535,197 502,197 501,196 500,196 499,197 468,197 467,196 408,196 407,196 407,192 407,191 370,191 369,190 368,190 367,191 365,191 363,193 363,199 361,201 335,201 334,201 334,200 333,199 333,198 333,197 332,197 331,196 293,196 292,196 292,192 292,191 273,191 272,192 245,192 244,191 241,191 239,193 239,196 226,196 225,195 223,195 222,196 174,196 173,197 121,197 120,197 120,196 119,195 119,194 118,192 117,192 116,191 107,191 106,192 106,209 108,210 113,210 114,209 171,209 172,210 183,210 184,209 340,209 340,210 340,212 341,212 343,212 346,209 438,209 438,210 438,215 439,215 440,215 441,216"/><TextEquiv index="1"><Unicode>Peccaernt i Admo, &amp; hinc pœnas rei</Unicode></TextEquiv></TextLine><TextLine id="r0_l009"><Coords points="106,216 106,236 373,236 373,216 106,216"/><TextEquiv index="1"><Unicode>Dedere curioſitati debitas.</Unicode></TextEquiv></TextLine><TextLine id="r0_l010"><Coords points="82,241 82,264 542,264 542,241 82,241"/><TextEquiv index="1"><Unicode>Heribertus. Fortns, ſie induſtria tibi Vnl-</Unicode></TextEquiv></TextLine><TextLine id="r0_l011"><Coords points="131,267 131,292 174,292 174,267 131,267"/><TextEquiv index="1"><Unicode>pule</Unicode></TextEquiv></TextLine><TextLine id="r0_l012"><Coords points="320,315 324,315 325,314 325,310 326,309 373,309 373,310 373,313 374,313 377,313 377,312 378,311 378,310 379,309 535,309 536,310 539,310 539,308 538,307 538,300 536,297 479,297 478,296 458,296 457,296 457,292 457,291 456,291 455,290 454,291 442,291 441,292 441,296 406,296 405,295 404,295 403,296 377,296 376,295 375,295 374,296 337,296 336,296 336,292 336,291 333,291 331,293 331,296 277,296 276,297 224,297 223,297 223,292 222,290 220,290 218,292 218,296 173,296 172,296 172,293 171,291 170,292 107,292 106,293 106,309 108,310 156,310 157,309 178,309 243,309 244,310 245,309 271,309 272,310 274,310 275,309 319,309 319,310 319,315 320,315"/><TextEquiv index="1"><Unicode>Dederit volueru opiam, at nobis tamen</Unicode></TextEquiv></TextLine><TextLine id="r0_l013"><Coords points="106,316 106,342 540,342 540,316 106,316"/><TextEquiv index="1"><Unicode>Præda obtigit felicios. Cerv. Quenan, ob-</Unicode></TextEquiv></TextLine><TextLine id="r0_l014"><Coords points="132,342 132,361 191,361 191,342 132,342"/><TextEquiv index="1"><Unicode>ſeerol</Unicode></TextEquiv></TextLine><TextLine id="r0_l015"><Coords points="107,366 107,392 527,392 527,366 107,366"/><TextEquiv index="1"><Unicode>Vulpésne, vel lepuſculus, vel Hinnulus</Unicode></TextEquiv></TextLine><TextLine id="r0_l016"><Coords points="83,392 83,417 526,417 526,392 83,392"/><TextEquiv index="1"><Unicode>Vul. O curioſnml non potes moram pati,</Unicode></TextEquiv></TextLine><TextLine id="r0_l017"><Coords points="107,418 107,441 525,441 525,418 107,418"/><TextEquiv index="1"><Unicode>Hæe donece ipſe Dominus enarret comes?</Unicode></TextEquiv></TextLine><TextLine id="r0_l018"><Coords points="81,441 81,468 539,468 539,441 81,441"/><TextEquiv index="1"><Unicode>Herib. Eſt pæda Vulpe, aut lepore, vel cervo</Unicode></TextEquiv></TextLine><TextLine id="r0_l019"><Coords points="132,468 132,489 201,489 201,468 132,468"/><TextEquiv index="1"><Unicode>minor;</Unicode></TextEquiv></TextLine><TextLine id="r0_l020"><Coords points="106,491 106,517 457,517 457,491 106,491"/><TextEquiv index="1"><Unicode>Sed raritate pſtat omnibus feris.</Unicode></TextEquiv></TextLine><TextLine id="r0_l021"><Coords points="266,541 270,541 270,536 271,535 314,535 315,534 327,534 407,534 408,535 415,535 416,534 481,534 482,535 512,535 515,532 515,528 514,527 514,525 514,524 513,524 512,523 503,523 502,523 502,519 501,517 500,517 499,516 496,519 496,522 415,522 414,521 413,521 412,522 360,522 359,522 359,518 358,516 357,516 355,518 355,522 315,522 314,522 314,520 315,519 314,517 313,517 311,519 311,522 300,522 299,523 241,523 240,522 214,522 213,522 213,518 213,517 211,517 210,518 210,522 197,522 196,523 164,523 163,522 145,522 144,522 144,520 145,519 145,518 145,517 139,517 138,518 98,518 97,517 85,517 84,518 84,531 81,534 81,537 82,537 104,537 104,538 104,540 106,541 108,541 109,540 110,540 111,539 111,538 112,537 127,537 129,535 153,535 265,535 265,536 265,541 266,541"/><TextEquiv index="1"><Unicode>Euſt. Inter viretn proxims inventnm modo</Unicode></TextEquiv></TextLine><TextLine id="r0_l022"><Coords points="504,568 505,568 505,567 506,566 511,566 511,561 512,560 536,560 537,559 536,558 536,557 535,556 535,543 535,542 519,542 518,543 473,543 472,543 472,542 472,541 439,541 438,542 438,547 437,548 405,548 404,547 389,547 388,547 388,543 387,541 363,541 362,540 361,540 359,542 307,542 306,543 306,548 252,548 251,547 250,548 176,548 175,548 175,547 175,546 174,547 136,547 135,547 135,543 135,542 133,542 132,543 106,543 105,544 105,561 106,561 125,561 126,560 217,560 218,561 219,560 333,560 334,559 404,559 405,560 417,560 419,562 420,562 422,560 453,560 453,561 453,565 454,565 458,565 459,564 460,564 460,563 461,562 493,562 494,563 495,563 496,564 498,564 499,565 502,565 503,566 504,566 504,567 504,568"/><TextEquiv index="1"><Unicode>In hac tenemus arcula incluſum. oſ. Quid</Unicode></TextEquiv></TextLine><TextLine id="r0_l023"><Coords points="127,568 127,586 162,586 162,568 127,568"/><TextEquiv index="1"><Unicode>hae</Unicode></TextEquiv></TextLine><TextLine id="r0_l024"><Coords points="94,591 94,617 537,617 537,591 94,591"/><TextEquiv index="1"><Unicode>Clauſum tenetis areula Herib. Quid Vul-</Unicode></TextEquiv></TextLine><TextLine id="r0_l025"><Coords points="131,617 131,643 174,643 174,617 131,617"/><TextEquiv index="1"><Unicode>pule</Unicode></TextEquiv></TextLine><TextLine id="r0_l026"><Coords points="501,668 574,668 574,663 574,662 512,662 511,662 511,661 512,660 532,660 533,659 534,659 534,653 535,652 534,651 534,650 533,648 521,648 520,647 507,647 506,646 457,646 456,646 456,642 456,641 252,641 251,642 107,642 105,644 105,645 104,646 104,661 106,662 110,662 111,661 295,661 295,662 295,667 296,667 300,667 301,666 301,662 302,661 499,661 499,662 499,664 500,665 500,668 501,668"/><TextEquiv index="1"><Unicode>Latere credis Vuip. curioſus non ſnm ego:</Unicode></TextEquiv></TextLine><TextLine id="r0_l027"><Coords points="446,688 448,689 449,688 450,688 451,687 452,687 452,686 453,685 500,685 501,684 505,684 505,670 505,669 504,669 503,668 500,668 498,670 498,673 470,673 469,672 468,673 440,673 439,672 438,672 437,673 393,673 392,673 392,668 392,667 366,667 365,668 354,668 352,670 352,672 318,672 317,672 317,667 317,666 314,666 313,667 313,673 271,673 270,673 270,671 268,668 264,668 263,667 260,667 259,668 258,668 257,669 256,669 255,670 255,671 254,672 254,673 235,673 234,674 223,674 221,676 221,679 195,679 194,679 194,675 193,673 173,673 172,673 172,668 172,667 171,668 142,668 141,669 141,673 116,673 115,673 115,672 113,669 110,672 110,674 109,675 109,676 107,678 107,679 106,680 106,681 103,684 103,685 105,686 130,686 131,685 200,685 200,686 200,689 201,689 202,689 203,688 204,688 207,685 261,685 262,686 266,686 267,685 446,685 446,686 446,688"/><TextEquiv index="1"><Unicode>An IIrlus, an Camelus hic lateut, meã</Unicode></TextEquiv></TextLine><TextLine id="r0_l028"><Coords points="573,721 574,721 574,690 574,689 573,690 573,691 572,692 297,692 296,691 295,691 294,690 293,691 247,691 246,692 104,692 101,695 101,696 102,697 102,711 103,711 428,711 428,712 428,716 430,717 572,717 572,718 572,721 573,721"/><TextEquiv index="1"><Unicode>Non intereſt. Herib. Vidiſtin aliquando an-</Unicode></TextEquiv></TextLine><TextLine id="r0_l029"><Coords points="130,718 130,737 171,737 171,718 130,718"/><TextEquiv index="1"><Unicode>ſeris</Unicode></TextEquiv></TextLine><TextLine id="r0_l030"><Coords points="575,768 575,741 105,741 105,768 575,768"/><TextEquiv index="1"><Unicode>Oum Vulp. anſeris Cerο. diu nque pa-</Unicode></TextEquiv></TextLine><TextLine id="r0_l031"><Coords points="155,790 179,794 180,793 287,793 287,792 180,792 179,792 179,790 180,789 258,789 259,788 260,788 261,787 261,786 262,785 262,783 261,782 261,781 260,779 251,779 250,779 250,775 249,773 215,773 214,773 214,769 214,768 169,768 168,767 156,767 155,768 146,768 145,769 145,773 131,773 130,774 130,775 131,776 131,777 132,778 132,779 134,781 134,783 135,784 135,785 137,786 155,786 155,787 155,790"/><TextEquiv index="1"><Unicode>viſti anſeres,</Unicode></TextEquiv></TextLine><TextLine id="r0_l032"><Coords points="361,818 420,818 421,817 573,817 573,800 572,799 572,794 572,793 503,793 502,792 106,792 104,794 104,795 105,796 105,811 106,811 340,811 340,812 340,815 341,815 360,815 360,816 360,818 361,818"/><TextEquiv index="1"><Unicode>Et anſerum ova videris, plus quàm ſatis.</Unicode></TextEquiv></TextLine><TextLine id="r0_l033"><Coords points="572,843 573,844 573,818 573,817 572,818 572,823 309,823 308,823 308,820 307,818 288,818 287,817 209,817 208,816 88,816 87,815 85,817 85,826 83,828 83,830 81,832 81,836 82,836 115,836 115,837 115,841 117,842 120,842 121,841 121,840 122,839 429,839 429,840 429,843 430,843 572,843"/><TextEquiv index="1"><Unicode>Vuip, Fortaſſe vidi; ſed tamen nunquam er</Unicode></TextEquiv></TextLine><TextLine id="r0_l034"><Coords points="268,868 449,868 450,867 451,867 451,865 452,864 572,864 573,863 573,845 573,844 512,844 511,843 492,843 491,842 279,842 278,841 264,841 263,842 113,842 112,843 106,843 105,844 105,858 104,859 104,860 105,860 120,860 121,861 267,861 267,862 267,868 268,868"/><TextEquiv index="1"><Unicode>Ex eurioſitate. Herib. Numa &amp; Vulpanſeris</Unicode></TextEquiv></TextLine><TextLine id="r0_l035"><Coords points="571,899 572,899 572,880 573,879 573,873 572,871 522,871 521,871 521,870 520,868 264,868 263,867 116,867 115,866 113,866 112,867 110,867 109,868 108,868 104,872 104,874 103,875 103,878 104,879 104,881 105,882 105,883 106,884 106,885 107,885 111,885 112,886 276,886 276,887 276,892 277,892 393,892 394,893 571,893 571,894 571,899"/><TextEquiv index="1"><Unicode>Ovum recens aliquando conſpectum tibi</Unicode></TextEquiv></TextLine><TextLine id="r0_l036"><Coords points="480,901 480,928 574,928 574,901 480,901"/><TextEquiv index="1"><Unicode>Vulp.</Unicode></TextEquiv></TextLine></TextRegion></Page></PcGts>