574 958
170 22 348 53 a 0)
458 30 482 49 75
1 54 484 86 l Ad Areulam hanc eſt onlla, quam ſolus tenes.
1 83 484 110 Aperi ergo. ulp. Non licet.Comes gra viſſime
1 106 487 136 Prohibuit ho. Gans. Quid inde t nemo nos
1 131 141 158 iο videt,
1 156 483 184 Prodétve. Vulp. Sit, quòd πemo pos por-
81 182 192 206 dat tamen
1 205 467 235 Fidels ego mandato Dominorum ſequor.
54 230 387 253 Tu Ganſerelle curioſus es nimis.
1 254 472 283 Gans. Su curioſus, fateor, & Vulpanſeris
2 281 472 307 Ovum oiſi monſtraveris, dicam omnibus,
1 305 483 333 2 Quod negligenter Arculam hane ſervaveris,
1 331 464 356 Dum paſſus illam es abripi à ſurunculis.
1 356 448 382 Quin plura dicam de Italis pueris mihi
54 381 485 406 Iam nota. Vulp. Quæſo, obteſtor l Gans.
83 406 247 430 Ergo ovum cito
1 427 486 456 Oſteτde. Vulp. Gaulerelle, πi fratereule,
57 455 474 483 Majus aliquid præſtabo. Scis, qua gratia
1 479 486 506 Apud Heribertum polleam: quidquid peto,
58 505 531 532 AComite fecilis impetro. In bonum tuum
57 529 440 554 Authoritate hac utar, efficiam brevi,
1 553 413 581 It paſcuis extractus exemplo meo
60 579 431 606 Ex anſerum cuſtode Ephebus fulgeas
1 598 474 630 Secundusà me in arce, & uno Vulpulo
33 629 487 652 Sit Ganſerellus inferior. Gans. hoc ſ mihi
59 654 428 680 Præſtiteris, altum ſpondeo ſilentium.
1 679 487 705 Sed bene eaveto, ne datam frangas fidem.
156 729 369 764 Scena Septima.
179 773 344 802 Vulpulus ſolus.
59 807 428 832 Quàm varia fata me rotaot uua die
1 832 489 860 Quas conjicit in anguſtias ovum unicum
60 857 435 882 Vulpanſeris l jum cautius cuſtodiam,
462 885 491 904 Ne
