566 959
161 26 343 56 0 &8
453 26 520 43 t
39 59 478 86 Amygdalum l ecce Iamygdalum dulciſſimum,
1 85 487 112 3 Deſcendel vel transfigo te ſclopo meo.
1 111 477 135 Deſcende chara avieula, repete ciſtulam.--
47 136 478 161 Procul avolat. Vahl beſtiaI pecusl belluaI
1 161 445 187 t unguibus te laceret accipitet ferox,
48 186 509 211 Inoqne tracto devoret. Redi, obſecro
46 209 424 230 Aviculal ah chariſſima mihi aviculal
1 234 466 261 2 O beſtiaI pecusI bellual abſceſſit redux
1 255 447 285 . Non veniet, & ego cptus hreo dolis
1 286 479 312 Luſus nefandisl quid ſodales t quid Comes
1 311 467 336 Sum perditus, eo, proxima hac ex arbore
1 335 453 361 Suſpendo me. Valeto cum ſociis Comes,
150 382 358 421 Pars CILa
252 386 348 410 YA
114 439 341 477 Scena Prima.
1 483 463 514 Perſonæ. Vulpulus, Ganſerellus.
1 521 519 554 Gns. Mecum mei parentis ingredere domut
1 547 397 574 Aueeps peritus alitum tutmas alit,
1 570 480 599 Et generis omnis. Poteris ex his omnibus
2 600 483 629 Eligere, quod placuerit. Vulp. Hinc me
79 630 151 654 longius
1 637 480 679 Diſcedere vetat, qui brevi hic aderit Coσes.
53 676 414 703 Tu poſtulatam aiculam defer mihi
55 705 481 733 Acanthiden. Notãſti& bene Gant. quam
1 733 161 758 8 optime:
55 754 481 782 Acanthiden optas, & quidem vivam. ulp.
78 785 126 802 citus
1 809 455 835 Talem affer, & citiſſime. Dignum tua
57 835 483 858 luduſtria à me Præmium, & landem feres.
1 863 470 892 ] Gans. Eróne Ephebus proximus gradu tibi?
430 888 481 913 Vulp.
