1188 1984
356 133 912 177 Acrus PIMts. 95
87 208 960 262 Obiiciat animo. Quid quod & ſocios habentt
89 260 963 322 Comitatur ambosDucibus haudimparcohors,
97 308 872 364 ſinoris expers, impigia, & fidens ſibi,
89 359 761 414 Indocilis æqui, cuus iniidiis fides
92 409 829 453 Aliena nutat. Perdito in rerum ſtatu
87 457 822 512 Res eſt pericli plena, ſi voveam Dceo
91 508 817 560 Tam dira capita.Siſecus, blanduspuer,
94 560 965 612 Minimusque natu, quo Soror tua me patrem
92 607 831 661 Fecit, parentum dulce delicium, mei
93 653 965 711 Spes una regui, cælus occumbet. Malum hoc
93 705 818 761 P,rohibete Superi: tuque conſiliis rege
96 755 932 806 Mentem labantem, ſi vigil regni, & meæ
92 801 869 854 Studes ſalui, plurimum ut certe ſtudes.
416 897 663 938 SAPHA.
98 947 945 1009 , Eſt prima Regum cura populorum ſalus:
97 1002 893 1059 ,,Hanc qui tueri negligit. nomen gerit
99 1050 949 1107 ,,Inane Regis. Quod petit regni bonum,
102 1098 843 1156 Exeqnere citius, victor intrepidus tui,
103 1143 951 1205 Patriique amoris: nullus hanc palmam tibi
101 1195 974 1255 Præripiet hoſtis: quin brevi llacidas premes,
103 1244 1059 1303 Vicemnque reddes.,, Non diu infelix iacct
104 1290 910 1351 ,Virtus, nec illam patitur abjectam diu
107 1346 957 1399 ,Provida Deorum cura. Non igitur uos
106 1390 923 1445 Inflectat xor, non amor ſenſus: decor
108 1442 983 1499 Non pucri, & ætas mollis, aut primo vigens
109 1489 876 1551 Virtus in ævo gratior: prompte cadat
108 1537 892 1599 Innocua Dagoni hoſtia: hc lapſu ſuo
109 1585 930 1642 Pronum in ruinam reparet imperii decus.
107 1637 987 1700 Adeo pucllum licet amem, ut nemo magis,
109 1691 911 1751 Ego ipſe jugulo vulnus inferrem, comas
539 1750 609 1794 22
