1188 1984
401 97 961 149 AcT PS 29
129 179 938 237 Patris levamen unicum ad mortem rapi?
128 228 970 287 Fratresque geminos, ſæva quos noſtri ſitis
127 279 955 338 Regni, & cruoris urit, indemnes feram?
130 327 893 376 Fatiar inultos? Ante Sol medius diem
132 375 970 435 Revehetin ortum:occidua perfundet Ihetis
133 427 1011 484 Gelidos Tiiones. Ara vos ambos manet, a)
134 476 977 533 Veſtroque capiti gladius impendet: ſed ut
135 525 964 583 Vos imparatos opprimam, & fraudi locus
135 577 984 634 Non pateat ullusi cordc conſilium premo,
135 627 1015 682 Specicmque faliam obtendo, Quinipſumjuvat
138 673 956 732 Decipere pueri Avunculum, exemplo ſuo
137 726 891 779 t Vir, ſevera cuius ingenium imbuit
140 771 1016 827 Moresque virtus, plebem in errorem trahat.
141 826 1017 879 lroh pudorlld etiam cumulat ærumnas meas,
139 870 967 933 Tegere quod iram cogor, ac tacitos dolos
140 929 922 980 Verſare mente, At eccc grellus huc puer
143 980 492 1021 Anhelus infert...
367 1159 796 1219 SCENA III.
249 1286 924 1344 SENNACHERIB, ASAR.
152 1400 1028 1468 Aſar paratum ſe offert ad mortem pro âegui
209 1459 1028 1522 incolumitate obeundam. Ct vcro falſus de
211 1518 1026 1584 illius morte apud vulgus rumor increbreſcat,
162 1683 1130 1731 2 CV Câ e C CV Q C
207 1727 774 1785 a Apoſrophe adfilios abſente.
