1000 1743
262 66 400 142 PRO
544 66 623 142 OG
708 66 786 142 US.

132 124 199 187 Quos
219 124 302 187 lætus
323 124 442 187 habeat,
473 124 519 187 non
550 124 633 187 lucri,
664 124 685 187 at
711 124 814 187 palmæ

240 194 365 233 indices,

131 246 198 297 Quos
222 246 314 297 victus
347 246 420 297 æquo
444 246 574 297 perditos
593 246 694 297 animo
713 246 795 297 ferat.

110 308 202 362 Nunc
235 308 318 362 menſa
347 308 448 362 recipit
472 308 574 362 perfida
603 308 758 362 immenſas
787 308 864 362 opes,

136 361 198 412 Quas
218 361 290 412 lueri
309 361 410 412 amore
434 361 555 412 prodiga
579 361 713 412 immirtit
747 361 848 412 manus.

135 422 194 481 Urnâ
215 422 331 481 ſritillus
358 422 485 481 qualibet
511 422 670 481 damnoſior

127 486 211 530 Verſat
244 486 393 530 domorum
425 486 472 530 fata
504 486 658 530 erepitanti
690 486 779 530 manu,

116 536 245 597 Ipſasque
270 536 310 597 tali
340 536 424 597 jactus
454 536 548 597 evertit
578 536 693 597 domos.

162 627 257 679 Fatalis
277 627 362 679 hujus
391 627 491 679 grande
521 627 725 679 documentum
755 627 820 679 aleæ

115 684 129 735 In
166 684 273 735 Juvene
306 684 403 735 miſero
427 684 575 735 ponimus.
636 684 766 735 Poterant
794 684 854 735 viri,

111 747 260 812 Senesque
278 747 413 812 poterant
437 747 488 812 hoc
516 747 585 812 idem
623 747 781 812 exemplum
823 747 897 812 dare,

113 797 181 850 Nam
209 797 282 850 ludit
315 797 368 850 ætas
397 797 503 850 omnis,
541 797 560 850 &
584 797 652 850 ludo
676 797 757 850 perit.

123 862 216 915 Verùm
249 862 393 915 Juventam
435 862 523 915 meliùs
551 862 658 915 erudiet
686 862 733 915 ſuo

117 920 232 967 Juvenis
257 920 372 967 periclo.
422 920 552 967 Quisquis
582 920 602 967 es
627 920 672 967 vir,
707 920 742 967 ſeu
772 920 872 967 ſenex,

127 979 185 1032 Caſti
204 979 228 1032 ac
253 979 340 1032 ſeveri
364 979 441 1032 quem
465 979 538 1032 bene
567 979 711 1032 oblectant
736 979 803 1032 joci,

123 1035 195 1078 Caſto
216 1035 242 1078 ac
262 1035 376 1078 ſevero,
412 1035 422 1078 ſi
448 1035 541 1078 vacat,
567 1035 634 1078 ludo
660 1035 732 1078 fave.

449 1156 449 1190 r

481 1261 544 1304 XXXX
601 1261 645 1304 XX.

12 1689 12 1741 l
