1000 1743
450 65 655 93 TTI
206 77 717 110 DRAMA- C LLCM.
840 89 872 116 3
381 136 564 172 CHRYS.
102 160 460 205 Vah! juvenem perditum!
382 204 562 233 CLEOB.
103 239 440 272 Illius ſauè dolenda ſors.
381 278 563 306 CHRYS.
77 309 798 351 Dic illius culpam omni ſupplicio dignam. e
386 352 563 378 CLEOB.
44 384 912 424 Quod in prædones inciderit, non culpa, ſed caſus fuit.
332 420 589 460 CHRYS.
110 458 873 498 Tuillum, credo, velis defendere. No intelligis, quid
19 489 311 538 narret Parmeno?
416 534 530 561 PAR.
77 559 877 608 Vera certè narravi, in prædones incidit, prædonibus
19 597 300 654 præda factus eſt.
327 648 604 672 CLEOB.
106 676 840 717 Hoc cuivis poteſt accidere, hoc mihi, hoc tibi.
345 715 583 752 PAR. à parte.
103 741 471 780 Non item mihi: nam...
383 790 562 816 CHRYS.
109 814 890 861 Omitte, Cleobule, factum excuſare peſſimum, id ne-
20 850 871 898 que poſtulat quæ tibi cum illo intercedit amicitia, neque
21 892 203 934 cognatio.
381 933 610 962 CLEOB.
109 965 871 1007 Si quid malè geſſit, nolim excuſare quidem, ſed neque
22 996 725 1041 accuſare velim, ſi quid fortunâ & caſu accidit.
418 1045 529 1071 PAR.
109 1074 783 1114 Optimè tu, nam ſolo fortunæ crimine eſt miſer.
142 1111 799 1150 CHRYS. ſedens, ſtante ad dexteram Cleobulo.
63 1145 870 1186 Heu me infortunatum patrem, & infelicem patruum!
23 1166 871 1225 Pater fui; gnatus mihi obtigit unicus, unicè dilectus; pra-
24 1215 885 1259 vis ſodalitatibus ſeſe applicuit: fruſtra revocavi. Volupta-
24 1249 871 1293 tibus ſe dedit, animi & corporis vires miſerè afflixit, brevi
25 1287 936 1335 occidit, ætate fermè puer, jam flagitiis ſenex. Onate!...
25 1317 888 1369 juſtis da veniam lacrymis,.... Illo extincto in filium fratris
25 1361 889 1406 demortni amorem totum tranſtuli meum, hunc habui pro
25 1391 667 1441 filio, educavi pro meo, mavi, dilexi...
227 1436 770 1474 CLEOP. Chryſorii ſedili innixus.
36 1463 871 1515 Et certè amiari dignus fuit, ingenio, naturâà, indole.
27 1497 481 1550 Pudore, comitate, ſuavitate.
10 1688 115 1741 -
810 1716 921 1741 name e
