<PcGts xmlns="http://schema.primaresearch.org/PAGE/gts/pagecontent/2019-07-15" xmlns:xsi="http://www.w3.org/2001/XMLSchema-instance" xsi:schemaLocation="http://schema.primaresearch.org/PAGE/gts/pagecontent/2019-07-15 http://schema.primaresearch.org/PAGE/gts/pagecontent/2019-07-15/pagecontent.xsd">
  <Metadata>
    <Creator>OCR4all</Creator>
    <Created>2022-01-21T16:17:16</Created>
    <LastChange>2022-01-21T16:17:16</LastChange>
  </Metadata>
  <Page imageFilename="0023.png" imageHeight="1743" imageWidth="1000">
    <TextRegion id="r0" type="paragraph" orientation="-0.375">
      <Coords points="1,1 998,1 998,1741 1,1741"/>
      <TextLine id="r0_l001">
        <Coords points="552,93 553,92 633,93 634,92 652,92 652,91 652,88 653,87 653,86 654,85 654,82 655,82 655,81 654,79 644,79 643,78 606,78 605,79 470,78 469,77 469,65 468,65 468,77 468,78 461,78 460,79 459,79 457,80 457,81 457,82 451,82 450,82 450,84 451,85 452,85 452,90 454,92 486,92 487,93 552,93"/>
        <Word id="w2706">
          <Coords points="575,65 645,65 645,93 575,93"/>
          <Glyph id="w2706g0">
            <Coords points="575,65 632,65 632,93 575,93"/>
            <TextEquiv index="1" conf="0.6502495408058167">
              <Unicode>T</Unicode>
            </TextEquiv>
          </Glyph>
          <Glyph id="w2706g1">
            <Coords points="632,65 645,65 645,93 632,93"/>
            <TextEquiv index="1" conf="0.4469187902286649">
              <Unicode>T</Unicode>
            </TextEquiv>
          </Glyph>
          <TextEquiv index="1" conf="0.29060873812368043">
            <Unicode>TT</Unicode>
          </TextEquiv>
        </Word>
        <TextEquiv index="1" conf="0.5485841655172408">
          <Unicode>TT</Unicode>
        </TextEquiv>
      </TextLine>
      <TextLine id="r0_l002">
        <Coords points="607,110 608,109 608,105 610,104 637,104 638,105 644,105 645,104 655,104 671,104 672,105 717,105 717,104 716,103 716,100 714,97 703,97 702,97 702,80 701,78 683,78 682,77 675,77 672,80 672,92 634,92 633,93 631,93 630,93 630,96 630,97 602,97 601,96 601,93 575,92 574,93 487,93 486,93 486,96 486,97 458,97 457,96 457,92 454,92 453,91 452,92 403,91 402,91 402,80 400,77 399,78 322,78 321,77 317,80 317,81 313,85 313,86 312,87 312,88 310,90 310,91 310,92 309,92 308,92 308,93 307,95 287,95 286,94 286,85 285,84 285,81 283,79 279,79 278,78 273,78 272,78 271,78 270,79 269,79 268,80 243,80 242,79 241,79 240,78 230,78 229,77 227,77 224,80 224,94 207,94 206,95 207,95 221,95 221,96 221,104 223,105 233,105 234,104 264,104 264,105 264,106 266,106 268,105 285,106 287,104 320,104 321,105 322,104 336,104 351,104 352,105 386,105 387,104 401,104 402,103 402,101 403,100 423,100 425,98 453,99 453,101 456,104 457,104 458,105 466,105 467,104 492,104 493,105 524,105 525,104 576,104 577,105 578,104 607,105 607,109 607,110"/>
        <Word id="w2707">
          <Coords points="239,77 398,77 398,110 239,110"/>
          <Glyph id="w2707g0">
            <Coords points="239,77 248,77 248,110 239,110"/>
            <TextEquiv index="1" conf="0.9996669590473175">
              <Unicode>D</Unicode>
            </TextEquiv>
          </Glyph>
          <Glyph id="w2707g1">
            <Coords points="273,77 281,77 281,110 273,110"/>
            <TextEquiv index="1" conf="0.9789587706327438">
              <Unicode>R</Unicode>
            </TextEquiv>
          </Glyph>
          <Glyph id="w2707g2">
            <Coords points="306,77 319,77 319,110 306,110"/>
            <TextEquiv index="1" conf="0.9848294258117676">
              <Unicode>A</Unicode>
            </TextEquiv>
          </Glyph>
          <Glyph id="w2707g3">
            <Coords points="344,77 368,77 368,110 344,110"/>
            <TextEquiv index="1" conf="0.9521838426589966">
              <Unicode>M</Unicode>
            </TextEquiv>
          </Glyph>
          <Glyph id="w2707g4">
            <Coords points="385,77 398,77 398,110 385,110"/>
            <TextEquiv index="1" conf="0.9841186702251434">
              <Unicode>A</Unicode>
            </TextEquiv>
          </Glyph>
          <TextEquiv index="1" conf="0.9031274343008763">
            <Unicode>DRAMA</Unicode>
          </TextEquiv>
        </Word>
        <Word id="w2708">
          <Coords points="464,77 697,77 697,110 464,110"/>
          <Glyph id="w2708g0">
            <Coords points="464,77 464,77 464,110 464,110"/>
            <TextEquiv index="1" conf="0.9586280584335327">
              <Unicode>C</Unicode>
            </TextEquiv>
          </Glyph>
          <Glyph id="w2708g1">
            <Coords points="539,77 539,77 539,110 539,110"/>
            <TextEquiv index="1" conf="0.8701385259628296">
              <Unicode>V</Unicode>
            </TextEquiv>
          </Glyph>
          <Glyph id="w2708g2">
            <Coords points="552,77 552,77 552,110 552,110"/>
            <TextEquiv index="1" conf="0.3511539101600647">
              <Unicode>X</Unicode>
            </TextEquiv>
          </Glyph>
          <Glyph id="w2708g3">
            <Coords points="577,77 577,77 577,110 577,110"/>
            <TextEquiv index="1" conf="0.6513523459434509">
              <Unicode>I</Unicode>
            </TextEquiv>
          </Glyph>
          <Glyph id="w2708g4">
            <Coords points="697,77 697,77 697,110 697,110"/>
            <TextEquiv index="1" conf="0.9955673813819885">
              <Unicode>M</Unicode>
            </TextEquiv>
          </Glyph>
          <TextEquiv index="1" conf="0.18994273341149778">
            <Unicode>CVXIM</Unicode>
          </TextEquiv>
        </Word>
        <TextEquiv index="1" conf="0.8793957274068486">
          <Unicode>DRAMA CVXIM</Unicode>
        </TextEquiv>
      </TextLine>
      <TextLine id="r0_l003">
        <Coords points="840,116 871,116 872,89 841,89 840,116"/>
        <Word id="w2709">
          <Coords points="848,89 869,89 869,116 848,116"/>
          <Glyph id="w2709g0">
            <Coords points="848,89 852,89 852,116 848,116"/>
            <TextEquiv index="1" conf="0.8580351074536641">
              <Unicode>1</Unicode>
            </TextEquiv>
          </Glyph>
          <Glyph id="w2709g1">
            <Coords points="865,89 869,89 869,116 865,116"/>
            <TextEquiv index="1" conf="0.9651163816452026">
              <Unicode>3</Unicode>
            </TextEquiv>
          </Glyph>
          <TextEquiv index="1" conf="0.8281037382302329">
            <Unicode>13</Unicode>
          </TextEquiv>
        </Word>
        <TextEquiv index="1" conf="0.9115757445494334">
          <Unicode>13</Unicode>
        </TextEquiv>
      </TextLine>
      <TextLine id="r0_l004">
        <Coords points="551,171 551,157 551,156 561,156 563,155 563,154 564,153 564,150 562,148 558,148 558,146 557,145 547,145 547,140 545,138 543,138 542,137 475,137 474,136 434,136 433,137 423,136 422,137 400,137 399,139 399,144 398,144 381,144 381,145 381,149 382,150 382,151 383,152 383,153 384,154 385,154 386,155 389,155 390,156 548,157 549,158 549,172 551,171"/>
        <Word id="w2710">
          <Coords points="393,136 556,136 556,172 393,172"/>
          <Glyph id="w2710g0">
            <Coords points="393,136 397,136 397,172 393,172"/>
            <TextEquiv index="1" conf="0.8781173229217529">
              <Unicode>C</Unicode>
            </TextEquiv>
          </Glyph>
          <Glyph id="w2710g1">
            <Coords points="426,136 437,136 437,172 426,172"/>
            <TextEquiv index="1" conf="0.8188339024782181">
              <Unicode>H</Unicode>
            </TextEquiv>
          </Glyph>
          <Glyph id="w2710g2">
            <Coords points="466,136 473,136 473,172 466,172"/>
            <TextEquiv index="1" conf="0.9938991367816925">
              <Unicode>R</Unicode>
            </TextEquiv>
          </Glyph>
          <Glyph id="w2710g3">
            <Coords points="509,136 509,136 509,172 509,172"/>
            <TextEquiv index="1" conf="0.6065167586008707">
              <Unicode>Y</Unicode>
            </TextEquiv>
          </Glyph>
          <Glyph id="w2710g4">
            <Coords points="538,136 542,136 542,172 538,172"/>
            <TextEquiv index="1" conf="0.9995235651731491">
              <Unicode>S</Unicode>
            </TextEquiv>
          </Glyph>
          <Glyph id="w2710g5">
            <Coords points="556,136 556,136 556,172 556,172"/>
            <TextEquiv index="1" conf="0.9681109637022018">
              <Unicode>.</Unicode>
            </TextEquiv>
          </Glyph>
          <TextEquiv index="1" conf="0.41942243300851645">
            <Unicode>CHRYS.</Unicode>
          </TextEquiv>
        </Word>
        <TextEquiv index="1" conf="0.8775002749429808">
          <Unicode>CHRYS.</Unicode>
        </TextEquiv>
      </TextLine>
      <TextLine id="r0_l005">
        <Coords points="424,205 424,191 425,191 456,191 457,192 459,192 460,190 460,189 459,188 459,183 459,182 459,171 458,171 457,171 456,170 455,171 455,175 454,176 389,175 389,170 386,167 377,167 376,166 375,166 374,167 372,167 372,168 372,176 371,176 274,176 273,175 272,174 271,175 194,175 194,174 194,167 193,167 166,167 165,166 162,166 162,165 162,160 161,160 160,161 160,165 159,166 142,166 141,167 119,166 118,167 103,167 102,169 102,172 103,172 105,174 105,175 106,176 106,181 107,181 107,182 107,183 108,184 108,186 109,187 109,191 110,192 110,195 111,195 115,195 115,193 116,192 138,193 139,192 189,192 189,196 190,197 191,197 192,196 193,196 193,195 193,194 195,193 205,193 206,192 263,192 264,191 319,192 319,200 320,201 328,201 328,200 328,193 329,193 345,193 346,192 379,192 379,193 379,194 380,194 381,194 381,193 382,192 389,192 390,191 417,191 418,190 423,190 423,191 423,205 424,205"/>
        <Word id="w2711">
          <Coords points="117,160 165,160 165,205 117,205"/>
          <Glyph id="w2711g0">
            <Coords points="117,160 121,160 121,205 117,205"/>
            <TextEquiv index="1" conf="0.9746673554182053">
              <Unicode>V</Unicode>
            </TextEquiv>
          </Glyph>
          <Glyph id="w2711g1">
            <Coords points="129,160 129,160 129,205 129,205"/>
            <TextEquiv index="1" conf="0.994785487651825">
              <Unicode>a</Unicode>
            </TextEquiv>
          </Glyph>
          <Glyph id="w2711g2">
            <Coords points="141,160 145,160 145,205 141,205"/>
            <TextEquiv index="1" conf="0.8851336985826492">
              <Unicode>h</Unicode>
            </TextEquiv>
          </Glyph>
          <Glyph id="w2711g3">
            <Coords points="165,160 165,160 165,205 165,205"/>
            <TextEquiv index="1" conf="0.473330189473927">
              <Unicode>l</Unicode>
            </TextEquiv>
          </Glyph>
          <TextEquiv index="1" conf="0.40621779266832353">
            <Unicode>Vahl</Unicode>
          </TextEquiv>
        </Word>
        <Word id="w2712">
          <Coords points="193,160 293,160 293,205 193,205"/>
          <Glyph id="w2712g0">
            <Coords points="193,160 193,160 193,205 193,205"/>
            <TextEquiv index="1" conf="0.8144488483667374">
              <Unicode>j</Unicode>
            </TextEquiv>
          </Glyph>
          <Glyph id="w2712g1">
            <Coords points="201,160 201,160 201,205 201,205"/>
            <TextEquiv index="1" conf="0.9681393951177597">
              <Unicode>u</Unicode>
            </TextEquiv>
          </Glyph>
          <Glyph id="w2712g2">
            <Coords points="221,160 229,160 229,205 221,205"/>
            <TextEquiv index="1" conf="0.999887615442276">
              <Unicode>v</Unicode>
            </TextEquiv>
          </Glyph>
          <Glyph id="w2712g3">
            <Coords points="241,160 241,160 241,205 241,205"/>
            <TextEquiv index="1" conf="0.999983936548233">
              <Unicode>e</Unicode>
            </TextEquiv>
          </Glyph>
          <Glyph id="w2712g4">
            <Coords points="253,160 253,160 253,205 253,205"/>
            <TextEquiv index="1" conf="0.9996991753578186">
              <Unicode>n</Unicode>
            </TextEquiv>
          </Glyph>
          <Glyph id="w2712g5">
            <Coords points="273,160 273,160 273,205 273,205"/>
            <TextEquiv index="1" conf="0.9999851882457733">
              <Unicode>e</Unicode>
            </TextEquiv>
          </Glyph>
          <Glyph id="w2712g6">
            <Coords points="293,160 293,160 293,205 293,205"/>
            <TextEquiv index="1" conf="0.9999853372573853">
              <Unicode>m</Unicode>
            </TextEquiv>
          </Glyph>
          <TextEquiv index="1" conf="0.7881383353161974">
            <Unicode>juvenem</Unicode>
          </TextEquiv>
        </Word>
        <Word id="w2713">
          <Coords points="325,160 457,160 457,205 325,205"/>
          <Glyph id="w2713g0">
            <Coords points="325,160 325,160 325,205 325,205"/>
            <TextEquiv index="1" conf="0.9998588413000107">
              <Unicode>p</Unicode>
            </TextEquiv>
          </Glyph>
          <Glyph id="w2713g1">
            <Coords points="345,160 345,160 345,205 345,205"/>
            <TextEquiv index="1" conf="0.9997621029615402">
              <Unicode>e</Unicode>
            </TextEquiv>
          </Glyph>
          <Glyph id="w2713g2">
            <Coords points="357,160 357,160 357,205 357,205"/>
            <TextEquiv index="1" conf="0.9999242424964905">
              <Unicode>r</Unicode>
            </TextEquiv>
          </Glyph>
          <Glyph id="w2713g3">
            <Coords points="373,160 377,160 377,205 373,205"/>
            <TextEquiv index="1" conf="0.9996025115251541">
              <Unicode>d</Unicode>
            </TextEquiv>
          </Glyph>
          <Glyph id="w2713g4">
            <Coords points="385,160 389,160 389,205 385,205"/>
            <TextEquiv index="1" conf="0.9963611364364624">
              <Unicode>i</Unicode>
            </TextEquiv>
          </Glyph>
          <Glyph id="w2713g5">
            <Coords points="397,160 397,160 397,205 397,205"/>
            <TextEquiv index="1" conf="0.9991996735334396">
              <Unicode>t</Unicode>
            </TextEquiv>
          </Glyph>
          <Glyph id="w2713g6">
            <Coords points="405,160 409,160 409,205 405,205"/>
            <TextEquiv index="1" conf="0.9987050443887711">
              <Unicode>u</Unicode>
            </TextEquiv>
          </Glyph>
          <Glyph id="w2713g7">
            <Coords points="433,160 437,160 437,205 433,205"/>
            <TextEquiv index="1" conf="0.9995831251144409">
              <Unicode>m</Unicode>
            </TextEquiv>
          </Glyph>
          <Glyph id="w2713g8">
            <Coords points="457,160 457,160 457,205 457,205"/>
            <TextEquiv index="1" conf="0.737686534722646">
              <Unicode>:</Unicode>
            </TextEquiv>
          </Glyph>
          <TextEquiv index="1" conf="0.7325324637152543">
            <Unicode>perditum:</Unicode>
          </TextEquiv>
        </Word>
        <TextEquiv index="1" conf="0.947213291882001">
          <Unicode>Vahl juvenem perditum:</Unicode>
        </TextEquiv>
      </TextLine>
      <TextLine id="r0_l006">
        <Coords points="559,233 560,232 560,231 562,229 561,228 561,227 560,225 559,225 558,225 558,223 556,220 548,220 547,220 547,215 546,214 546,213 545,211 536,211 535,210 505,210 504,209 501,209 500,210 402,209 401,209 401,207 400,205 399,205 398,204 392,204 391,205 390,205 389,206 388,206 387,207 387,208 386,208 385,209 385,210 383,212 383,215 382,216 382,217 383,218 383,224 384,225 384,226 388,229 390,229 391,230 392,229 424,229 425,228 537,229 538,230 555,230 558,233 559,233"/>
        <Word id="w2714">
          <Coords points="397,204 397,204 397,233 397,233"/>
          <Glyph id="w2714g0">
            <Coords points="397,204 397,204 397,233 397,233"/>
            <TextEquiv index="1" conf="0.999910980463028">
              <Unicode>C</Unicode>
            </TextEquiv>
          </Glyph>
          <TextEquiv index="1" conf="0.999910980463028">
            <Unicode>C</Unicode>
          </TextEquiv>
        </Word>
        <Word id="w2715">
          <Coords points="433,204 508,204 508,233 433,233"/>
          <Glyph id="w2715g0">
            <Coords points="433,204 433,204 433,233 433,233"/>
            <TextEquiv index="1" conf="0.9597518295049667">
              <Unicode>L</Unicode>
            </TextEquiv>
          </Glyph>
          <Glyph id="w2715g1">
            <Coords points="464,204 468,204 468,233 464,233"/>
            <TextEquiv index="1" conf="0.978804811835289">
              <Unicode>E</Unicode>
            </TextEquiv>
          </Glyph>
          <Glyph id="w2715g2">
            <Coords points="500,204 508,204 508,233 500,233"/>
            <TextEquiv index="1" conf="0.9953335374593735">
              <Unicode>O</Unicode>
            </TextEquiv>
          </Glyph>
          <TextEquiv index="1" conf="0.9350259886703605">
            <Unicode>LEO</Unicode>
          </TextEquiv>
        </Word>
        <Word id="w2716">
          <Coords points="539,204 555,204 555,233 539,233"/>
          <Glyph id="w2716g0">
            <Coords points="539,204 543,204 543,233 539,233"/>
            <TextEquiv index="1" conf="0.9926332831382751">
              <Unicode>B</Unicode>
            </TextEquiv>
          </Glyph>
          <Glyph id="w2716g1">
            <Coords points="555,204 555,204 555,233 555,233"/>
            <TextEquiv index="1" conf="0.9944989383220673">
              <Unicode>.</Unicode>
            </TextEquiv>
          </Glyph>
          <TextEquiv index="1" conf="0.9871727462241626">
            <Unicode>B.</Unicode>
          </TextEquiv>
        </Word>
        <TextEquiv index="1" conf="0.9351185305664936">
          <Unicode>C LEO B.</Unicode>
        </TextEquiv>
      </TextLine>
      <TextLine id="r0_l007">
        <Coords points="103,270 439,272 440,241 104,239 103,270"/>
        <Word id="w2717">
          <Coords points="110,239 170,239 170,272 110,272"/>
          <Glyph id="w2717g0">
            <Coords points="110,239 110,239 110,272 110,272"/>
            <TextEquiv index="1" conf="0.9937630891799927">
              <Unicode>I</Unicode>
            </TextEquiv>
          </Glyph>
          <Glyph id="w2717g1">
            <Coords points="122,239 122,239 122,272 122,272"/>
            <TextEquiv index="1" conf="0.6422225683927536">
              <Unicode>l</Unicode>
            </TextEquiv>
          </Glyph>
          <Glyph id="w2717g2">
            <Coords points="130,239 130,239 130,272 130,272"/>
            <TextEquiv index="1" conf="0.996993824839592">
              <Unicode>l</Unicode>
            </TextEquiv>
          </Glyph>
          <Glyph id="w2717g3">
            <Coords points="138,239 142,239 142,272 138,272"/>
            <TextEquiv index="1" conf="0.9984352886676788">
              <Unicode>i</Unicode>
            </TextEquiv>
          </Glyph>
          <Glyph id="w2717g4">
            <Coords points="146,239 150,239 150,272 146,272"/>
            <TextEquiv index="1" conf="0.9992000013589859">
              <Unicode>u</Unicode>
            </TextEquiv>
          </Glyph>
          <Glyph id="w2717g5">
            <Coords points="166,239 170,239 170,272 166,272"/>
            <TextEquiv index="1" conf="0.999433770775795">
              <Unicode>s</Unicode>
            </TextEquiv>
          </Glyph>
          <TextEquiv index="1" conf="0.6344351870042826">
            <Unicode>Illius</Unicode>
          </TextEquiv>
        </Word>
        <Word id="w2718">
          <Coords points="190,239 233,239 233,272 190,272"/>
          <Glyph id="w2718g0">
            <Coords points="190,239 190,239 190,272 190,272"/>
            <TextEquiv index="1" conf="0.9963192194700241">
              <Unicode>ſ</Unicode>
            </TextEquiv>
          </Glyph>
          <Glyph id="w2718g1">
            <Coords points="194,239 198,239 198,272 194,272"/>
            <TextEquiv index="1" conf="0.9886093139648438">
              <Unicode>a</Unicode>
            </TextEquiv>
          </Glyph>
          <Glyph id="w2718g2">
            <Coords points="210,239 213,239 213,272 210,272"/>
            <TextEquiv index="1" conf="0.5107802040874958">
              <Unicode>u</Unicode>
            </TextEquiv>
          </Glyph>
          <Glyph id="w2718g3">
            <Coords points="229,239 233,239 233,272 229,272"/>
            <TextEquiv index="1" conf="0.9963793754577637">
              <Unicode>è</Unicode>
            </TextEquiv>
          </Glyph>
          <TextEquiv index="1" conf="0.5012818640416618">
            <Unicode>ſauè</Unicode>
          </TextEquiv>
        </Word>
        <Word id="w2719">
          <Coords points="257,239 352,239 352,272 257,272"/>
          <Glyph id="w2719g0">
            <Coords points="257,239 265,239 265,272 257,272"/>
            <TextEquiv index="1" conf="0.9999091923236847">
              <Unicode>d</Unicode>
            </TextEquiv>
          </Glyph>
          <Glyph id="w2719g1">
            <Coords points="277,239 281,239 281,272 277,272"/>
            <TextEquiv index="1" conf="0.999224916100502">
              <Unicode>o</Unicode>
            </TextEquiv>
          </Glyph>
          <Glyph id="w2719g2">
            <Coords points="289,239 289,239 289,272 289,272"/>
            <TextEquiv index="1" conf="0.999528706073761">
              <Unicode>l</Unicode>
            </TextEquiv>
          </Glyph>
          <Glyph id="w2719g3">
            <Coords points="301,239 305,239 305,272 301,272"/>
            <TextEquiv index="1" conf="0.999926432967186">
              <Unicode>e</Unicode>
            </TextEquiv>
          </Glyph>
          <Glyph id="w2719g4">
            <Coords points="313,239 317,239 317,272 313,272"/>
            <TextEquiv index="1" conf="0.9998669177293777">
              <Unicode>n</Unicode>
            </TextEquiv>
          </Glyph>
          <Glyph id="w2719g5">
            <Coords points="336,239 340,239 340,272 336,272"/>
            <TextEquiv index="1" conf="0.9997371286153793">
              <Unicode>d</Unicode>
            </TextEquiv>
          </Glyph>
          <Glyph id="w2719g6">
            <Coords points="348,239 352,239 352,272 348,272"/>
            <TextEquiv index="1" conf="0.9976148754358292">
              <Unicode>a</Unicode>
            </TextEquiv>
          </Glyph>
          <TextEquiv index="1" conf="0.9958136457501005">
            <Unicode>dolenda</Unicode>
          </TextEquiv>
        </Word>
        <Word id="w2720">
          <Coords points="376,239 432,239 432,272 376,272"/>
          <Glyph id="w2720g0">
            <Coords points="376,239 380,239 380,272 376,272"/>
            <TextEquiv index="1" conf="0.9995111227035522">
              <Unicode>ſ</Unicode>
            </TextEquiv>
          </Glyph>
          <Glyph id="w2720g1">
            <Coords points="392,239 396,239 396,272 392,272"/>
            <TextEquiv index="1" conf="0.9999167174100876">
              <Unicode>o</Unicode>
            </TextEquiv>
          </Glyph>
          <Glyph id="w2720g2">
            <Coords points="404,239 408,239 408,272 404,272"/>
            <TextEquiv index="1" conf="0.994236022233963">
              <Unicode>r</Unicode>
            </TextEquiv>
          </Glyph>
          <Glyph id="w2720g3">
            <Coords points="416,239 420,239 420,272 416,272"/>
            <TextEquiv index="1" conf="0.9994287639856339">
              <Unicode>s</Unicode>
            </TextEquiv>
          </Glyph>
          <Glyph id="w2720g4">
            <Coords points="428,239 432,239 432,272 428,272"/>
            <TextEquiv index="1" conf="0.9951874762773514">
              <Unicode>.</Unicode>
            </TextEquiv>
          </Glyph>
          <TextEquiv index="1" conf="0.988320266954847">
            <Unicode>ſors.</Unicode>
          </TextEquiv>
        </Word>
        <TextEquiv index="1" conf="0.9641818948090076">
          <Unicode>Illius ſauè dolenda ſors.</Unicode>
        </TextEquiv>
      </TextLine>
      <TextLine id="r0_l008">
        <Coords points="381,305 563,306 563,279 381,278 381,305"/>
        <Word id="w2721">
          <Coords points="396,278 560,278 560,306 396,306"/>
          <Glyph id="w2721g0">
            <Coords points="396,278 396,278 396,306 396,306"/>
            <TextEquiv index="1" conf="0.9999053776264191">
              <Unicode>C</Unicode>
            </TextEquiv>
          </Glyph>
          <Glyph id="w2721g1">
            <Coords points="428,278 428,278 428,306 428,306"/>
            <TextEquiv index="1" conf="0.49743708968162537">
              <Unicode>H</Unicode>
            </TextEquiv>
          </Glyph>
          <Glyph id="w2721g2">
            <Coords points="436,278 440,278 440,306 436,306"/>
            <TextEquiv index="1" conf="0.4694969356060028">
              <Unicode>H</Unicode>
            </TextEquiv>
          </Glyph>
          <Glyph id="w2721g3">
            <Coords points="468,278 476,278 476,306 468,306"/>
            <TextEquiv index="1" conf="0.9962048530578613">
              <Unicode>R</Unicode>
            </TextEquiv>
          </Glyph>
          <Glyph id="w2721g4">
            <Coords points="512,278 512,278 512,306 512,306"/>
            <TextEquiv index="1" conf="0.5026479959487915">
              <Unicode>Y</Unicode>
            </TextEquiv>
          </Glyph>
          <Glyph id="w2721g5">
            <Coords points="544,278 544,278 544,306 544,306"/>
            <TextEquiv index="1" conf="0.9971055090427399">
              <Unicode>S</Unicode>
            </TextEquiv>
          </Glyph>
          <Glyph id="w2721g6">
            <Coords points="556,278 560,278 560,306 556,306"/>
            <TextEquiv index="1" conf="0.99616938829422">
              <Unicode>.</Unicode>
            </TextEquiv>
          </Glyph>
          <TextEquiv index="1" conf="0.11614933992923952">
            <Unicode>CHHRYS.</Unicode>
          </TextEquiv>
        </Word>
        <TextEquiv index="1" conf="0.7798524498939514">
          <Unicode>CHHRYS.</Unicode>
        </TextEquiv>
      </TextLine>
      <TextLine id="r0_l009">
        <Coords points="77,347 798,351 798,313 77,309 77,347"/>
        <Word id="w2722">
          <Coords points="116,309 148,309 148,351 116,351"/>
          <Glyph id="w2722g0">
            <Coords points="116,309 124,309 124,351 116,351"/>
            <TextEquiv index="1" conf="0.9983913451433182">
              <Unicode>D</Unicode>
            </TextEquiv>
          </Glyph>
          <Glyph id="w2722g1">
            <Coords points="132,309 136,309 136,351 132,351"/>
            <TextEquiv index="1" conf="0.9979385882616043">
              <Unicode>i</Unicode>
            </TextEquiv>
          </Glyph>
          <Glyph id="w2722g2">
            <Coords points="148,309 148,309 148,351 148,351"/>
            <TextEquiv index="1" conf="0.846444234251976">
              <Unicode>c</Unicode>
            </TextEquiv>
          </Glyph>
          <TextEquiv index="1" conf="0.843340534436981">
            <Unicode>Dic</Unicode>
          </TextEquiv>
        </Word>
        <Word id="w2723">
          <Coords points="164,309 224,309 224,351 164,351"/>
          <Glyph id="w2723g0">
            <Coords points="164,309 164,309 164,351 164,351"/>
            <TextEquiv index="1" conf="0.9821728318929672">
              <Unicode>i</Unicode>
            </TextEquiv>
          </Glyph>
          <Glyph id="w2723g1">
            <Coords points="176,309 176,309 176,351 176,351"/>
            <TextEquiv index="1" conf="0.9981324970722198">
              <Unicode>l</Unicode>
            </TextEquiv>
          </Glyph>
          <Glyph id="w2723g2">
            <Coords points="184,309 184,309 184,351 184,351"/>
            <TextEquiv index="1" conf="0.9995246231555939">
              <Unicode>l</Unicode>
            </TextEquiv>
          </Glyph>
          <Glyph id="w2723g3">
            <Coords points="196,309 196,309 196,351 196,351"/>
            <TextEquiv index="1" conf="0.9992983341217041">
              <Unicode>i</Unicode>
            </TextEquiv>
          </Glyph>
          <Glyph id="w2723g4">
            <Coords points="204,309 208,309 208,351 204,351"/>
            <TextEquiv index="1" conf="0.9943505525588989">
              <Unicode>u</Unicode>
            </TextEquiv>
          </Glyph>
          <Glyph id="w2723g5">
            <Coords points="224,309 224,309 224,351 224,351"/>
            <TextEquiv index="1" conf="0.9999780058860779">
              <Unicode>s</Unicode>
            </TextEquiv>
          </Glyph>
          <TextEquiv index="1" conf="0.9736317787094584">
            <Unicode>illius</Unicode>
          </TextEquiv>
        </Word>
        <Word id="w2724">
          <Coords points="248,309 332,309 332,351 248,351"/>
          <Glyph id="w2724g0">
            <Coords points="248,309 252,309 252,351 248,351"/>
            <TextEquiv index="1" conf="0.44141650199890137">
              <Unicode>c</Unicode>
            </TextEquiv>
          </Glyph>
          <Glyph id="w2724g1">
            <Coords points="260,309 260,309 260,351 260,351"/>
            <TextEquiv index="1" conf="0.9977930039167404">
              <Unicode>u</Unicode>
            </TextEquiv>
          </Glyph>
          <Glyph id="w2724g2">
            <Coords points="276,309 276,309 276,351 276,351"/>
            <TextEquiv index="1" conf="0.9996378272771835">
              <Unicode>l</Unicode>
            </TextEquiv>
          </Glyph>
          <Glyph id="w2724g3">
            <Coords points="288,309 288,309 288,351 288,351"/>
            <TextEquiv index="1" conf="0.9998957812786102">
              <Unicode>p</Unicode>
            </TextEquiv>
          </Glyph>
          <Glyph id="w2724g4">
            <Coords points="300,309 304,309 304,351 300,351"/>
            <TextEquiv index="1" conf="0.9983968883752823">
              <Unicode>a</Unicode>
            </TextEquiv>
          </Glyph>
          <Glyph id="w2724g5">
            <Coords points="328,309 332,309 332,351 328,351"/>
            <TextEquiv index="1" conf="0.999984860420227">
              <Unicode>m</Unicode>
            </TextEquiv>
          </Glyph>
          <TextEquiv index="1" conf="0.43952449241140656">
            <Unicode>culpam</Unicode>
          </TextEquiv>
        </Word>
        <Word id="w2725">
          <Coords points="364,309 428,309 428,351 364,351"/>
          <Glyph id="w2725g0">
            <Coords points="364,309 368,309 368,351 364,351"/>
            <TextEquiv index="1" conf="0.9991535097360611">
              <Unicode>o</Unicode>
            </TextEquiv>
          </Glyph>
          <Glyph id="w2725g1">
            <Coords points="388,309 392,309 392,351 388,351"/>
            <TextEquiv index="1" conf="0.9999804496765137">
              <Unicode>m</Unicode>
            </TextEquiv>
          </Glyph>
          <Glyph id="w2725g2">
            <Coords points="408,309 408,309 408,351 408,351"/>
            <TextEquiv index="1" conf="0.9989451915025711">
              <Unicode>n</Unicode>
            </TextEquiv>
          </Glyph>
          <Glyph id="w2725g3">
            <Coords points="424,309 428,309 428,351 424,351"/>
            <TextEquiv index="1" conf="0.9998380541801453">
              <Unicode>i</Unicode>
            </TextEquiv>
          </Glyph>
          <TextEquiv index="1" conf="0.9979184460568282">
            <Unicode>omni</Unicode>
          </TextEquiv>
        </Word>
        <Word id="w2726">
          <Coords points="444,309 556,309 556,351 444,351"/>
          <Glyph id="w2726g0">
            <Coords points="444,309 444,309 444,351 444,351"/>
            <TextEquiv index="1" conf="0.9995586425065994">
              <Unicode>ſ</Unicode>
            </TextEquiv>
          </Glyph>
          <Glyph id="w2726g1">
            <Coords points="452,309 456,309 456,351 452,351"/>
            <TextEquiv index="1" conf="0.9998587369918823">
              <Unicode>u</Unicode>
            </TextEquiv>
          </Glyph>
          <Glyph id="w2726g2">
            <Coords points="472,309 476,309 476,351 472,351"/>
            <TextEquiv index="1" conf="0.9770450592041016">
              <Unicode>p</Unicode>
            </TextEquiv>
          </Glyph>
          <Glyph id="w2726g3">
            <Coords points="492,309 492,309 492,351 492,351"/>
            <TextEquiv index="1" conf="0.7634789496660233">
              <Unicode>p</Unicode>
            </TextEquiv>
          </Glyph>
          <Glyph id="w2726g4">
            <Coords points="508,309 508,309 508,351 508,351"/>
            <TextEquiv index="1" conf="0.9983270168304443">
              <Unicode>l</Unicode>
            </TextEquiv>
          </Glyph>
          <Glyph id="w2726g5">
            <Coords points="516,309 516,309 516,351 516,351"/>
            <TextEquiv index="1" conf="0.999949723482132">
              <Unicode>i</Unicode>
            </TextEquiv>
          </Glyph>
          <Glyph id="w2726g6">
            <Coords points="528,309 532,309 532,351 528,351"/>
            <TextEquiv index="1" conf="0.5487168952822685">
              <Unicode>c</Unicode>
            </TextEquiv>
          </Glyph>
          <Glyph id="w2726g7">
            <Coords points="540,309 540,309 540,351 540,351"/>
            <TextEquiv index="1" conf="0.9996429681777954">
              <Unicode>i</Unicode>
            </TextEquiv>
          </Glyph>
          <Glyph id="w2726g8">
            <Coords points="552,309 556,309 556,351 552,351"/>
            <TextEquiv index="1" conf="0.9984301775693893">
              <Unicode>o</Unicode>
            </TextEquiv>
          </Glyph>
          <TextEquiv index="1" conf="0.4075871847738951">
            <Unicode>ſupplicio</Unicode>
          </TextEquiv>
        </Word>
        <Word id="w2727">
          <Coords points="584,309 692,309 692,351 584,351"/>
          <Glyph id="w2727g0">
            <Coords points="584,309 588,309 588,351 584,351"/>
            <TextEquiv index="1" conf="0.9999915361404419">
              <Unicode>d</Unicode>
            </TextEquiv>
          </Glyph>
          <Glyph id="w2727g1">
            <Coords points="596,309 596,309 596,351 596,351"/>
            <TextEquiv index="1" conf="0.9997798651456833">
              <Unicode>i</Unicode>
            </TextEquiv>
          </Glyph>
          <Glyph id="w2727g2">
            <Coords points="612,309 616,309 616,351 612,351"/>
            <TextEquiv index="1" conf="0.9998168349266052">
              <Unicode>g</Unicode>
            </TextEquiv>
          </Glyph>
          <Glyph id="w2727g3">
            <Coords points="624,309 628,309 628,351 624,351"/>
            <TextEquiv index="1" conf="0.999867394566536">
              <Unicode>n</Unicode>
            </TextEquiv>
          </Glyph>
          <Glyph id="w2727g4">
            <Coords points="644,309 644,309 644,351 644,351"/>
            <TextEquiv index="1" conf="0.9987562596797943">
              <Unicode>a</Unicode>
            </TextEquiv>
          </Glyph>
          <Glyph id="w2727g5">
            <Coords points="668,309 668,309 668,351 668,351"/>
            <TextEquiv index="1" conf="0.9999065697193146">
              <Unicode>m</Unicode>
            </TextEquiv>
          </Glyph>
          <Glyph id="w2727g6">
            <Coords points="688,309 692,309 692,351 688,351"/>
            <TextEquiv index="1" conf="0.8755535334348679">
              <Unicode>.</Unicode>
            </TextEquiv>
          </Glyph>
          <TextEquiv index="1" conf="0.8739069695889172">
            <Unicode>dignam.</Unicode>
          </TextEquiv>
        </Word>
        <TextEquiv index="1" conf="0.9535333213161646">
          <Unicode>Dic illius culpam omni ſupplicio dignam. </Unicode>
        </TextEquiv>
      </TextLine>
      <TextLine id="r0_l010">
        <Coords points="386,377 563,378 563,353 386,352 386,377"/>
        <Word id="w2728">
          <Coords points="396,352 400,352 400,378 396,378"/>
          <Glyph id="w2728g0">
            <Coords points="396,352 400,352 400,378 396,378"/>
            <TextEquiv index="1" conf="0.9998346269130707">
              <Unicode>C</Unicode>
            </TextEquiv>
          </Glyph>
          <TextEquiv index="1" conf="0.9998346269130707">
            <Unicode>C</Unicode>
          </TextEquiv>
        </Word>
        <Word id="w2729">
          <Coords points="430,352 511,352 511,378 430,378"/>
          <Glyph id="w2729g0">
            <Coords points="430,352 434,352 434,378 430,378"/>
            <TextEquiv index="1" conf="0.4834923317830544">
              <Unicode>L</Unicode>
            </TextEquiv>
          </Glyph>
          <Glyph id="w2729g1">
            <Coords points="434,352 434,352 434,378 434,378"/>
            <TextEquiv index="1" conf="0.48301514983177185">
              <Unicode>L</Unicode>
            </TextEquiv>
          </Glyph>
          <Glyph id="w2729g2">
            <Coords points="469,352 472,352 472,378 469,378"/>
            <TextEquiv index="1" conf="0.9726385623216629">
              <Unicode>E</Unicode>
            </TextEquiv>
          </Glyph>
          <Glyph id="w2729g3">
            <Coords points="503,352 511,352 511,378 503,378"/>
            <TextEquiv index="1" conf="0.9943137168884277">
              <Unicode>O</Unicode>
            </TextEquiv>
          </Glyph>
          <TextEquiv index="1" conf="0.22585268502881134">
            <Unicode>LLEO</Unicode>
          </TextEquiv>
        </Word>
        <Word id="w2730">
          <Coords points="541,352 556,352 556,378 541,378"/>
          <Glyph id="w2730g0">
            <Coords points="541,352 545,352 545,378 541,378"/>
            <TextEquiv index="1" conf="0.9685457795858383">
              <Unicode>B</Unicode>
            </TextEquiv>
          </Glyph>
          <Glyph id="w2730g1">
            <Coords points="556,352 556,352 556,378 556,378"/>
            <TextEquiv index="1" conf="0.9653144180774689">
              <Unicode>.</Unicode>
            </TextEquiv>
          </Glyph>
          <TextEquiv index="1" conf="0.934951205602292">
            <Unicode>B.</Unicode>
          </TextEquiv>
        </Word>
        <TextEquiv index="1" conf="0.8188032924113536">
          <Unicode>C LLEO B.</Unicode>
        </TextEquiv>
      </TextLine>
      <TextLine id="r0_l011">
        <Coords points="142,422 144,420 737,424 738,423 738,418 867,418 871,415 871,406 872,405 912,406 912,405 912,404 871,403 870,402 858,402 857,402 857,401 857,400 855,400 853,399 853,398 853,397 846,397 845,397 845,393 843,390 825,390 824,389 823,389 822,388 776,388 774,386 701,385 700,384 699,385 699,387 427,386 426,387 176,385 175,386 119,386 118,386 114,386 113,387 110,387 104,393 104,397 103,398 103,401 104,402 104,404 106,406 45,406 44,407 46,408 109,408 111,410 112,410 117,416 118,416 119,418 123,418 125,420 127,420 128,421 130,421 131,422 142,422"/>
        <Word id="w2731">
          <Coords points="119,384 177,384 177,424 119,424"/>
          <Glyph id="w2731g0">
            <Coords points="119,384 123,384 123,424 119,424"/>
            <TextEquiv index="1" conf="0.9987672865390778">
              <Unicode>Q</Unicode>
            </TextEquiv>
          </Glyph>
          <Glyph id="w2731g1">
            <Coords points="131,384 136,384 136,424 131,424"/>
            <TextEquiv index="1" conf="0.9699810445308685">
              <Unicode>u</Unicode>
            </TextEquiv>
          </Glyph>
          <Glyph id="w2731g2">
            <Coords points="156,384 161,384 161,424 156,424"/>
            <TextEquiv index="1" conf="0.999889925122261">
              <Unicode>o</Unicode>
            </TextEquiv>
          </Glyph>
          <Glyph id="w2731g3">
            <Coords points="173,384 177,384 177,424 173,424"/>
            <TextEquiv index="1" conf="0.9998167008161545">
              <Unicode>d</Unicode>
            </TextEquiv>
          </Glyph>
          <TextEquiv index="1" conf="0.9685011388984853">
            <Unicode>Quod</Unicode>
          </TextEquiv>
        </Word>
        <Word id="w2732">
          <Coords points="194,384 206,384 206,424 194,424"/>
          <Glyph id="w2732g0">
            <Coords points="194,384 198,384 198,424 194,424"/>
            <TextEquiv index="1" conf="0.999894306063652">
              <Unicode>i</Unicode>
            </TextEquiv>
          </Glyph>
          <Glyph id="w2732g1">
            <Coords points="206,384 206,384 206,424 206,424"/>
            <TextEquiv index="1" conf="0.9988663494586945">
              <Unicode>n</Unicode>
            </TextEquiv>
          </Glyph>
          <TextEquiv index="1" conf="0.9987607753423347">
            <Unicode>in</Unicode>
          </TextEquiv>
        </Word>
        <Word id="w2733">
          <Coords points="235,384 352,384 352,424 235,424"/>
          <Glyph id="w2733g0">
            <Coords points="235,384 235,384 235,424 235,424"/>
            <TextEquiv index="1" conf="0.9946542829275131">
              <Unicode>p</Unicode>
            </TextEquiv>
          </Glyph>
          <Glyph id="w2733g1">
            <Coords points="252,384 256,384 256,424 252,424"/>
            <TextEquiv index="1" conf="0.999775618314743">
              <Unicode>r</Unicode>
            </TextEquiv>
          </Glyph>
          <Glyph id="w2733g2">
            <Coords points="273,384 273,384 273,424 273,424"/>
            <TextEquiv index="1" conf="0.9990839660167694">
              <Unicode>æ</Unicode>
            </TextEquiv>
          </Glyph>
          <Glyph id="w2733g3">
            <Coords points="289,384 294,384 294,424 289,424"/>
            <TextEquiv index="1" conf="0.9978848546743393">
              <Unicode>d</Unicode>
            </TextEquiv>
          </Glyph>
          <Glyph id="w2733g4">
            <Coords points="302,384 306,384 306,424 302,424"/>
            <TextEquiv index="1" conf="0.9999625086784363">
              <Unicode>o</Unicode>
            </TextEquiv>
          </Glyph>
          <Glyph id="w2733g5">
            <Coords points="319,384 319,384 319,424 319,424"/>
            <TextEquiv index="1" conf="0.9999203234910965">
              <Unicode>n</Unicode>
            </TextEquiv>
          </Glyph>
          <Glyph id="w2733g6">
            <Coords points="339,384 339,384 339,424 339,424"/>
            <TextEquiv index="1" conf="0.999889612197876">
              <Unicode>e</Unicode>
            </TextEquiv>
          </Glyph>
          <Glyph id="w2733g7">
            <Coords points="352,384 352,384 352,424 352,424"/>
            <TextEquiv index="1" conf="0.9999635219573975">
              <Unicode>s</Unicode>
            </TextEquiv>
          </Glyph>
          <TextEquiv index="1" conf="0.9911569845841979">
            <Unicode>prædones</Unicode>
          </TextEquiv>
        </Word>
        <Word id="w2734">
          <Coords points="368,384 489,384 489,424 368,424"/>
          <Glyph id="w2734g0">
            <Coords points="368,384 373,384 373,424 368,424"/>
            <TextEquiv index="1" conf="0.9983817487955093">
              <Unicode>i</Unicode>
            </TextEquiv>
          </Glyph>
          <Glyph id="w2734g1">
            <Coords points="381,384 385,384 385,424 381,424"/>
            <TextEquiv index="1" conf="0.9998366683721542">
              <Unicode>n</Unicode>
            </TextEquiv>
          </Glyph>
          <Glyph id="w2734g2">
            <Coords points="402,384 402,384 402,424 402,424"/>
            <TextEquiv index="1" conf="0.7234189510345459">
              <Unicode>e</Unicode>
            </TextEquiv>
          </Glyph>
          <Glyph id="w2734g3">
            <Coords points="414,384 414,384 414,424 414,424"/>
            <TextEquiv index="1" conf="0.992060661315918">
              <Unicode>i</Unicode>
            </TextEquiv>
          </Glyph>
          <Glyph id="w2734g4">
            <Coords points="427,384 431,384 431,424 427,424"/>
            <TextEquiv index="1" conf="0.952753409743309">
              <Unicode>d</Unicode>
            </TextEquiv>
          </Glyph>
          <Glyph id="w2734g5">
            <Coords points="443,384 443,384 443,424 443,424"/>
            <TextEquiv index="1" conf="0.9999704360961914">
              <Unicode>e</Unicode>
            </TextEquiv>
          </Glyph>
          <Glyph id="w2734g6">
            <Coords points="456,384 456,384 456,424 456,424"/>
            <TextEquiv index="1" conf="0.9999406039714813">
              <Unicode>r</Unicode>
            </TextEquiv>
          </Glyph>
          <Glyph id="w2734g7">
            <Coords points="464,384 468,384 468,424 464,424"/>
            <TextEquiv index="1" conf="0.9995323419570923">
              <Unicode>i</Unicode>
            </TextEquiv>
          </Glyph>
          <Glyph id="w2734g8">
            <Coords points="477,384 477,384 477,424 477,424"/>
            <TextEquiv index="1" conf="0.99984210729599">
              <Unicode>t</Unicode>
            </TextEquiv>
          </Glyph>
          <Glyph id="w2734g9">
            <Coords points="489,384 489,384 489,424 489,424"/>
            <TextEquiv index="1" conf="0.9910869896411896">
              <Unicode>,</Unicode>
            </TextEquiv>
          </Glyph>
          <TextEquiv index="1" conf="0.6759829287361446">
            <Unicode>ineiderit,</Unicode>
          </TextEquiv>
        </Word>
        <Word id="w2735">
          <Coords points="518,384 556,384 556,424 518,424"/>
          <Glyph id="w2735g0">
            <Coords points="518,384 522,384 522,424 518,424"/>
            <TextEquiv index="1" conf="0.9997943043708801">
              <Unicode>n</Unicode>
            </TextEquiv>
          </Glyph>
          <Glyph id="w2735g1">
            <Coords points="539,384 543,384 543,424 539,424"/>
            <TextEquiv index="1" conf="0.9997845590114594">
              <Unicode>o</Unicode>
            </TextEquiv>
          </Glyph>
          <Glyph id="w2735g2">
            <Coords points="556,384 556,384 556,424 556,424"/>
            <TextEquiv index="1" conf="0.9997737854719162">
              <Unicode>n</Unicode>
            </TextEquiv>
          </Glyph>
          <TextEquiv index="1" conf="0.9993527884267218">
            <Unicode>non</Unicode>
          </TextEquiv>
        </Word>
        <Word id="w2736">
          <Coords points="585,384 664,384 664,424 585,424"/>
          <Glyph id="w2736g0">
            <Coords points="585,384 589,384 589,424 585,424"/>
            <TextEquiv index="1" conf="0.8270273953676224">
              <Unicode>c</Unicode>
            </TextEquiv>
          </Glyph>
          <Glyph id="w2736g1">
            <Coords points="597,384 597,384 597,424 597,424"/>
            <TextEquiv index="1" conf="0.9086095094680786">
              <Unicode>u</Unicode>
            </TextEquiv>
          </Glyph>
          <Glyph id="w2736g2">
            <Coords points="614,384 618,384 618,424 614,424"/>
            <TextEquiv index="1" conf="0.9998998492956161">
              <Unicode>l</Unicode>
            </TextEquiv>
          </Glyph>
          <Glyph id="w2736g3">
            <Coords points="626,384 626,384 626,424 626,424"/>
            <TextEquiv index="1" conf="0.9970510005950928">
              <Unicode>p</Unicode>
            </TextEquiv>
          </Glyph>
          <Glyph id="w2736g4">
            <Coords points="643,384 643,384 643,424 643,424"/>
            <TextEquiv index="1" conf="0.9968197643756866">
              <Unicode>a</Unicode>
            </TextEquiv>
          </Glyph>
          <Glyph id="w2736g5">
            <Coords points="664,384 664,384 664,424 664,424"/>
            <TextEquiv index="1" conf="0.841888964176178">
              <Unicode>,</Unicode>
            </TextEquiv>
          </Glyph>
          <TextEquiv index="1" conf="0.6286986202369665">
            <Unicode>culpa,</Unicode>
          </TextEquiv>
        </Word>
        <Word id="w2737">
          <Coords points="693,384 726,384 726,424 693,424"/>
          <Glyph id="w2737g0">
            <Coords points="693,384 693,384 693,424 693,424"/>
            <TextEquiv index="1" conf="0.9956938922405243">
              <Unicode>ſ</Unicode>
            </TextEquiv>
          </Glyph>
          <Glyph id="w2737g1">
            <Coords points="705,384 705,384 705,424 705,424"/>
            <TextEquiv index="1" conf="0.9997991621494293">
              <Unicode>e</Unicode>
            </TextEquiv>
          </Glyph>
          <Glyph id="w2737g2">
            <Coords points="722,384 726,384 726,424 722,424"/>
            <TextEquiv index="1" conf="0.9997573047876358">
              <Unicode>d</Unicode>
            </TextEquiv>
          </Glyph>
          <TextEquiv index="1" conf="0.9952523176112481">
            <Unicode>ſed</Unicode>
          </TextEquiv>
        </Word>
        <Word id="w2738">
          <Coords points="743,384 797,384 797,424 743,424"/>
          <Glyph id="w2738g0">
            <Coords points="743,384 743,384 743,424 743,424"/>
            <TextEquiv index="1" conf="0.816636711359024">
              <Unicode>e</Unicode>
            </TextEquiv>
          </Glyph>
          <Glyph id="w2738g1">
            <Coords points="751,384 755,384 755,424 751,424"/>
            <TextEquiv index="1" conf="0.927872896194458">
              <Unicode>a</Unicode>
            </TextEquiv>
          </Glyph>
          <Glyph id="w2738g2">
            <Coords points="768,384 768,384 768,424 768,424"/>
            <TextEquiv index="1" conf="0.9991202652454376">
              <Unicode>ſ</Unicode>
            </TextEquiv>
          </Glyph>
          <Glyph id="w2738g3">
            <Coords points="776,384 780,384 780,424 776,424"/>
            <TextEquiv index="1" conf="0.9999001026153564">
              <Unicode>u</Unicode>
            </TextEquiv>
          </Glyph>
          <Glyph id="w2738g4">
            <Coords points="797,384 797,384 797,424 797,424"/>
            <TextEquiv index="1" conf="0.9999333471059799">
              <Unicode>s</Unicode>
            </TextEquiv>
          </Glyph>
          <TextEquiv index="1" conf="0.7569423797082898">
            <Unicode>eaſus</Unicode>
          </TextEquiv>
        </Word>
        <Word id="w2739">
          <Coords points="813,384 867,384 867,424 813,424"/>
          <Glyph id="w2739g0">
            <Coords points="813,384 813,384 813,424 813,424"/>
            <TextEquiv index="1" conf="0.9241039305925369">
              <Unicode>f</Unicode>
            </TextEquiv>
          </Glyph>
          <Glyph id="w2739g1">
            <Coords points="822,384 826,384 826,424 822,424"/>
            <TextEquiv index="1" conf="0.9980463534593582">
              <Unicode>u</Unicode>
            </TextEquiv>
          </Glyph>
          <Glyph id="w2739g2">
            <Coords points="838,384 843,384 843,424 838,424"/>
            <TextEquiv index="1" conf="0.9987833201885223">
              <Unicode>i</Unicode>
            </TextEquiv>
          </Glyph>
          <Glyph id="w2739g3">
            <Coords points="851,384 851,384 851,424 851,424"/>
            <TextEquiv index="1" conf="0.9999820590019226">
              <Unicode>t</Unicode>
            </TextEquiv>
          </Glyph>
          <Glyph id="w2739g4">
            <Coords points="863,384 867,384 867,424 863,424"/>
            <TextEquiv index="1" conf="0.9886824041604996">
              <Unicode>.</Unicode>
            </TextEquiv>
          </Glyph>
          <TextEquiv index="1" conf="0.9107345739546919">
            <Unicode>fuit.</Unicode>
          </TextEquiv>
        </Word>
        <TextEquiv index="1" conf="0.9783087665284121">
          <Unicode>Quod in prædones ineiderit, non culpa, ſed eaſus fuit.</Unicode>
        </TextEquiv>
      </TextLine>
      <TextLine id="r0_l012">
        <Coords points="471,460 472,459 472,449 477,449 478,448 555,448 556,447 588,448 589,447 588,447 556,446 556,444 555,443 554,443 553,442 542,442 542,432 540,430 460,430 459,429 416,428 416,421 415,420 415,421 415,428 414,428 397,428 394,425 392,425 391,424 387,424 386,425 384,425 382,427 381,427 381,428 381,429 379,431 379,432 378,433 378,445 377,445 332,445 332,446 332,447 383,447 384,448 386,448 387,449 466,450 467,450 467,459 467,460 471,460"/>
        <Word id="w2740">
          <Coords points="391,420 550,420 550,460 391,460"/>
          <Glyph id="w2740g0">
            <Coords points="391,420 395,420 395,460 391,460"/>
            <TextEquiv index="1" conf="0.9994155168533325">
              <Unicode>C</Unicode>
            </TextEquiv>
          </Glyph>
          <Glyph id="w2740g1">
            <Coords points="423,420 431,420 431,460 423,460"/>
            <TextEquiv index="1" conf="0.8583054542541504">
              <Unicode>H</Unicode>
            </TextEquiv>
          </Glyph>
          <Glyph id="w2740g2">
            <Coords points="462,420 470,420 470,460 462,460"/>
            <TextEquiv index="1" conf="0.9916603118181229">
              <Unicode>R</Unicode>
            </TextEquiv>
          </Glyph>
          <Glyph id="w2740g3">
            <Coords points="506,420 506,420 506,460 506,460"/>
            <TextEquiv index="1" conf="0.5494721829891205">
              <Unicode>I</Unicode>
            </TextEquiv>
          </Glyph>
          <Glyph id="w2740g4">
            <Coords points="534,420 538,420 538,460 534,460"/>
            <TextEquiv index="1" conf="0.9973480850458145">
              <Unicode>S</Unicode>
            </TextEquiv>
          </Glyph>
          <Glyph id="w2740g5">
            <Coords points="550,420 550,420 550,460 550,460"/>
            <TextEquiv index="1" conf="0.9911829084157944">
              <Unicode>.</Unicode>
            </TextEquiv>
          </Glyph>
          <TextEquiv index="1" conf="0.46205871556857575">
            <Unicode>CHRIS.</Unicode>
          </TextEquiv>
        </Word>
        <TextEquiv index="1" conf="0.8978974098960558">
          <Unicode>CHRIS.</Unicode>
        </TextEquiv>
      </TextLine>
      <TextLine id="r0_l013">
        <Coords points="819,498 820,497 827,497 827,490 828,489 871,489 873,488 873,487 871,485 871,468 870,467 870,464 868,462 867,462 866,463 865,463 864,464 848,464 847,465 815,465 815,466 815,471 814,471 779,471 778,470 771,470 771,469 771,463 769,462 743,462 742,461 731,461 730,462 719,461 719,462 719,468 718,468 694,468 693,469 670,469 670,463 668,461 665,461 665,462 665,463 664,464 664,470 663,470 646,470 645,469 613,469 613,468 613,462 612,462 590,462 590,469 589,470 556,469 555,468 554,468 553,469 518,469 518,461 517,460 516,460 515,459 514,460 512,460 512,461 512,469 511,469 474,469 474,468 474,461 472,460 435,460 434,461 400,460 399,461 389,461 389,462 389,469 388,469 365,469 364,470 327,470 326,469 312,469 312,468 312,460 311,459 311,458 310,458 308,458 307,459 305,459 305,467 304,468 273,468 272,469 261,468 260,469 259,469 258,470 223,470 223,469 222,468 221,468 220,467 177,467 177,466 177,459 176,459 120,459 119,458 119,470 118,470 115,470 114,471 113,471 113,472 113,479 110,482 113,482 114,483 117,483 118,482 123,483 154,483 155,484 231,484 232,485 232,487 233,487 234,488 236,488 237,486 238,484 267,484 268,483 318,484 319,485 337,485 338,485 338,487 338,488 339,488 340,489 342,489 342,488 343,487 344,486 413,486 414,485 452,486 453,485 498,485 499,486 526,486 527,485 562,485 563,486 563,488 566,488 566,489 566,490 567,490 569,490 570,488 571,487 571,486 571,485 608,486 609,487 610,486 745,487 746,487 745,493 746,494 746,495 748,497 754,497 755,496 759,496 760,495 761,495 761,494 761,492 762,492 816,492 816,493 816,496 817,497 817,498 818,498 819,498"/>
        <Word id="w2741">
          <Coords points="120,458 136,458 136,498 120,498"/>
          <Glyph id="w2741g0">
            <Coords points="120,458 120,458 120,498 120,498"/>
            <TextEquiv index="1" conf="0.853401392698288">
              <Unicode>T</Unicode>
            </TextEquiv>
          </Glyph>
          <Glyph id="w2741g1">
            <Coords points="132,458 136,458 136,498 132,498"/>
            <TextEquiv index="1" conf="0.9987390637397766">
              <Unicode>u</Unicode>
            </TextEquiv>
          </Glyph>
          <TextEquiv index="1" conf="0.8523253079377096">
            <Unicode>Tu</Unicode>
          </TextEquiv>
        </Word>
        <Word id="w2742">
          <Coords points="155,458 235,458 235,498 155,498"/>
          <Glyph id="w2742g0">
            <Coords points="155,458 155,458 155,498 155,498"/>
            <TextEquiv index="1" conf="0.9685571789741516">
              <Unicode>i</Unicode>
            </TextEquiv>
          </Glyph>
          <Glyph id="w2742g1">
            <Coords points="162,458 166,458 166,498 162,498"/>
            <TextEquiv index="1" conf="0.9931447356939316">
              <Unicode>l</Unicode>
            </TextEquiv>
          </Glyph>
          <Glyph id="w2742g2">
            <Coords points="174,458 174,458 174,498 174,498"/>
            <TextEquiv index="1" conf="0.9995591938495636">
              <Unicode>l</Unicode>
            </TextEquiv>
          </Glyph>
          <Glyph id="w2742g3">
            <Coords points="185,458 189,458 189,498 185,498"/>
            <TextEquiv index="1" conf="0.9999840557575226">
              <Unicode>u</Unicode>
            </TextEquiv>
          </Glyph>
          <Glyph id="w2742g4">
            <Coords points="212,458 216,458 216,498 212,498"/>
            <TextEquiv index="1" conf="0.9999873638153076">
              <Unicode>m</Unicode>
            </TextEquiv>
          </Glyph>
          <Glyph id="w2742g5">
            <Coords points="231,458 235,458 235,498 231,498"/>
            <TextEquiv index="1" conf="0.6976426988840103">
              <Unicode>,</Unicode>
            </TextEquiv>
          </Glyph>
          <TextEquiv index="1" conf="0.6707597104865446">
            <Unicode>illum,</Unicode>
          </TextEquiv>
        </Word>
        <Word id="w2743">
          <Coords points="262,458 342,458 342,498 262,498"/>
          <Glyph id="w2743g0">
            <Coords points="262,458 265,458 265,498 262,498"/>
            <TextEquiv index="1" conf="0.486253097653389">
              <Unicode>e</Unicode>
            </TextEquiv>
          </Glyph>
          <Glyph id="w2743g1">
            <Coords points="273,458 277,458 277,498 273,498"/>
            <TextEquiv index="1" conf="0.9998036473989487">
              <Unicode>r</Unicode>
            </TextEquiv>
          </Glyph>
          <Glyph id="w2743g2">
            <Coords points="288,458 292,458 292,498 288,498"/>
            <TextEquiv index="1" conf="0.9999825060367584">
              <Unicode>e</Unicode>
            </TextEquiv>
          </Glyph>
          <Glyph id="w2743g3">
            <Coords points="304,458 307,458 307,498 304,498"/>
            <TextEquiv index="1" conf="0.9999530017375946">
              <Unicode>d</Unicode>
            </TextEquiv>
          </Glyph>
          <Glyph id="w2743g4">
            <Coords points="323,458 327,458 327,498 323,498"/>
            <TextEquiv index="1" conf="0.9992263466119766">
              <Unicode>o</Unicode>
            </TextEquiv>
          </Glyph>
          <Glyph id="w2743g5">
            <Coords points="338,458 342,458 342,498 338,498"/>
            <TextEquiv index="1" conf="0.9909324645996094">
              <Unicode>,</Unicode>
            </TextEquiv>
          </Glyph>
          <TextEquiv index="1" conf="0.48134561746983856">
            <Unicode>eredo,</Unicode>
          </TextEquiv>
        </Word>
        <Word id="w2744">
          <Coords points="361,458 411,458 411,498 361,498"/>
          <Glyph id="w2744g0">
            <Coords points="361,458 365,458 365,498 361,498"/>
            <TextEquiv index="1" conf="0.9998377710580826">
              <Unicode>v</Unicode>
            </TextEquiv>
          </Glyph>
          <Glyph id="w2744g1">
            <Coords points="380,458 380,458 380,498 380,498"/>
            <TextEquiv index="1" conf="0.9998556673526764">
              <Unicode>e</Unicode>
            </TextEquiv>
          </Glyph>
          <Glyph id="w2744g2">
            <Coords points="388,458 392,458 392,498 388,498"/>
            <TextEquiv index="1" conf="0.997967466711998">
              <Unicode>l</Unicode>
            </TextEquiv>
          </Glyph>
          <Glyph id="w2744g3">
            <Coords points="399,458 399,458 399,498 399,498"/>
            <TextEquiv index="1" conf="0.9994538575410843">
              <Unicode>i</Unicode>
            </TextEquiv>
          </Glyph>
          <Glyph id="w2744g4">
            <Coords points="407,458 411,458 411,498 407,498"/>
            <TextEquiv index="1" conf="0.9999032914638519">
              <Unicode>s</Unicode>
            </TextEquiv>
          </Glyph>
          <TextEquiv index="1" conf="0.9970202565586873">
            <Unicode>velis</Unicode>
          </TextEquiv>
        </Word>
        <Word id="w2745">
          <Coords points="434,458 563,458 563,498 434,498"/>
          <Glyph id="w2745g0">
            <Coords points="434,458 437,458 437,498 434,498"/>
            <TextEquiv index="1" conf="0.9962977468967438">
              <Unicode>d</Unicode>
            </TextEquiv>
          </Glyph>
          <Glyph id="w2745g1">
            <Coords points="449,458 453,458 453,498 449,498"/>
            <TextEquiv index="1" conf="0.9995928704738617">
              <Unicode>e</Unicode>
            </TextEquiv>
          </Glyph>
          <Glyph id="w2745g2">
            <Coords points="460,458 464,458 464,498 460,498"/>
            <TextEquiv index="1" conf="0.8185984790325165">
              <Unicode>f</Unicode>
            </TextEquiv>
          </Glyph>
          <Glyph id="w2745g3">
            <Coords points="476,458 476,458 476,498 476,498"/>
            <TextEquiv index="1" conf="0.9999906420707703">
              <Unicode>e</Unicode>
            </TextEquiv>
          </Glyph>
          <Glyph id="w2745g4">
            <Coords points="487,458 491,458 491,498 487,498"/>
            <TextEquiv index="1" conf="0.9999885857105255">
              <Unicode>n</Unicode>
            </TextEquiv>
          </Glyph>
          <Glyph id="w2745g5">
            <Coords points="510,458 514,458 514,498 510,498"/>
            <TextEquiv index="1" conf="0.9999722242355347">
              <Unicode>d</Unicode>
            </TextEquiv>
          </Glyph>
          <Glyph id="w2745g6">
            <Coords points="525,458 525,458 525,498 525,498"/>
            <TextEquiv index="1" conf="0.999993234872818">
              <Unicode>e</Unicode>
            </TextEquiv>
          </Glyph>
          <Glyph id="w2745g7">
            <Coords points="537,458 541,458 541,498 537,498"/>
            <TextEquiv index="1" conf="0.9997906237840652">
              <Unicode>r</Unicode>
            </TextEquiv>
          </Glyph>
          <Glyph id="w2745g8">
            <Coords points="552,458 556,458 556,498 552,498"/>
            <TextEquiv index="1" conf="0.997316911816597">
              <Unicode>e</Unicode>
            </TextEquiv>
          </Glyph>
          <Glyph id="w2745g9">
            <Coords points="563,458 563,458 563,498 563,498"/>
            <TextEquiv index="1" conf="0.8908610492944717">
              <Unicode>.</Unicode>
            </TextEquiv>
          </Glyph>
          <TextEquiv index="1" conf="0.7241214677844573">
            <Unicode>defendere.</Unicode>
          </TextEquiv>
        </Word>
        <Word id="w2746">
          <Coords points="594,458 636,458 636,498 594,498"/>
          <Glyph id="w2746g0">
            <Coords points="594,458 605,458 605,498 594,498"/>
            <TextEquiv index="1" conf="0.9998783767223358">
              <Unicode>N</Unicode>
            </TextEquiv>
          </Glyph>
          <Glyph id="w2746g1">
            <Coords points="621,458 625,458 625,498 621,498"/>
            <TextEquiv index="1" conf="0.9996060132980347">
              <Unicode>o</Unicode>
            </TextEquiv>
          </Glyph>
          <Glyph id="w2746g2">
            <Coords points="632,458 636,458 636,498 632,498"/>
            <TextEquiv index="1" conf="0.551589051882426">
              <Unicode>n</Unicode>
            </TextEquiv>
          </Glyph>
          <TextEquiv index="1" conf="0.5513046734936399">
            <Unicode>Non</Unicode>
          </TextEquiv>
        </Word>
        <Word id="w2747">
          <Coords points="663,458 793,458 793,498 663,498"/>
          <Glyph id="w2747g0">
            <Coords points="663,458 663,458 663,498 663,498"/>
            <TextEquiv index="1" conf="0.9995901882648468">
              <Unicode>i</Unicode>
            </TextEquiv>
          </Glyph>
          <Glyph id="w2747g1">
            <Coords points="674,458 674,458 674,498 674,498"/>
            <TextEquiv index="1" conf="0.9947352558374405">
              <Unicode>n</Unicode>
            </TextEquiv>
          </Glyph>
          <Glyph id="w2747g2">
            <Coords points="693,458 693,458 693,498 693,498"/>
            <TextEquiv index="1" conf="0.9999665915966034">
              <Unicode>t</Unicode>
            </TextEquiv>
          </Glyph>
          <Glyph id="w2747g3">
            <Coords points="705,458 709,458 709,498 705,498"/>
            <TextEquiv index="1" conf="0.9999767243862152">
              <Unicode>e</Unicode>
            </TextEquiv>
          </Glyph>
          <Glyph id="w2747g4">
            <Coords points="716,458 716,458 716,498 716,498"/>
            <TextEquiv index="1" conf="0.9960627108812332">
              <Unicode>l</Unicode>
            </TextEquiv>
          </Glyph>
          <Glyph id="w2747g5">
            <Coords points="728,458 728,458 728,498 728,498"/>
            <TextEquiv index="1" conf="0.9996764957904816">
              <Unicode>l</Unicode>
            </TextEquiv>
          </Glyph>
          <Glyph id="w2747g6">
            <Coords points="735,458 739,458 739,498 735,498"/>
            <TextEquiv index="1" conf="0.9982707649469376">
              <Unicode>i</Unicode>
            </TextEquiv>
          </Glyph>
          <Glyph id="w2747g7">
            <Coords points="751,458 754,458 754,498 751,498"/>
            <TextEquiv index="1" conf="0.9999829828739166">
              <Unicode>g</Unicode>
            </TextEquiv>
          </Glyph>
          <Glyph id="w2747g8">
            <Coords points="762,458 766,458 766,498 762,498"/>
            <TextEquiv index="1" conf="0.9997693449258804">
              <Unicode>i</Unicode>
            </TextEquiv>
          </Glyph>
          <Glyph id="w2747g9">
            <Coords points="774,458 777,458 777,498 774,498"/>
            <TextEquiv index="1" conf="0.9990963637828827">
              <Unicode>s</Unicode>
            </TextEquiv>
          </Glyph>
          <Glyph id="w2747g10">
            <Coords points="793,458 793,458 793,498 793,498"/>
            <TextEquiv index="1" conf="0.9778393805027008">
              <Unicode>,</Unicode>
            </TextEquiv>
          </Glyph>
          <TextEquiv index="1" conf="0.9653098122701246">
            <Unicode>intelligis,</Unicode>
          </TextEquiv>
        </Word>
        <Word id="w2748">
          <Coords points="812,458 865,458 865,498 812,498"/>
          <Glyph id="w2748g0">
            <Coords points="812,458 819,458 819,498 812,498"/>
            <TextEquiv index="1" conf="0.9755671918392181">
              <Unicode>q</Unicode>
            </TextEquiv>
          </Glyph>
          <Glyph id="w2748g1">
            <Coords points="827,458 831,458 831,498 827,498"/>
            <TextEquiv index="1" conf="0.9987374246120453">
              <Unicode>u</Unicode>
            </TextEquiv>
          </Glyph>
          <Glyph id="w2748g2">
            <Coords points="846,458 846,458 846,498 846,498"/>
            <TextEquiv index="1" conf="0.9990888237953186">
              <Unicode>i</Unicode>
            </TextEquiv>
          </Glyph>
          <Glyph id="w2748g3">
            <Coords points="861,458 865,458 865,498 861,498"/>
            <TextEquiv index="1" conf="0.9999189972877502">
              <Unicode>d</Unicode>
            </TextEquiv>
          </Glyph>
          <TextEquiv index="1" conf="0.9733688215209012">
            <Unicode>quid</Unicode>
          </TextEquiv>
        </Word>
        <TextEquiv index="1" conf="0.9660023623778495">
          <Unicode>Tu illum, eredo, velis defendere. Non intelligis, quid</Unicode>
        </TextEquiv>
      </TextLine>
      <TextLine id="r0_l014">
        <Coords points="19,536 311,538 311,491 19,489 19,536"/>
        <Word id="w2749">
          <Coords points="74,489 149,489 149,538 74,538"/>
          <Glyph id="w2749g0">
            <Coords points="74,489 74,489 74,538 74,538"/>
            <TextEquiv index="1" conf="0.9974254667758942">
              <Unicode>n</Unicode>
            </TextEquiv>
          </Glyph>
          <Glyph id="w2749g1">
            <Coords points="90,489 94,489 94,538 90,538"/>
            <TextEquiv index="1" conf="0.9992914199829102">
              <Unicode>a</Unicode>
            </TextEquiv>
          </Glyph>
          <Glyph id="w2749g2">
            <Coords points="106,489 110,489 110,538 106,538"/>
            <TextEquiv index="1" conf="0.9975358545780182">
              <Unicode>r</Unicode>
            </TextEquiv>
          </Glyph>
          <Glyph id="w2749g3">
            <Coords points="117,489 121,489 121,538 117,538"/>
            <TextEquiv index="1" conf="0.9999154955148697">
              <Unicode>r</Unicode>
            </TextEquiv>
          </Glyph>
          <Glyph id="w2749g4">
            <Coords points="133,489 137,489 137,538 133,538"/>
            <TextEquiv index="1" conf="0.9998607784509659">
              <Unicode>e</Unicode>
            </TextEquiv>
          </Glyph>
          <Glyph id="w2749g5">
            <Coords points="145,489 149,489 149,538 145,538"/>
            <TextEquiv index="1" conf="0.9954538196325302">
              <Unicode>t</Unicode>
            </TextEquiv>
          </Glyph>
          <TextEquiv index="1" conf="0.9895211342957188">
            <Unicode>narret</Unicode>
          </TextEquiv>
        </Word>
        <Word id="w2750">
          <Coords points="173,489 284,489 284,538 173,538"/>
          <Glyph id="w2750g0">
            <Coords points="173,489 177,489 177,538 173,538"/>
            <TextEquiv index="1" conf="0.9998790472745895">
              <Unicode>P</Unicode>
            </TextEquiv>
          </Glyph>
          <Glyph id="w2750g1">
            <Coords points="185,489 189,489 189,538 185,538"/>
            <TextEquiv index="1" conf="0.9931699931621552">
              <Unicode>a</Unicode>
            </TextEquiv>
          </Glyph>
          <Glyph id="w2750g2">
            <Coords points="205,489 205,489 205,538 205,538"/>
            <TextEquiv index="1" conf="0.9968572556972504">
              <Unicode>r</Unicode>
            </TextEquiv>
          </Glyph>
          <Glyph id="w2750g3">
            <Coords points="224,489 224,489 224,538 224,538"/>
            <TextEquiv index="1" conf="0.9999246746301651">
              <Unicode>m</Unicode>
            </TextEquiv>
          </Glyph>
          <Glyph id="w2750g4">
            <Coords points="244,489 244,489 244,538 244,538"/>
            <TextEquiv index="1" conf="0.9996593743562698">
              <Unicode>e</Unicode>
            </TextEquiv>
          </Glyph>
          <Glyph id="w2750g5">
            <Coords points="256,489 256,489 256,538 256,538"/>
            <TextEquiv index="1" conf="0.9998762756586075">
              <Unicode>n</Unicode>
            </TextEquiv>
          </Glyph>
          <Glyph id="w2750g6">
            <Coords points="276,489 284,489 284,538 276,538"/>
            <TextEquiv index="1" conf="0.9998862594366074">
              <Unicode>o</Unicode>
            </TextEquiv>
          </Glyph>
          <TextEquiv index="1" conf="0.9892822664879558">
            <Unicode>Parmeno</Unicode>
          </TextEquiv>
        </Word>
        <TextEquiv index="1" conf="0.952798379676339">
          <Unicode>narret Parmeno </Unicode>
        </TextEquiv>
      </TextLine>
      <TextLine id="r0_l015">
        <Coords points="416,560 530,561 530,535 416,534 416,560"/>
        <Word id="w2751">
          <Coords points="427,534 527,534 527,561 427,561"/>
          <Glyph id="w2751g0">
            <Coords points="427,534 431,534 431,561 427,561"/>
            <TextEquiv index="1" conf="0.9932581633329391">
              <Unicode>P</Unicode>
            </TextEquiv>
          </Glyph>
          <Glyph id="w2751g1">
            <Coords points="459,534 463,534 463,561 459,561"/>
            <TextEquiv index="1" conf="0.9869384616613388">
              <Unicode>A</Unicode>
            </TextEquiv>
          </Glyph>
          <Glyph id="w2751g2">
            <Coords points="499,534 511,534 511,561 499,561"/>
            <TextEquiv index="1" conf="0.9923160374164581">
              <Unicode>R</Unicode>
            </TextEquiv>
          </Glyph>
          <Glyph id="w2751g3">
            <Coords points="523,534 527,534 527,561 523,561"/>
            <TextEquiv index="1" conf="0.9753333479166031">
              <Unicode>.</Unicode>
            </TextEquiv>
          </Glyph>
          <TextEquiv index="1" conf="0.9487576725217235">
            <Unicode>PAR.</Unicode>
          </TextEquiv>
        </Word>
        <TextEquiv index="1" conf="0.9869615025818348">
          <Unicode>PAR.</Unicode>
        </TextEquiv>
      </TextLine>
      <TextLine id="r0_l016">
        <Coords points="77,603 876,608 877,564 78,559 77,603"/>
        <Word id="w2752">
          <Coords points="118,559 160,559 160,608 118,608"/>
          <Glyph id="w2752g0">
            <Coords points="118,559 122,559 122,608 118,608"/>
            <TextEquiv index="1" conf="0.9985405653715134">
              <Unicode>V</Unicode>
            </TextEquiv>
          </Glyph>
          <Glyph id="w2752g1">
            <Coords points="137,559 137,559 137,608 137,608"/>
            <TextEquiv index="1" conf="0.9999747276306152">
              <Unicode>e</Unicode>
            </TextEquiv>
          </Glyph>
          <Glyph id="w2752g2">
            <Coords points="149,559 152,559 152,608 149,608"/>
            <TextEquiv index="1" conf="0.9997757226228714">
              <Unicode>r</Unicode>
            </TextEquiv>
          </Glyph>
          <Glyph id="w2752g3">
            <Coords points="160,559 160,559 160,608 160,608"/>
            <TextEquiv index="1" conf="0.9998122751712799">
              <Unicode>a</Unicode>
            </TextEquiv>
          </Glyph>
          <TextEquiv index="1" conf="0.998103981406937">
            <Unicode>Vera</Unicode>
          </TextEquiv>
        </Word>
        <Word id="w2753">
          <Coords points="191,559 244,559 244,608 191,608"/>
          <Glyph id="w2753g0">
            <Coords points="191,559 191,559 191,608 191,608"/>
            <TextEquiv index="1" conf="0.7697933465242386">
              <Unicode>e</Unicode>
            </TextEquiv>
          </Glyph>
          <Glyph id="w2753g1">
            <Coords points="202,559 206,559 206,608 202,608"/>
            <TextEquiv index="1" conf="0.9999638497829437">
              <Unicode>e</Unicode>
            </TextEquiv>
          </Glyph>
          <Glyph id="w2753g2">
            <Coords points="218,559 218,559 218,608 218,608"/>
            <TextEquiv index="1" conf="0.9999557137489319">
              <Unicode>r</Unicode>
            </TextEquiv>
          </Glyph>
          <Glyph id="w2753g3">
            <Coords points="229,559 229,559 229,608 229,608"/>
            <TextEquiv index="1" conf="0.9997949600219727">
              <Unicode>t</Unicode>
            </TextEquiv>
          </Glyph>
          <Glyph id="w2753g4">
            <Coords points="241,559 244,559 244,608 241,608"/>
            <TextEquiv index="1" conf="0.9909404665231705">
              <Unicode>è</Unicode>
            </TextEquiv>
          </Glyph>
          <TextEquiv index="1" conf="0.76260162476803">
            <Unicode>eertè</Unicode>
          </TextEquiv>
        </Word>
        <Word id="w2754">
          <Coords points="271,559 375,559 375,608 271,608"/>
          <Glyph id="w2754g0">
            <Coords points="271,559 271,559 271,608 271,608"/>
            <TextEquiv index="1" conf="0.9999376237392426">
              <Unicode>n</Unicode>
            </TextEquiv>
          </Glyph>
          <Glyph id="w2754g1">
            <Coords points="287,559 290,559 290,608 287,608"/>
            <TextEquiv index="1" conf="0.976619765162468">
              <Unicode>a</Unicode>
            </TextEquiv>
          </Glyph>
          <Glyph id="w2754g2">
            <Coords points="306,559 306,559 306,608 306,608"/>
            <TextEquiv index="1" conf="0.9999792277812958">
              <Unicode>r</Unicode>
            </TextEquiv>
          </Glyph>
          <Glyph id="w2754g3">
            <Coords points="317,559 317,559 317,608 317,608"/>
            <TextEquiv index="1" conf="0.9981069564819336">
              <Unicode>r</Unicode>
            </TextEquiv>
          </Glyph>
          <Glyph id="w2754g4">
            <Coords points="325,559 329,559 329,608 325,608"/>
            <TextEquiv index="1" conf="0.9848119616508484">
              <Unicode>a</Unicode>
            </TextEquiv>
          </Glyph>
          <Glyph id="w2754g5">
            <Coords points="344,559 348,559 348,608 344,608"/>
            <TextEquiv index="1" conf="0.9985668212175369">
              <Unicode>v</Unicode>
            </TextEquiv>
          </Glyph>
          <Glyph id="w2754g6">
            <Coords points="359,559 359,559 359,608 359,608"/>
            <TextEquiv index="1" conf="0.9995651394128799">
              <Unicode>i</Unicode>
            </TextEquiv>
          </Glyph>
          <Glyph id="w2754g7">
            <Coords points="371,559 375,559 375,608 371,608"/>
            <TextEquiv index="1" conf="0.9942364692687988">
              <Unicode>,</Unicode>
            </TextEquiv>
          </Glyph>
          <TextEquiv index="1" conf="0.9525717937048004">
            <Unicode>narravi,</Unicode>
          </TextEquiv>
        </Word>
        <Word id="w2755">
          <Coords points="402,559 413,559 413,608 402,608"/>
          <Glyph id="w2755g0">
            <Coords points="402,559 402,559 402,608 402,608"/>
            <TextEquiv index="1" conf="0.998930349946022">
              <Unicode>i</Unicode>
            </TextEquiv>
          </Glyph>
          <Glyph id="w2755g1">
            <Coords points="413,559 413,559 413,608 413,608"/>
            <TextEquiv index="1" conf="0.9994419366121292">
              <Unicode>n</Unicode>
            </TextEquiv>
          </Glyph>
          <TextEquiv index="1" conf="0.9983728834906842">
            <Unicode>in</Unicode>
          </TextEquiv>
        </Word>
        <Word id="w2756">
          <Coords points="448,559 570,559 570,608 448,608"/>
          <Glyph id="w2756g0">
            <Coords points="448,559 451,559 451,608 448,608"/>
            <TextEquiv index="1" conf="0.923907458782196">
              <Unicode>p</Unicode>
            </TextEquiv>
          </Glyph>
          <Glyph id="w2756g1">
            <Coords points="467,559 471,559 471,608 467,608"/>
            <TextEquiv index="1" conf="0.9999331533908844">
              <Unicode>r</Unicode>
            </TextEquiv>
          </Glyph>
          <Glyph id="w2756g2">
            <Coords points="486,559 490,559 490,608 486,608"/>
            <TextEquiv index="1" conf="0.9989325702190399">
              <Unicode>æ</Unicode>
            </TextEquiv>
          </Glyph>
          <Glyph id="w2756g3">
            <Coords points="505,559 505,559 505,608 505,608"/>
            <TextEquiv index="1" conf="0.9999426156282425">
              <Unicode>d</Unicode>
            </TextEquiv>
          </Glyph>
          <Glyph id="w2756g4">
            <Coords points="520,559 524,559 524,608 520,608"/>
            <TextEquiv index="1" conf="0.999895766377449">
              <Unicode>o</Unicode>
            </TextEquiv>
          </Glyph>
          <Glyph id="w2756g5">
            <Coords points="532,559 536,559 536,608 532,608"/>
            <TextEquiv index="1" conf="0.9999093413352966">
              <Unicode>n</Unicode>
            </TextEquiv>
          </Glyph>
          <Glyph id="w2756g6">
            <Coords points="555,559 555,559 555,608 555,608"/>
            <TextEquiv index="1" conf="0.9999881982803345">
              <Unicode>e</Unicode>
            </TextEquiv>
          </Glyph>
          <Glyph id="w2756g7">
            <Coords points="566,559 570,559 570,608 566,608"/>
            <TextEquiv index="1" conf="0.9999770224094391">
              <Unicode>s</Unicode>
            </TextEquiv>
          </Glyph>
          <TextEquiv index="1" conf="0.9225946733326452">
            <Unicode>prædones</Unicode>
          </TextEquiv>
        </Word>
        <Word id="w2757">
          <Coords points="593,559 689,559 689,608 593,608"/>
          <Glyph id="w2757g0">
            <Coords points="593,559 593,559 593,608 593,608"/>
            <TextEquiv index="1" conf="0.9985898435115814">
              <Unicode>i</Unicode>
            </TextEquiv>
          </Glyph>
          <Glyph id="w2757g1">
            <Coords points="605,559 605,559 605,608 605,608"/>
            <TextEquiv index="1" conf="0.9996743202209473">
              <Unicode>n</Unicode>
            </TextEquiv>
          </Glyph>
          <Glyph id="w2757g2">
            <Coords points="624,559 628,559 628,608 624,608"/>
            <TextEquiv index="1" conf="0.8221271559596062">
              <Unicode>e</Unicode>
            </TextEquiv>
          </Glyph>
          <Glyph id="w2757g3">
            <Coords points="635,559 635,559 635,608 635,608"/>
            <TextEquiv index="1" conf="0.9987680464982986">
              <Unicode>i</Unicode>
            </TextEquiv>
          </Glyph>
          <Glyph id="w2757g4">
            <Coords points="651,559 655,559 655,608 651,608"/>
            <TextEquiv index="1" conf="0.9999767243862152">
              <Unicode>d</Unicode>
            </TextEquiv>
          </Glyph>
          <Glyph id="w2757g5">
            <Coords points="662,559 662,559 662,608 662,608"/>
            <TextEquiv index="1" conf="0.9999454021453857">
              <Unicode>i</Unicode>
            </TextEquiv>
          </Glyph>
          <Glyph id="w2757g6">
            <Coords points="674,559 674,559 674,608 674,608"/>
            <TextEquiv index="1" conf="0.999992847442627">
              <Unicode>t</Unicode>
            </TextEquiv>
          </Glyph>
          <Glyph id="w2757g7">
            <Coords points="689,559 689,559 689,608 689,608"/>
            <TextEquiv index="1" conf="0.9969685524702072">
              <Unicode>,</Unicode>
            </TextEquiv>
          </Glyph>
          <TextEquiv index="1" conf="0.8171350630562466">
            <Unicode>ineidit,</Unicode>
          </TextEquiv>
        </Word>
        <Word id="w2758">
          <Coords points="720,559 869,559 869,608 720,608"/>
          <Glyph id="w2758g0">
            <Coords points="720,559 720,559 720,608 720,608"/>
            <TextEquiv index="1" conf="0.9940542429685593">
              <Unicode>p</Unicode>
            </TextEquiv>
          </Glyph>
          <Glyph id="w2758g1">
            <Coords points="735,559 739,559 739,608 735,608"/>
            <TextEquiv index="1" conf="0.9971463878949484">
              <Unicode>r</Unicode>
            </TextEquiv>
          </Glyph>
          <Glyph id="w2758g2">
            <Coords points="758,559 758,559 758,608 758,608"/>
            <TextEquiv index="1" conf="0.9998693764209747">
              <Unicode>æ</Unicode>
            </TextEquiv>
          </Glyph>
          <Glyph id="w2758g3">
            <Coords points="773,559 777,559 777,608 773,608"/>
            <TextEquiv index="1" conf="0.9999755620956421">
              <Unicode>d</Unicode>
            </TextEquiv>
          </Glyph>
          <Glyph id="w2758g4">
            <Coords points="789,559 793,559 793,608 789,608"/>
            <TextEquiv index="1" conf="0.99953693151474">
              <Unicode>o</Unicode>
            </TextEquiv>
          </Glyph>
          <Glyph id="w2758g5">
            <Coords points="804,559 804,559 804,608 804,608"/>
            <TextEquiv index="1" conf="0.9997440576553345">
              <Unicode>n</Unicode>
            </TextEquiv>
          </Glyph>
          <Glyph id="w2758g6">
            <Coords points="819,559 823,559 823,608 819,608"/>
            <TextEquiv index="1" conf="0.9992879033088684">
              <Unicode>i</Unicode>
            </TextEquiv>
          </Glyph>
          <Glyph id="w2758g7">
            <Coords points="831,559 831,559 831,608 831,608"/>
            <TextEquiv index="1" conf="0.9996484816074371">
              <Unicode>b</Unicode>
            </TextEquiv>
          </Glyph>
          <Glyph id="w2758g8">
            <Coords points="846,559 850,559 850,608 846,608"/>
            <TextEquiv index="1" conf="0.9995371103286743">
              <Unicode>u</Unicode>
            </TextEquiv>
          </Glyph>
          <Glyph id="w2758g9">
            <Coords points="865,559 869,559 869,608 865,608"/>
            <TextEquiv index="1" conf="0.9998666644096375">
              <Unicode>s</Unicode>
            </TextEquiv>
          </Glyph>
          <TextEquiv index="1" conf="0.9887085446045397">
            <Unicode>prædonibus</Unicode>
          </TextEquiv>
        </Word>
        <TextEquiv index="1" conf="0.9887559962720653">
          <Unicode>Vera eertè narravi, in prædones ineidit, prædonibus</Unicode>
        </TextEquiv>
      </TextLine>
      <TextLine id="r0_l017">
        <Coords points="19,652 300,654 300,599 19,597 19,652"/>
        <Word id="w2759">
          <Coords points="95,597 146,597 146,654 95,654"/>
          <Glyph id="w2759g0">
            <Coords points="95,597 100,597 100,654 95,654"/>
            <TextEquiv index="1" conf="0.9848257899284363">
              <Unicode>r</Unicode>
            </TextEquiv>
          </Glyph>
          <Glyph id="w2759g1">
            <Coords points="119,597 119,597 119,654 119,654"/>
            <TextEquiv index="1" conf="0.9373594522476196">
              <Unicode>æ</Unicode>
            </TextEquiv>
          </Glyph>
          <Glyph id="w2759g2">
            <Coords points="132,597 137,597 137,654 132,654"/>
            <TextEquiv index="1" conf="0.9899093359708786">
              <Unicode>d</Unicode>
            </TextEquiv>
          </Glyph>
          <Glyph id="w2759g3">
            <Coords points="142,597 146,597 146,654 142,654"/>
            <TextEquiv index="1" conf="0.9667694270610809">
              <Unicode>a</Unicode>
            </TextEquiv>
          </Glyph>
          <TextEquiv index="1" conf="0.8834539244065198">
            <Unicode>ræda</Unicode>
          </TextEquiv>
        </Word>
        <Word id="w2760">
          <Coords points="170,597 239,597 239,654 170,654"/>
          <Glyph id="w2760g0">
            <Coords points="170,597 170,597 170,654 170,654"/>
            <TextEquiv index="1" conf="0.8674413561820984">
              <Unicode>f</Unicode>
            </TextEquiv>
          </Glyph>
          <Glyph id="w2760g1">
            <Coords points="179,597 179,597 179,654 179,654"/>
            <TextEquiv index="1" conf="0.9397075921297073">
              <Unicode>a</Unicode>
            </TextEquiv>
          </Glyph>
          <Glyph id="w2760g2">
            <Coords points="197,597 197,597 197,654 197,654"/>
            <TextEquiv index="1" conf="0.9998846650123596">
              <Unicode>c</Unicode>
            </TextEquiv>
          </Glyph>
          <Glyph id="w2760g3">
            <Coords points="207,597 211,597 211,654 207,654"/>
            <TextEquiv index="1" conf="0.9985111057758331">
              <Unicode>t</Unicode>
            </TextEquiv>
          </Glyph>
          <Glyph id="w2760g4">
            <Coords points="216,597 221,597 221,654 216,654"/>
            <TextEquiv index="1" conf="0.999565988779068">
              <Unicode>u</Unicode>
            </TextEquiv>
          </Glyph>
          <Glyph id="w2760g5">
            <Coords points="239,597 239,597 239,654 239,654"/>
            <TextEquiv index="1" conf="0.9998817443847656">
              <Unicode>s</Unicode>
            </TextEquiv>
          </Glyph>
          <TextEquiv index="1" conf="0.8133842831486999">
            <Unicode>factus</Unicode>
          </TextEquiv>
        </Word>
        <Word id="w2761">
          <Coords points="262,597 300,597 300,654 262,654"/>
          <Glyph id="w2761g0">
            <Coords points="262,597 262,597 262,654 262,654"/>
            <TextEquiv index="1" conf="0.9998142421245575">
              <Unicode>e</Unicode>
            </TextEquiv>
          </Glyph>
          <Glyph id="w2761g1">
            <Coords points="272,597 276,597 276,654 272,654"/>
            <TextEquiv index="1" conf="0.9894094914197922">
              <Unicode>ſ</Unicode>
            </TextEquiv>
          </Glyph>
          <Glyph id="w2761g2">
            <Coords points="286,597 286,597 286,654 286,654"/>
            <TextEquiv index="1" conf="0.9996815621852875">
              <Unicode>t</Unicode>
            </TextEquiv>
          </Glyph>
          <Glyph id="w2761g3">
            <Coords points="295,597 300,597 300,654 295,654"/>
            <TextEquiv index="1" conf="0.9784188866615295">
              <Unicode>.</Unicode>
            </TextEquiv>
          </Glyph>
          <TextEquiv index="1" conf="0.9675689001766611">
            <Unicode>eſt.</Unicode>
          </TextEquiv>
        </Word>
        <TextEquiv index="1" conf="0.9780846517533064">
          <Unicode>ræda factus eſt.</Unicode>
        </TextEquiv>
      </TextLine>
      <TextLine id="r0_l018">
        <Coords points="385,659 433,659 433,635 385,635 385,659"/>
        <Word id="w2762">
          <Coords points="394,635 397,635 397,659 394,659"/>
          <Glyph id="w2762g0">
            <Coords points="394,635 397,635 397,659 394,659"/>
            <TextEquiv index="1" conf="0.6488934357961018">
              <Unicode>0</Unicode>
            </TextEquiv>
          </Glyph>
          <TextEquiv index="1" conf="0.6488934357961018">
            <Unicode>0</Unicode>
          </TextEquiv>
        </Word>
        <TextEquiv index="1" conf="0.6488934357961018">
          <Unicode>0</Unicode>
        </TextEquiv>
      </TextLine>
      <TextLine id="r0_l019">
        <Coords points="330,672 330,671 330,653 331,653 333,655 334,655 344,665 345,665 350,670 562,671 564,669 564,664 565,663 604,664 604,663 550,662 549,662 549,654 548,652 547,652 546,651 539,651 538,650 474,650 473,649 337,648 336,649 330,649 329,649 329,670 329,671 328,671 327,671 328,672 330,672"/>
        <Word id="w2763">
          <Coords points="395,648 559,648 559,672 395,672"/>
          <Glyph id="w2763g0">
            <Coords points="395,648 398,648 398,672 395,672"/>
            <TextEquiv index="1" conf="0.999624952673912">
              <Unicode>C</Unicode>
            </TextEquiv>
          </Glyph>
          <Glyph id="w2763g1">
            <Coords points="431,648 435,648 435,672 431,672"/>
            <TextEquiv index="1" conf="0.5898116230964661">
              <Unicode>L</Unicode>
            </TextEquiv>
          </Glyph>
          <Glyph id="w2763g2">
            <Coords points="468,648 471,648 471,672 468,672"/>
            <TextEquiv index="1" conf="0.9171470701694489">
              <Unicode>E</Unicode>
            </TextEquiv>
          </Glyph>
          <Glyph id="w2763g3">
            <Coords points="504,648 508,648 508,672 504,672"/>
            <TextEquiv index="1" conf="0.9947619587182999">
              <Unicode>O</Unicode>
            </TextEquiv>
          </Glyph>
          <Glyph id="w2763g4">
            <Coords points="541,648 545,648 545,672 541,672"/>
            <TextEquiv index="1" conf="0.8952857255935669">
              <Unicode>B</Unicode>
            </TextEquiv>
          </Glyph>
          <Glyph id="w2763g5">
            <Coords points="556,648 559,648 559,672 556,672"/>
            <TextEquiv index="1" conf="0.9741702377796173">
              <Unicode>.</Unicode>
            </TextEquiv>
          </Glyph>
          <TextEquiv index="1" conf="0.46914283111676824">
            <Unicode>CLEOB.</Unicode>
          </TextEquiv>
        </Word>
        <TextEquiv index="1" conf="0.8951335946718851">
          <Unicode>CLEOB.</Unicode>
        </TextEquiv>
      </TextLine>
      <TextLine id="r0_l020">
        <Coords points="106,712 840,717 840,681 106,676 106,712"/>
        <Word id="w2764">
          <Coords points="113,676 157,676 157,717 113,717"/>
          <Glyph id="w2764g0">
            <Coords points="113,676 125,676 125,717 113,717"/>
            <TextEquiv index="1" conf="0.9880090355873108">
              <Unicode>H</Unicode>
            </TextEquiv>
          </Glyph>
          <Glyph id="w2764g1">
            <Coords points="137,676 141,676 141,717 137,717"/>
            <TextEquiv index="1" conf="0.9998709708452225">
              <Unicode>o</Unicode>
            </TextEquiv>
          </Glyph>
          <Glyph id="w2764g2">
            <Coords points="153,676 157,676 157,717 153,717"/>
            <TextEquiv index="1" conf="0.46561215445399284">
              <Unicode>e</Unicode>
            </TextEquiv>
          </Glyph>
          <TextEquiv index="1" conf="0.45996965852475313">
            <Unicode>Hoe</Unicode>
          </TextEquiv>
        </Word>
        <Word id="w2765">
          <Coords points="177,676 245,676 245,717 177,717"/>
          <Glyph id="w2765g0">
            <Coords points="177,676 177,676 177,717 177,717"/>
            <TextEquiv index="1" conf="0.8376324847340584">
              <Unicode>e</Unicode>
            </TextEquiv>
          </Glyph>
          <Glyph id="w2765g1">
            <Coords points="189,676 189,676 189,717 189,717"/>
            <TextEquiv index="1" conf="0.9932233393192291">
              <Unicode>u</Unicode>
            </TextEquiv>
          </Glyph>
          <Glyph id="w2765g2">
            <Coords points="205,676 205,676 205,717 205,717"/>
            <TextEquiv index="1" conf="0.9999223947525024">
              <Unicode>i</Unicode>
            </TextEquiv>
          </Glyph>
          <Glyph id="w2765g3">
            <Coords points="221,676 225,676 225,717 221,717"/>
            <TextEquiv index="1" conf="0.996215358376503">
              <Unicode>v</Unicode>
            </TextEquiv>
          </Glyph>
          <Glyph id="w2765g4">
            <Coords points="233,676 233,676 233,717 233,717"/>
            <TextEquiv index="1" conf="0.9998562633991241">
              <Unicode>i</Unicode>
            </TextEquiv>
          </Glyph>
          <Glyph id="w2765g5">
            <Coords points="245,676 245,676 245,717 245,717"/>
            <TextEquiv index="1" conf="0.9997295588254929">
              <Unicode>s</Unicode>
            </TextEquiv>
          </Glyph>
          <TextEquiv index="1" conf="0.8283999432058082">
            <Unicode>euivis</Unicode>
          </TextEquiv>
        </Word>
        <Word id="w2766">
          <Coords points="265,676 337,676 337,717 265,717"/>
          <Glyph id="w2766g0">
            <Coords points="265,676 269,676 269,717 265,717"/>
            <TextEquiv index="1" conf="0.9962023794651031">
              <Unicode>p</Unicode>
            </TextEquiv>
          </Glyph>
          <Glyph id="w2766g1">
            <Coords points="289,676 293,676 293,717 289,717"/>
            <TextEquiv index="1" conf="0.9993748515844345">
              <Unicode>o</Unicode>
            </TextEquiv>
          </Glyph>
          <Glyph id="w2766g2">
            <Coords points="301,676 301,676 301,717 301,717"/>
            <TextEquiv index="1" conf="0.9999608397483826">
              <Unicode>t</Unicode>
            </TextEquiv>
          </Glyph>
          <Glyph id="w2766g3">
            <Coords points="313,676 317,676 317,717 313,717"/>
            <TextEquiv index="1" conf="0.9986118078231812">
              <Unicode>e</Unicode>
            </TextEquiv>
          </Glyph>
          <Glyph id="w2766g4">
            <Coords points="325,676 325,676 325,717 325,717"/>
            <TextEquiv index="1" conf="0.9996180832386017">
              <Unicode>ſ</Unicode>
            </TextEquiv>
          </Glyph>
          <Glyph id="w2766g5">
            <Coords points="333,676 337,676 337,717 333,717"/>
            <TextEquiv index="1" conf="0.9999450743198395">
              <Unicode>t</Unicode>
            </TextEquiv>
          </Glyph>
          <TextEquiv index="1" conf="0.9937243464578436">
            <Unicode>poteſt</Unicode>
          </TextEquiv>
        </Word>
        <Word id="w2767">
          <Coords points="353,676 473,676 473,717 353,717"/>
          <Glyph id="w2767g0">
            <Coords points="353,676 357,676 357,717 353,717"/>
            <TextEquiv index="1" conf="0.9992930144071579">
              <Unicode>a</Unicode>
            </TextEquiv>
          </Glyph>
          <Glyph id="w2767g1">
            <Coords points="373,676 373,676 373,717 373,717"/>
            <TextEquiv index="1" conf="0.8124403730034828">
              <Unicode>e</Unicode>
            </TextEquiv>
          </Glyph>
          <Glyph id="w2767g2">
            <Coords points="385,676 389,676 389,717 385,717"/>
            <TextEquiv index="1" conf="0.49889907240867615">
              <Unicode>e</Unicode>
            </TextEquiv>
          </Glyph>
          <Glyph id="w2767g3">
            <Coords points="397,676 397,676 397,717 397,717"/>
            <TextEquiv index="1" conf="0.9988037794828415">
              <Unicode>i</Unicode>
            </TextEquiv>
          </Glyph>
          <Glyph id="w2767g4">
            <Coords points="413,676 413,676 413,717 413,717"/>
            <TextEquiv index="1" conf="0.9998077899217606">
              <Unicode>d</Unicode>
            </TextEquiv>
          </Glyph>
          <Glyph id="w2767g5">
            <Coords points="425,676 429,676 429,717 425,717"/>
            <TextEquiv index="1" conf="0.999985545873642">
              <Unicode>e</Unicode>
            </TextEquiv>
          </Glyph>
          <Glyph id="w2767g6">
            <Coords points="441,676 441,676 441,717 441,717"/>
            <TextEquiv index="1" conf="0.9998070299625397">
              <Unicode>r</Unicode>
            </TextEquiv>
          </Glyph>
          <Glyph id="w2767g7">
            <Coords points="453,676 457,676 457,717 453,717"/>
            <TextEquiv index="1" conf="0.9996785074472427">
              <Unicode>e</Unicode>
            </TextEquiv>
          </Glyph>
          <Glyph id="w2767g8">
            <Coords points="469,676 473,676 473,717 469,717"/>
            <TextEquiv index="1" conf="0.9960009306669235">
              <Unicode>,</Unicode>
            </TextEquiv>
          </Glyph>
          <TextEquiv index="1" conf="0.4026463310471424">
            <Unicode>aeeidere,</Unicode>
          </TextEquiv>
        </Word>
        <Word id="w2768">
          <Coords points="497,676 537,676 537,717 497,717"/>
          <Glyph id="w2768g0">
            <Coords points="497,676 497,676 497,717 497,717"/>
            <TextEquiv index="1" conf="0.9998068362474442">
              <Unicode>h</Unicode>
            </TextEquiv>
          </Glyph>
          <Glyph id="w2768g1">
            <Coords points="517,676 525,676 525,717 517,717"/>
            <TextEquiv index="1" conf="0.9973397850990295">
              <Unicode>o</Unicode>
            </TextEquiv>
          </Glyph>
          <Glyph id="w2768g2">
            <Coords points="537,676 537,676 537,717 537,717"/>
            <TextEquiv index="1" conf="0.5073423418216407">
              <Unicode>c</Unicode>
            </TextEquiv>
          </Glyph>
          <TextEquiv index="1" conf="0.5058949627149176">
            <Unicode>hoc</Unicode>
          </TextEquiv>
        </Word>
        <Word id="w2769">
          <Coords points="569,676 629,676 629,717 569,717"/>
          <Glyph id="w2769g0">
            <Coords points="569,676 569,676 569,717 569,717"/>
            <TextEquiv index="1" conf="0.9999857544898987">
              <Unicode>m</Unicode>
            </TextEquiv>
          </Glyph>
          <Glyph id="w2769g1">
            <Coords points="585,676 589,676 589,717 585,717"/>
            <TextEquiv index="1" conf="0.9994466304779053">
              <Unicode>i</Unicode>
            </TextEquiv>
          </Glyph>
          <Glyph id="w2769g2">
            <Coords points="597,676 597,676 597,717 597,717"/>
            <TextEquiv index="1" conf="0.9972109645605087">
              <Unicode>h</Unicode>
            </TextEquiv>
          </Glyph>
          <Glyph id="w2769g3">
            <Coords points="613,676 613,676 613,717 613,717"/>
            <TextEquiv index="1" conf="0.9995195269584656">
              <Unicode>i</Unicode>
            </TextEquiv>
          </Glyph>
          <Glyph id="w2769g4">
            <Coords points="625,676 629,676 629,717 625,717"/>
            <TextEquiv index="1" conf="0.9899810254573822">
              <Unicode>,</Unicode>
            </TextEquiv>
          </Glyph>
          <TextEquiv index="1" conf="0.9861855168715642">
            <Unicode>mihi,</Unicode>
          </TextEquiv>
        </Word>
        <Word id="w2770">
          <Coords points="657,676 697,676 697,717 657,717"/>
          <Glyph id="w2770g0">
            <Coords points="657,676 657,676 657,717 657,717"/>
            <TextEquiv index="1" conf="0.9996075481176376">
              <Unicode>h</Unicode>
            </TextEquiv>
          </Glyph>
          <Glyph id="w2770g1">
            <Coords points="677,676 681,676 681,717 677,717"/>
            <TextEquiv index="1" conf="0.9983557015657425">
              <Unicode>o</Unicode>
            </TextEquiv>
          </Glyph>
          <Glyph id="w2770g2">
            <Coords points="693,676 697,676 697,717 693,717"/>
            <TextEquiv index="1" conf="0.7437161691486835">
              <Unicode>c</Unicode>
            </TextEquiv>
          </Glyph>
          <TextEquiv index="1" conf="0.7422018849317">
            <Unicode>hoc</Unicode>
          </TextEquiv>
        </Word>
        <Word id="w2771">
          <Coords points="713,676 765,676 765,717 713,717"/>
          <Glyph id="w2771g0">
            <Coords points="713,676 717,676 717,717 713,717"/>
            <TextEquiv index="1" conf="0.999868780374527">
              <Unicode>t</Unicode>
            </TextEquiv>
          </Glyph>
          <Glyph id="w2771g1">
            <Coords points="725,676 725,676 725,717 725,717"/>
            <TextEquiv index="1" conf="0.9997076988220215">
              <Unicode>i</Unicode>
            </TextEquiv>
          </Glyph>
          <Glyph id="w2771g2">
            <Coords points="733,676 737,676 737,717 733,717"/>
            <TextEquiv index="1" conf="0.9988014250993729">
              <Unicode>b</Unicode>
            </TextEquiv>
          </Glyph>
          <Glyph id="w2771g3">
            <Coords points="753,676 753,676 753,717 753,717"/>
            <TextEquiv index="1" conf="0.9997177571058273">
              <Unicode>i</Unicode>
            </TextEquiv>
          </Glyph>
          <Glyph id="w2771g4">
            <Coords points="765,676 765,676 765,717 765,717"/>
            <TextEquiv index="1" conf="0.9960578978061676">
              <Unicode>.</Unicode>
            </TextEquiv>
          </Glyph>
          <TextEquiv index="1" conf="0.9941620659509655">
            <Unicode>tibi.</Unicode>
          </TextEquiv>
        </Word>
        <TextEquiv index="1" conf="0.9528934477551028">
          <Unicode>Hoe euivis poteſt aeeidere, hoc mihi, hoc tibi.</Unicode>
        </TextEquiv>
      </TextLine>
      <TextLine id="r0_l021">
        <Coords points="345,750 582,752 583,717 346,715 345,750"/>
        <Word id="w2772">
          <Coords points="355,715 450,715 450,752 355,752"/>
          <Glyph id="w2772g0">
            <Coords points="355,715 359,715 359,752 355,752"/>
            <TextEquiv index="1" conf="0.9979833215475082">
              <Unicode>P</Unicode>
            </TextEquiv>
          </Glyph>
          <Glyph id="w2772g1">
            <Coords points="385,715 389,715 389,752 385,752"/>
            <TextEquiv index="1" conf="0.9983683377504349">
              <Unicode>A</Unicode>
            </TextEquiv>
          </Glyph>
          <Glyph id="w2772g2">
            <Coords points="431,715 435,715 435,752 431,752"/>
            <TextEquiv index="1" conf="0.7670795818169911">
              <Unicode>R</Unicode>
            </TextEquiv>
          </Glyph>
          <Glyph id="w2772g3">
            <Coords points="446,715 450,715 450,752 446,752"/>
            <TextEquiv index="1" conf="0.9502042531967163">
              <Unicode>.</Unicode>
            </TextEquiv>
          </Glyph>
          <TextEquiv index="1" conf="0.7262254687043329">
            <Unicode>PAR.</Unicode>
          </TextEquiv>
        </Word>
        <Word id="w2773">
          <Coords points="503,715 575,715 575,752 503,752"/>
          <Glyph id="w2773g0">
            <Coords points="503,715 503,715 503,752 503,752"/>
            <TextEquiv index="1" conf="0.8906072080135345">
              <Unicode>p</Unicode>
            </TextEquiv>
          </Glyph>
          <Glyph id="w2773g1">
            <Coords points="518,715 518,715 518,752 518,752"/>
            <TextEquiv index="1" conf="0.7145508825778961">
              <Unicode>a</Unicode>
            </TextEquiv>
          </Glyph>
          <Glyph id="w2773g2">
            <Coords points="534,715 537,715 537,752 534,752"/>
            <TextEquiv index="1" conf="0.9980172365903854">
              <Unicode>r</Unicode>
            </TextEquiv>
          </Glyph>
          <Glyph id="w2773g3">
            <Coords points="549,715 549,715 549,752 549,752"/>
            <TextEquiv index="1" conf="0.5485894866287708">
              <Unicode>i</Unicode>
            </TextEquiv>
          </Glyph>
          <Glyph id="w2773g4">
            <Coords points="560,715 564,715 564,752 560,752"/>
            <TextEquiv index="1" conf="0.9985915273427963">
              <Unicode>e</Unicode>
            </TextEquiv>
          </Glyph>
          <Glyph id="w2773g5">
            <Coords points="575,715 575,715 575,752 575,752"/>
            <TextEquiv index="1" conf="0.9978554844856262">
              <Unicode>.</Unicode>
            </TextEquiv>
          </Glyph>
          <TextEquiv index="1" conf="0.34718456851198837">
            <Unicode>parie.</Unicode>
          </TextEquiv>
        </Word>
        <TextEquiv index="1" conf="0.903629090119567">
          <Unicode>PAR.  parie.</Unicode>
        </TextEquiv>
      </TextLine>
      <TextLine id="r0_l022">
        <Coords points="103,778 471,780 471,743 103,741 103,778"/>
        <Word id="w2774">
          <Coords points="112,741 156,741 156,780 112,780"/>
          <Glyph id="w2774g0">
            <Coords points="112,741 127,741 127,780 112,780"/>
            <TextEquiv index="1" conf="0.9997273236513138">
              <Unicode>N</Unicode>
            </TextEquiv>
          </Glyph>
          <Glyph id="w2774g1">
            <Coords points="141,741 145,741 145,780 141,780"/>
            <TextEquiv index="1" conf="0.9996156692504883">
              <Unicode>o</Unicode>
            </TextEquiv>
          </Glyph>
          <Glyph id="w2774g2">
            <Coords points="156,741 156,741 156,780 156,780"/>
            <TextEquiv index="1" conf="0.999379113316536">
              <Unicode>n</Unicode>
            </TextEquiv>
          </Glyph>
          <TextEquiv index="1" conf="0.9987226188781341">
            <Unicode>Non</Unicode>
          </TextEquiv>
        </Word>
        <Word id="w2775">
          <Coords points="182,741 225,741 225,780 182,780"/>
          <Glyph id="w2775g0">
            <Coords points="182,741 182,741 182,780 182,780"/>
            <TextEquiv index="1" conf="0.9987553954124451">
              <Unicode>i</Unicode>
            </TextEquiv>
          </Glyph>
          <Glyph id="w2775g1">
            <Coords points="192,741 192,741 192,780 192,780"/>
            <TextEquiv index="1" conf="0.9996728301048279">
              <Unicode>t</Unicode>
            </TextEquiv>
          </Glyph>
          <Glyph id="w2775g2">
            <Coords points="203,741 207,741 207,780 203,780"/>
            <TextEquiv index="1" conf="0.9998276233673096">
              <Unicode>e</Unicode>
            </TextEquiv>
          </Glyph>
          <Glyph id="w2775g3">
            <Coords points="225,741 225,741 225,780 225,780"/>
            <TextEquiv index="1" conf="0.9999833106994629">
              <Unicode>m</Unicode>
            </TextEquiv>
          </Glyph>
          <TextEquiv index="1" conf="0.998239866745545">
            <Unicode>item</Unicode>
          </TextEquiv>
        </Word>
        <Word id="w2776">
          <Coords points="262,741 320,741 320,780 262,780"/>
          <Glyph id="w2776g0">
            <Coords points="262,741 266,741 266,780 262,780"/>
            <TextEquiv index="1" conf="0.9999075680971146">
              <Unicode>m</Unicode>
            </TextEquiv>
          </Glyph>
          <Glyph id="w2776g1">
            <Coords points="280,741 280,741 280,780 280,780"/>
            <TextEquiv index="1" conf="0.9994774758815765">
              <Unicode>i</Unicode>
            </TextEquiv>
          </Glyph>
          <Glyph id="w2776g2">
            <Coords points="291,741 291,741 291,780 291,780"/>
            <TextEquiv index="1" conf="0.9998600780963898">
              <Unicode>h</Unicode>
            </TextEquiv>
          </Glyph>
          <Glyph id="w2776g3">
            <Coords points="309,741 309,741 309,780 309,780"/>
            <TextEquiv index="1" conf="0.9992967247962952">
              <Unicode>i</Unicode>
            </TextEquiv>
          </Glyph>
          <Glyph id="w2776g4">
            <Coords points="320,741 320,741 320,780 320,780"/>
            <TextEquiv index="1" conf="0.9937947541475296">
              <Unicode>:</Unicode>
            </TextEquiv>
          </Glyph>
          <TextEquiv index="1" conf="0.9923463102196761">
            <Unicode>mihi:</Unicode>
          </TextEquiv>
        </Word>
        <Word id="w2777">
          <Coords points="346,741 445,741 445,780 346,780"/>
          <Glyph id="w2777g0">
            <Coords points="346,741 350,741 350,780 346,780"/>
            <TextEquiv index="1" conf="0.9967800229787827">
              <Unicode>n</Unicode>
            </TextEquiv>
          </Glyph>
          <Glyph id="w2777g1">
            <Coords points="364,741 368,741 368,780 364,780"/>
            <TextEquiv index="1" conf="0.9966365545988083">
              <Unicode>a</Unicode>
            </TextEquiv>
          </Glyph>
          <Glyph id="w2777g2">
            <Coords points="390,741 390,741 390,780 390,780"/>
            <TextEquiv index="1" conf="0.9998788088560104">
              <Unicode>m</Unicode>
            </TextEquiv>
          </Glyph>
          <Glyph id="w2777g3">
            <Coords points="415,741 445,741 445,780 415,780"/>
            <TextEquiv index="1" conf="0.707020491361618">
              <Unicode>.</Unicode>
            </TextEquiv>
          </Glyph>
          <Glyph id="w2777g4">
            <Coords points="445,741 445,741 445,780 445,780"/>
            <TextEquiv index="1" conf="0.7141222655773163">
              <Unicode>.</Unicode>
            </TextEquiv>
          </Glyph>
          <TextEquiv index="1" conf="0.5015197922509547">
            <Unicode>nam..</Unicode>
          </TextEquiv>
        </Word>
        <TextEquiv index="1" conf="0.9699792340397835">
          <Unicode>Non item mihi: nam..</Unicode>
        </TextEquiv>
      </TextLine>
      <TextLine id="r0_l023">
        <Coords points="383,815 562,816 562,791 383,790 383,815"/>
        <Word id="w2778">
          <Coords points="397,790 401,790 401,816 397,816"/>
          <Glyph id="w2778g0">
            <Coords points="397,790 401,790 401,816 397,816"/>
            <TextEquiv index="1" conf="0.9999239146709442">
              <Unicode>C</Unicode>
            </TextEquiv>
          </Glyph>
          <TextEquiv index="1" conf="0.9999239146709442">
            <Unicode>C</Unicode>
          </TextEquiv>
        </Word>
        <Word id="w2779">
          <Coords points="427,790 555,790 555,816 427,816"/>
          <Glyph id="w2779g0">
            <Coords points="427,790 438,790 438,816 427,816"/>
            <TextEquiv index="1" conf="0.7363079190254211">
              <Unicode>H</Unicode>
            </TextEquiv>
          </Glyph>
          <Glyph id="w2779g1">
            <Coords points="469,790 476,790 476,816 469,816"/>
            <TextEquiv index="1" conf="0.9533790946006775">
              <Unicode>R</Unicode>
            </TextEquiv>
          </Glyph>
          <Glyph id="w2779g2">
            <Coords points="506,790 510,790 510,816 506,816"/>
            <TextEquiv index="1" conf="0.8786893685658773">
              <Unicode>I</Unicode>
            </TextEquiv>
          </Glyph>
          <Glyph id="w2779g3">
            <Coords points="540,790 540,790 540,816 540,816"/>
            <TextEquiv index="1" conf="0.9991468638181686">
              <Unicode>S</Unicode>
            </TextEquiv>
          </Glyph>
          <Glyph id="w2779g4">
            <Coords points="552,790 555,790 555,816 552,816"/>
            <TextEquiv index="1" conf="0.9316605627536774">
              <Unicode>.</Unicode>
            </TextEquiv>
          </Glyph>
          <TextEquiv index="1" conf="0.5741792709112078">
            <Unicode>HRIS.</Unicode>
          </TextEquiv>
        </Word>
        <TextEquiv index="1" conf="0.8918517047450656">
          <Unicode>C HRIS.</Unicode>
        </TextEquiv>
      </TextLine>
      <TextLine id="r0_l024">
        <Coords points="109,856 890,861 890,819 109,814 109,856"/>
        <Word id="w2780">
          <Coords points="123,814 215,814 215,861 123,861"/>
          <Glyph id="w2780g0">
            <Coords points="123,814 131,814 131,861 123,861"/>
            <TextEquiv index="1" conf="0.9993200451135635">
              <Unicode>O</Unicode>
            </TextEquiv>
          </Glyph>
          <Glyph id="w2780g1">
            <Coords points="146,814 150,814 150,861 146,861"/>
            <TextEquiv index="1" conf="0.9993094056844711">
              <Unicode>m</Unicode>
            </TextEquiv>
          </Glyph>
          <Glyph id="w2780g2">
            <Coords points="165,814 165,814 165,861 165,861"/>
            <TextEquiv index="1" conf="0.9998253136873245">
              <Unicode>i</Unicode>
            </TextEquiv>
          </Glyph>
          <Glyph id="w2780g3">
            <Coords points="173,814 177,814 177,861 173,861"/>
            <TextEquiv index="1" conf="0.9953760802745819">
              <Unicode>t</Unicode>
            </TextEquiv>
          </Glyph>
          <Glyph id="w2780g4">
            <Coords points="184,814 184,814 184,861 184,861"/>
            <TextEquiv index="1" conf="0.9997094124555588">
              <Unicode>t</Unicode>
            </TextEquiv>
          </Glyph>
          <Glyph id="w2780g5">
            <Coords points="199,814 199,814 199,861 199,861"/>
            <TextEquiv index="1" conf="0.9999856352806091">
              <Unicode>e</Unicode>
            </TextEquiv>
          </Glyph>
          <Glyph id="w2780g6">
            <Coords points="215,814 215,814 215,861 215,861"/>
            <TextEquiv index="1" conf="0.9991610646247864">
              <Unicode>,</Unicode>
            </TextEquiv>
          </Glyph>
          <TextEquiv index="1" conf="0.9927021140391861">
            <Unicode>Omitte,</Unicode>
          </TextEquiv>
        </Word>
        <Word id="w2781">
          <Coords points="249,814 368,814 368,861 249,861"/>
          <Glyph id="w2781g0">
            <Coords points="249,814 253,814 253,861 249,861"/>
            <TextEquiv index="1" conf="0.9999704360961914">
              <Unicode>C</Unicode>
            </TextEquiv>
          </Glyph>
          <Glyph id="w2781g1">
            <Coords points="261,814 264,814 264,861 261,861"/>
            <TextEquiv index="1" conf="0.9898673593997955">
              <Unicode>l</Unicode>
            </TextEquiv>
          </Glyph>
          <Glyph id="w2781g2">
            <Coords points="276,814 276,814 276,861 276,861"/>
            <TextEquiv index="1" conf="0.9998210072517395">
              <Unicode>e</Unicode>
            </TextEquiv>
          </Glyph>
          <Glyph id="w2781g3">
            <Coords points="291,814 295,814 295,861 291,861"/>
            <TextEquiv index="1" conf="0.9998873919248581">
              <Unicode>o</Unicode>
            </TextEquiv>
          </Glyph>
          <Glyph id="w2781g4">
            <Coords points="303,814 303,814 303,861 303,861"/>
            <TextEquiv index="1" conf="0.7514913603663445">
              <Unicode>b</Unicode>
            </TextEquiv>
          </Glyph>
          <Glyph id="w2781g5">
            <Coords points="318,814 322,814 322,861 318,861"/>
            <TextEquiv index="1" conf="0.9999222010374069">
              <Unicode>u</Unicode>
            </TextEquiv>
          </Glyph>
          <Glyph id="w2781g6">
            <Coords points="337,814 337,814 337,861 337,861"/>
            <TextEquiv index="1" conf="0.9999417662620544">
              <Unicode>l</Unicode>
            </TextEquiv>
          </Glyph>
          <Glyph id="w2781g7">
            <Coords points="348,814 352,814 352,861 348,861"/>
            <TextEquiv index="1" conf="0.9997405707836151">
              <Unicode>e</Unicode>
            </TextEquiv>
          </Glyph>
          <Glyph id="w2781g8">
            <Coords points="368,814 368,814 368,861 368,861"/>
            <TextEquiv index="1" conf="0.9928455203771591">
              <Unicode>,</Unicode>
            </TextEquiv>
          </Glyph>
          <TextEquiv index="1" conf="0.7380255937739778">
            <Unicode>Cleobule,</Unicode>
          </TextEquiv>
        </Word>
        <Word id="w2782">
          <Coords points="394,814 471,814 471,861 394,861"/>
          <Glyph id="w2782g0">
            <Coords points="394,814 394,814 394,861 394,861"/>
            <TextEquiv index="1" conf="0.930191770195961">
              <Unicode>f</Unicode>
            </TextEquiv>
          </Glyph>
          <Glyph id="w2782g1">
            <Coords points="402,814 406,814 406,861 402,861"/>
            <TextEquiv index="1" conf="0.9962239265441895">
              <Unicode>a</Unicode>
            </TextEquiv>
          </Glyph>
          <Glyph id="w2782g2">
            <Coords points="421,814 425,814 425,861 421,861"/>
            <TextEquiv index="1" conf="0.9999739527702332">
              <Unicode>c</Unicode>
            </TextEquiv>
          </Glyph>
          <Glyph id="w2782g3">
            <Coords points="432,814 432,814 432,861 432,861"/>
            <TextEquiv index="1" conf="0.9994746148586273">
              <Unicode>t</Unicode>
            </TextEquiv>
          </Glyph>
          <Glyph id="w2782g4">
            <Coords points="444,814 448,814 448,861 444,861"/>
            <TextEquiv index="1" conf="0.9999078959226608">
              <Unicode>u</Unicode>
            </TextEquiv>
          </Glyph>
          <Glyph id="w2782g5">
            <Coords points="471,814 471,814 471,861 471,861"/>
            <TextEquiv index="1" conf="0.999991774559021">
              <Unicode>m</Unicode>
            </TextEquiv>
          </Glyph>
          <TextEquiv index="1" conf="0.9260753881440082">
            <Unicode>factum</Unicode>
          </TextEquiv>
        </Word>
        <Word id="w2783">
          <Coords points="501,814 604,814 604,861 501,861"/>
          <Glyph id="w2783g0">
            <Coords points="501,814 505,814 505,861 501,861"/>
            <TextEquiv index="1" conf="0.9992235451936722">
              <Unicode>e</Unicode>
            </TextEquiv>
          </Glyph>
          <Glyph id="w2783g1">
            <Coords points="517,814 520,814 520,861 517,861"/>
            <TextEquiv index="1" conf="0.9992282688617706">
              <Unicode>x</Unicode>
            </TextEquiv>
          </Glyph>
          <Glyph id="w2783g2">
            <Coords points="536,814 536,814 536,861 536,861"/>
            <TextEquiv index="1" conf="0.9963344931602478">
              <Unicode>c</Unicode>
            </TextEquiv>
          </Glyph>
          <Glyph id="w2783g3">
            <Coords points="543,814 547,814 547,861 543,861"/>
            <TextEquiv index="1" conf="0.9986851513385773">
              <Unicode>u</Unicode>
            </TextEquiv>
          </Glyph>
          <Glyph id="w2783g4">
            <Coords points="562,814 562,814 562,861 562,861"/>
            <TextEquiv index="1" conf="0.9967759996652603">
              <Unicode>ſ</Unicode>
            </TextEquiv>
          </Glyph>
          <Glyph id="w2783g5">
            <Coords points="570,814 574,814 574,861 570,861"/>
            <TextEquiv index="1" conf="0.9947543293237686">
              <Unicode>a</Unicode>
            </TextEquiv>
          </Glyph>
          <Glyph id="w2783g6">
            <Coords points="589,814 589,814 589,861 589,861"/>
            <TextEquiv index="1" conf="0.9999858736991882">
              <Unicode>r</Unicode>
            </TextEquiv>
          </Glyph>
          <Glyph id="w2783g7">
            <Coords points="601,814 604,814 604,861 601,861"/>
            <TextEquiv index="1" conf="0.9998369812965393">
              <Unicode>e</Unicode>
            </TextEquiv>
          </Glyph>
          <TextEquiv index="1" conf="0.9849123908052049">
            <Unicode>excuſare</Unicode>
          </TextEquiv>
        </Word>
        <Word id="w2784">
          <Coords points="627,814 761,814 761,861 627,861"/>
          <Glyph id="w2784g0">
            <Coords points="627,814 627,814 627,861 627,861"/>
            <TextEquiv index="1" conf="0.729245993308723">
              <Unicode>p</Unicode>
            </TextEquiv>
          </Glyph>
          <Glyph id="w2784g1">
            <Coords points="646,814 646,814 646,861 646,861"/>
            <TextEquiv index="1" conf="0.9999772608280182">
              <Unicode>e</Unicode>
            </TextEquiv>
          </Glyph>
          <Glyph id="w2784g2">
            <Coords points="658,814 658,814 658,861 658,861"/>
            <TextEquiv index="1" conf="0.9989819228649139">
              <Unicode>ſ</Unicode>
            </TextEquiv>
          </Glyph>
          <Glyph id="w2784g3">
            <Coords points="666,814 666,814 666,861 666,861"/>
            <TextEquiv index="1" conf="0.9926096498966217">
              <Unicode>ſ</Unicode>
            </TextEquiv>
          </Glyph>
          <Glyph id="w2784g4">
            <Coords points="673,814 677,814 677,861 673,861"/>
            <TextEquiv index="1" conf="0.9729030579328537">
              <Unicode>i</Unicode>
            </TextEquiv>
          </Glyph>
          <Glyph id="w2784g5">
            <Coords points="692,814 696,814 696,861 692,861"/>
            <TextEquiv index="1" conf="0.9999829530715942">
              <Unicode>m</Unicode>
            </TextEquiv>
          </Glyph>
          <Glyph id="w2784g6">
            <Coords points="711,814 715,814 715,861 711,861"/>
            <TextEquiv index="1" conf="0.999696210026741">
              <Unicode>u</Unicode>
            </TextEquiv>
          </Glyph>
          <Glyph id="w2784g7">
            <Coords points="738,814 742,814 742,861 738,861"/>
            <TextEquiv index="1" conf="0.9999901056289673">
              <Unicode>m</Unicode>
            </TextEquiv>
          </Glyph>
          <Glyph id="w2784g8">
            <Coords points="761,814 761,814 761,861 761,861"/>
            <TextEquiv index="1" conf="0.9964385479688644">
              <Unicode>,</Unicode>
            </TextEquiv>
          </Glyph>
          <TextEquiv index="1" conf="0.700771986105934">
            <Unicode>peſſimum,</Unicode>
          </TextEquiv>
        </Word>
        <Word id="w2785">
          <Coords points="795,814 814,814 814,861 795,861"/>
          <Glyph id="w2785g0">
            <Coords points="795,814 795,814 795,861 795,861"/>
            <TextEquiv index="1" conf="0.9992142617702484">
              <Unicode>i</Unicode>
            </TextEquiv>
          </Glyph>
          <Glyph id="w2785g1">
            <Coords points="807,814 814,814 814,861 807,861"/>
            <TextEquiv index="1" conf="0.9999882876873016">
              <Unicode>d</Unicode>
            </TextEquiv>
          </Glyph>
          <TextEquiv index="1" conf="0.9992025586603619">
            <Unicode>id</Unicode>
          </TextEquiv>
        </Word>
        <Word id="w2786">
          <Coords points="830,814 864,814 864,861 830,861"/>
          <Glyph id="w2786g0">
            <Coords points="830,814 834,814 834,861 830,861"/>
            <TextEquiv index="1" conf="0.9999107718467712">
              <Unicode>n</Unicode>
            </TextEquiv>
          </Glyph>
          <Glyph id="w2786g1">
            <Coords points="853,814 853,814 853,861 853,861"/>
            <TextEquiv index="1" conf="0.9996544718742371">
              <Unicode>e</Unicode>
            </TextEquiv>
          </Glyph>
          <Glyph id="w2786g2">
            <Coords points="860,814 864,814 864,861 860,861"/>
            <TextEquiv index="1" conf="0.9991273134946823">
              <Unicode>-</Unicode>
            </TextEquiv>
          </Glyph>
          <TextEquiv index="1" conf="0.9986929674255592">
            <Unicode>ne-</Unicode>
          </TextEquiv>
        </Word>
        <TextEquiv index="1" conf="0.9863852339051664">
          <Unicode>Omitte, Cleobule, factum excuſare peſſimum, id ne-</Unicode>
        </TextEquiv>
      </TextLine>
      <TextLine id="r0_l025">
        <Coords points="837,898 839,897 839,891 839,890 864,890 865,889 867,889 871,886 871,878 867,874 834,874 833,873 753,873 752,872 742,872 742,871 742,864 617,863 616,862 613,862 612,863 209,860 208,859 180,859 179,858 178,858 177,857 29,856 28,855 28,852 27,851 27,850 22,850 21,850 21,858 20,859 20,889 21,890 21,891 21,892 263,893 264,893 264,888 264,887 762,891 763,892 829,892 830,893 830,897 833,897 834,898 837,898"/>
        <Word id="w2787">
          <Coords points="80,850 118,850 118,898 80,898"/>
          <Glyph id="w2787g0">
            <Coords points="80,850 84,850 84,898 80,898"/>
            <TextEquiv index="1" conf="0.9274614006280899">
              <Unicode>q</Unicode>
            </TextEquiv>
          </Glyph>
          <Glyph id="w2787g1">
            <Coords points="95,850 95,850 95,898 95,898"/>
            <TextEquiv index="1" conf="0.49816204933449626">
              <Unicode>u</Unicode>
            </TextEquiv>
          </Glyph>
          <Glyph id="w2787g2">
            <Coords points="114,850 118,850 118,898 114,898"/>
            <TextEquiv index="1" conf="0.9999080449342728">
              <Unicode>e</Unicode>
            </TextEquiv>
          </Glyph>
          <TextEquiv index="1" conf="0.46198358637771164">
            <Unicode>que</Unicode>
          </TextEquiv>
        </Word>
        <Word id="w2788">
          <Coords points="134,850 233,850 233,898 134,898"/>
          <Glyph id="w2788g0">
            <Coords points="134,850 137,850 137,898 134,898"/>
            <TextEquiv index="1" conf="0.9991239905357361">
              <Unicode>p</Unicode>
            </TextEquiv>
          </Glyph>
          <Glyph id="w2788g1">
            <Coords points="153,850 157,850 157,898 153,898"/>
            <TextEquiv index="1" conf="0.8749272227287292">
              <Unicode>o</Unicode>
            </TextEquiv>
          </Glyph>
          <Glyph id="w2788g2">
            <Coords points="168,850 168,850 168,898 168,898"/>
            <TextEquiv index="1" conf="0.9959889352321625">
              <Unicode>ſ</Unicode>
            </TextEquiv>
          </Glyph>
          <Glyph id="w2788g3">
            <Coords points="179,850 179,850 179,898 179,898"/>
            <TextEquiv index="1" conf="0.9967412948608398">
              <Unicode>t</Unicode>
            </TextEquiv>
          </Glyph>
          <Glyph id="w2788g4">
            <Coords points="187,850 191,850 191,898 187,898"/>
            <TextEquiv index="1" conf="0.9996660649776459">
              <Unicode>u</Unicode>
            </TextEquiv>
          </Glyph>
          <Glyph id="w2788g5">
            <Coords points="206,850 206,850 206,898 206,898"/>
            <TextEquiv index="1" conf="0.9999807178974152">
              <Unicode>l</Unicode>
            </TextEquiv>
          </Glyph>
          <Glyph id="w2788g6">
            <Coords points="214,850 218,850 218,898 214,898"/>
            <TextEquiv index="1" conf="0.9996567964553833">
              <Unicode>a</Unicode>
            </TextEquiv>
          </Glyph>
          <Glyph id="w2788g7">
            <Coords points="229,850 233,850 233,898 229,898"/>
            <TextEquiv index="1" conf="0.9989069402217865">
              <Unicode>t</Unicode>
            </TextEquiv>
          </Glyph>
          <TextEquiv index="1" conf="0.8662650857917014">
            <Unicode>poſtulat</Unicode>
          </TextEquiv>
        </Word>
        <Word id="w2789">
          <Coords points="252,850 298,850 298,898 252,898"/>
          <Glyph id="w2789g0">
            <Coords points="252,850 260,850 260,898 252,898"/>
            <TextEquiv index="1" conf="0.9787900000810623">
              <Unicode>q</Unicode>
            </TextEquiv>
          </Glyph>
          <Glyph id="w2789g1">
            <Coords points="267,850 271,850 271,898 267,898"/>
            <TextEquiv index="1" conf="0.9982807487249374">
              <Unicode>u</Unicode>
            </TextEquiv>
          </Glyph>
          <Glyph id="w2789g2">
            <Coords points="294,850 298,850 298,898 294,898"/>
            <TextEquiv index="1" conf="0.9949834048748016">
              <Unicode>æ</Unicode>
            </TextEquiv>
          </Glyph>
          <TextEquiv index="1" conf="0.9722054628382268">
            <Unicode>quæ</Unicode>
          </TextEquiv>
        </Word>
        <Word id="w2790">
          <Coords points="321,850 359,850 359,898 321,898"/>
          <Glyph id="w2790g0">
            <Coords points="321,850 321,850 321,898 321,898"/>
            <TextEquiv index="1" conf="0.9999304413795471">
              <Unicode>t</Unicode>
            </TextEquiv>
          </Glyph>
          <Glyph id="w2790g1">
            <Coords points="329,850 332,850 332,898 329,898"/>
            <TextEquiv index="1" conf="0.9973146319389343">
              <Unicode>i</Unicode>
            </TextEquiv>
          </Glyph>
          <Glyph id="w2790g2">
            <Coords points="340,850 340,850 340,898 340,898"/>
            <TextEquiv index="1" conf="0.9999534487724304">
              <Unicode>b</Unicode>
            </TextEquiv>
          </Glyph>
          <Glyph id="w2790g3">
            <Coords points="355,850 359,850 359,898 355,898"/>
            <TextEquiv index="1" conf="0.9987053275108337">
              <Unicode>i</Unicode>
            </TextEquiv>
          </Glyph>
          <TextEquiv index="1" conf="0.9959077912172879">
            <Unicode>tibi</Unicode>
          </TextEquiv>
        </Word>
        <Word id="w2791">
          <Coords points="382,850 420,850 420,898 382,898"/>
          <Glyph id="w2791g0">
            <Coords points="382,850 382,850 382,898 382,898"/>
            <TextEquiv index="1" conf="0.6658776579424739">
              <Unicode>c</Unicode>
            </TextEquiv>
          </Glyph>
          <Glyph id="w2791g1">
            <Coords points="390,850 394,850 394,898 390,898"/>
            <TextEquiv index="1" conf="0.9921949952840805">
              <Unicode>u</Unicode>
            </TextEquiv>
          </Glyph>
          <Glyph id="w2791g2">
            <Coords points="417,850 420,850 420,898 417,898"/>
            <TextEquiv index="1" conf="0.9999577105045319">
              <Unicode>m</Unicode>
            </TextEquiv>
          </Glyph>
          <TextEquiv index="1" conf="0.6606525398378561">
            <Unicode>cum</Unicode>
          </TextEquiv>
        </Word>
        <Word id="w2792">
          <Coords points="447,850 486,850 486,898 447,898"/>
          <Glyph id="w2792g0">
            <Coords points="447,850 451,850 451,898 447,898"/>
            <TextEquiv index="1" conf="0.9907713979482651">
              <Unicode>i</Unicode>
            </TextEquiv>
          </Glyph>
          <Glyph id="w2792g1">
            <Coords points="459,850 459,850 459,898 459,898"/>
            <TextEquiv index="1" conf="0.9990473538637161">
              <Unicode>l</Unicode>
            </TextEquiv>
          </Glyph>
          <Glyph id="w2792g2">
            <Coords points="470,850 470,850 470,898 470,898"/>
            <TextEquiv index="1" conf="0.9992153942584991">
              <Unicode>l</Unicode>
            </TextEquiv>
          </Glyph>
          <Glyph id="w2792g3">
            <Coords points="482,850 486,850 486,898 482,898"/>
            <TextEquiv index="1" conf="0.9950460195541382">
              <Unicode>o</Unicode>
            </TextEquiv>
          </Glyph>
          <TextEquiv index="1" conf="0.9841511801175802">
            <Unicode>illo</Unicode>
          </TextEquiv>
        </Word>
        <Word id="w2793">
          <Coords points="512,850 635,850 635,898 512,898"/>
          <Glyph id="w2793g0">
            <Coords points="512,850 512,850 512,898 512,898"/>
            <TextEquiv index="1" conf="0.9878247529268265">
              <Unicode>i</Unicode>
            </TextEquiv>
          </Glyph>
          <Glyph id="w2793g1">
            <Coords points="520,850 524,850 524,898 520,898"/>
            <TextEquiv index="1" conf="0.9995580315589905">
              <Unicode>n</Unicode>
            </TextEquiv>
          </Glyph>
          <Glyph id="w2793g2">
            <Coords points="539,850 543,850 543,898 539,898"/>
            <TextEquiv index="1" conf="0.9992035031318665">
              <Unicode>t</Unicode>
            </TextEquiv>
          </Glyph>
          <Glyph id="w2793g3">
            <Coords points="554,850 554,850 554,898 554,898"/>
            <TextEquiv index="1" conf="0.9999485015869141">
              <Unicode>e</Unicode>
            </TextEquiv>
          </Glyph>
          <Glyph id="w2793g4">
            <Coords points="566,850 566,850 566,898 566,898"/>
            <TextEquiv index="1" conf="0.9992545247077942">
              <Unicode>r</Unicode>
            </TextEquiv>
          </Glyph>
          <Glyph id="w2793g5">
            <Coords points="581,850 581,850 581,898 581,898"/>
            <TextEquiv index="1" conf="0.6618455871939659">
              <Unicode>c</Unicode>
            </TextEquiv>
          </Glyph>
          <Glyph id="w2793g6">
            <Coords points="593,850 596,850 596,898 593,898"/>
            <TextEquiv index="1" conf="0.999544158577919">
              <Unicode>e</Unicode>
            </TextEquiv>
          </Glyph>
          <Glyph id="w2793g7">
            <Coords points="612,850 616,850 616,898 612,898"/>
            <TextEquiv index="1" conf="0.999815359711647">
              <Unicode>d</Unicode>
            </TextEquiv>
          </Glyph>
          <Glyph id="w2793g8">
            <Coords points="623,850 623,850 623,898 623,898"/>
            <TextEquiv index="1" conf="0.9998683631420135">
              <Unicode>i</Unicode>
            </TextEquiv>
          </Glyph>
          <Glyph id="w2793g9">
            <Coords points="635,850 635,850 635,898 635,898"/>
            <TextEquiv index="1" conf="0.999811127781868">
              <Unicode>t</Unicode>
            </TextEquiv>
          </Glyph>
          <TextEquiv index="1" conf="0.6518308087890566">
            <Unicode>intercedit</Unicode>
          </TextEquiv>
        </Word>
        <Word id="w2794">
          <Coords points="650,850 765,850 765,898 650,898"/>
          <Glyph id="w2794g0">
            <Coords points="650,850 654,850 654,898 650,898"/>
            <TextEquiv index="1" conf="0.9992742985486984">
              <Unicode>a</Unicode>
            </TextEquiv>
          </Glyph>
          <Glyph id="w2794g1">
            <Coords points="677,850 677,850 677,898 677,898"/>
            <TextEquiv index="1" conf="0.9999162405729294">
              <Unicode>m</Unicode>
            </TextEquiv>
          </Glyph>
          <Glyph id="w2794g2">
            <Coords points="696,850 696,850 696,898 696,898"/>
            <TextEquiv index="1" conf="0.9997186064720154">
              <Unicode>i</Unicode>
            </TextEquiv>
          </Glyph>
          <Glyph id="w2794g3">
            <Coords points="707,850 711,850 711,898 707,898"/>
            <TextEquiv index="1" conf="0.9123689234256744">
              <Unicode>c</Unicode>
            </TextEquiv>
          </Glyph>
          <Glyph id="w2794g4">
            <Coords points="719,850 719,850 719,898 719,898"/>
            <TextEquiv index="1" conf="0.9999380707740784">
              <Unicode>i</Unicode>
            </TextEquiv>
          </Glyph>
          <Glyph id="w2794g5">
            <Coords points="727,850 730,850 730,898 727,898"/>
            <TextEquiv index="1" conf="0.9995252788066864">
              <Unicode>t</Unicode>
            </TextEquiv>
          </Glyph>
          <Glyph id="w2794g6">
            <Coords points="738,850 738,850 738,898 738,898"/>
            <TextEquiv index="1" conf="0.9998470544815063">
              <Unicode>i</Unicode>
            </TextEquiv>
          </Glyph>
          <Glyph id="w2794g7">
            <Coords points="746,850 749,850 749,898 746,898"/>
            <TextEquiv index="1" conf="0.9983587861061096">
              <Unicode>a</Unicode>
            </TextEquiv>
          </Glyph>
          <Glyph id="w2794g8">
            <Coords points="765,850 765,850 765,898 765,898"/>
            <TextEquiv index="1" conf="0.9034880250692368">
              <Unicode>,</Unicode>
            </TextEquiv>
          </Glyph>
          <TextEquiv index="1" conf="0.8214972264038723">
            <Unicode>amicitia,</Unicode>
          </TextEquiv>
        </Word>
        <Word id="w2795">
          <Coords points="792,850 864,850 864,898 792,898"/>
          <Glyph id="w2795g0">
            <Coords points="792,850 795,850 795,898 792,898"/>
            <TextEquiv index="1" conf="0.9993751645088196">
              <Unicode>n</Unicode>
            </TextEquiv>
          </Glyph>
          <Glyph id="w2795g1">
            <Coords points="814,850 814,850 814,898 814,898"/>
            <TextEquiv index="1" conf="0.9995658099651337">
              <Unicode>e</Unicode>
            </TextEquiv>
          </Glyph>
          <Glyph id="w2795g2">
            <Coords points="826,850 834,850 834,898 826,898"/>
            <TextEquiv index="1" conf="0.9993694424629211">
              <Unicode>q</Unicode>
            </TextEquiv>
          </Glyph>
          <Glyph id="w2795g3">
            <Coords points="841,850 845,850 845,898 841,898"/>
            <TextEquiv index="1" conf="0.9977352619171143">
              <Unicode>u</Unicode>
            </TextEquiv>
          </Glyph>
          <Glyph id="w2795g4">
            <Coords points="860,850 864,850 864,898 860,898"/>
            <TextEquiv index="1" conf="0.9968898147344589">
              <Unicode>e</Unicode>
            </TextEquiv>
          </Glyph>
          <TextEquiv index="1" conf="0.9929525406847944">
            <Unicode>neque</Unicode>
          </TextEquiv>
        </Word>
        <TextEquiv index="1" conf="0.9709528503988526">
          <Unicode>que poſtulat quæ tibi cum illo intercedit amicitia, neque</Unicode>
        </TextEquiv>
      </TextLine>
      <TextLine id="r0_l026">
        <Coords points="21,932 203,934 203,894 21,892 21,932"/>
        <Word id="w2796">
          <Coords points="85,892 188,892 188,934 85,934"/>
          <Glyph id="w2796g0">
            <Coords points="85,892 85,892 85,934 85,934"/>
            <TextEquiv index="1" conf="0.9483445286750793">
              <Unicode>c</Unicode>
            </TextEquiv>
          </Glyph>
          <Glyph id="w2796g1">
            <Coords points="98,892 98,892 98,934 98,934"/>
            <TextEquiv index="1" conf="0.9368764907121658">
              <Unicode>o</Unicode>
            </TextEquiv>
          </Glyph>
          <Glyph id="w2796g2">
            <Coords points="112,892 116,892 116,934 112,934"/>
            <TextEquiv index="1" conf="0.9063955992460251">
              <Unicode>g</Unicode>
            </TextEquiv>
          </Glyph>
          <Glyph id="w2796g3">
            <Coords points="125,892 130,892 130,934 125,934"/>
            <TextEquiv index="1" conf="0.9943346679210663">
              <Unicode>n</Unicode>
            </TextEquiv>
          </Glyph>
          <Glyph id="w2796g4">
            <Coords points="143,892 147,892 147,934 143,934"/>
            <TextEquiv index="1" conf="0.9472187012434006">
              <Unicode>a</Unicode>
            </TextEquiv>
          </Glyph>
          <Glyph id="w2796g5">
            <Coords points="161,892 161,892 161,934 161,934"/>
            <TextEquiv index="1" conf="0.91440749168396">
              <Unicode>t</Unicode>
            </TextEquiv>
          </Glyph>
          <Glyph id="w2796g6">
            <Coords points="170,892 170,892 170,934 170,934"/>
            <TextEquiv index="1" conf="0.9997299164533615">
              <Unicode>i</Unicode>
            </TextEquiv>
          </Glyph>
          <Glyph id="w2796g7">
            <Coords points="183,892 188,892 188,934 183,934"/>
            <TextEquiv index="1" conf="0.9973452240228653">
              <Unicode>o</Unicode>
            </TextEquiv>
          </Glyph>
          <TextEquiv index="1" conf="0.6915396632033913">
            <Unicode>cognatio</Unicode>
          </TextEquiv>
        </Word>
        <Word id="w2797">
          <Coords points="197,892 201,892 201,934 197,934"/>
          <Glyph id="w2797g0">
            <Coords points="197,892 201,892 201,934 197,934"/>
            <TextEquiv index="1" conf="0.4621768817305565">
              <Unicode>.</Unicode>
            </TextEquiv>
          </Glyph>
          <TextEquiv index="1" conf="0.4621768817305565">
            <Unicode>.</Unicode>
          </TextEquiv>
        </Word>
        <TextEquiv index="1" conf="0.8936880566179752">
          <Unicode>cognatio .</Unicode>
        </TextEquiv>
      </TextLine>
      <TextLine id="r0_l027">
        <Coords points="381,961 610,962 610,934 381,933 381,961"/>
        <Word id="w2798">
          <Coords points="396,933 400,933 400,962 396,962"/>
          <Glyph id="w2798g0">
            <Coords points="396,933 400,933 400,962 396,962"/>
            <TextEquiv index="1" conf="0.9997064173221588">
              <Unicode>C</Unicode>
            </TextEquiv>
          </Glyph>
          <TextEquiv index="1" conf="0.9997064173221588">
            <Unicode>C</Unicode>
          </TextEquiv>
        </Word>
        <Word id="w2799">
          <Coords points="428,933 556,933 556,962 428,962"/>
          <Glyph id="w2799g0">
            <Coords points="428,933 428,933 428,962 428,962"/>
            <TextEquiv index="1" conf="0.45892076194286346">
              <Unicode></Unicode>
            </TextEquiv>
          </Glyph>
          <Glyph id="w2799g1">
            <Coords points="432,933 432,933 432,962 432,962"/>
            <TextEquiv index="1" conf="0.96086286008358">
              <Unicode>L</Unicode>
            </TextEquiv>
          </Glyph>
          <Glyph id="w2799g2">
            <Coords points="464,933 468,933 468,962 464,962"/>
            <TextEquiv index="1" conf="0.9778699576854706">
              <Unicode>E</Unicode>
            </TextEquiv>
          </Glyph>
          <Glyph id="w2799g3">
            <Coords points="500,933 508,933 508,962 500,962"/>
            <TextEquiv index="1" conf="0.9967900663614273">
              <Unicode>O</Unicode>
            </TextEquiv>
          </Glyph>
          <Glyph id="w2799g4">
            <Coords points="536,933 540,933 540,962 536,962"/>
            <TextEquiv index="1" conf="0.9455688744783401">
              <Unicode>B</Unicode>
            </TextEquiv>
          </Glyph>
          <Glyph id="w2799g5">
            <Coords points="552,933 556,933 556,962 552,962"/>
            <TextEquiv index="1" conf="0.99058036506176">
              <Unicode>.</Unicode>
            </TextEquiv>
          </Glyph>
          <TextEquiv index="1" conf="0.4025935395955958">
            <Unicode>LEOB.</Unicode>
          </TextEquiv>
        </Word>
        <TextEquiv index="1" conf="0.9028320405632257">
          <Unicode>C LEOB.</Unicode>
        </TextEquiv>
      </TextLine>
      <TextLine id="r0_l028">
        <Coords points="835,1007 836,1006 837,1006 837,999 838,998 867,998 868,997 868,996 869,995 869,991 870,990 871,990 870,989 870,987 869,986 869,985 868,983 867,983 866,982 854,982 853,981 780,981 779,980 779,972 749,972 746,974 746,975 744,977 744,979 742,981 742,989 742,990 710,989 709,989 709,983 708,981 668,981 667,981 667,975 666,974 666,973 666,972 648,972 645,974 645,980 645,981 567,980 566,980 566,973 565,971 563,971 562,972 560,972 559,973 559,974 558,975 557,975 556,976 556,977 555,978 555,980 531,980 530,981 448,981 447,980 447,972 438,972 437,971 434,971 432,972 432,979 432,980 399,979 398,980 397,980 396,981 396,988 363,988 362,988 362,981 361,979 359,979 358,979 358,978 358,977 350,977 349,977 349,972 348,971 348,970 348,969 334,969 333,970 332,970 329,972 329,973 328,974 328,976 328,977 280,977 279,976 279,975 278,974 278,973 276,971 276,970 275,969 275,968 273,968 272,969 263,968 261,970 261,976 206,976 205,976 205,967 205,966 202,966 201,967 186,967 184,968 184,974 184,975 161,975 160,974 135,974 134,973 134,966 133,965 117,965 112,969 112,970 111,971 111,981 109,983 110,984 110,987 112,988 113,988 115,990 116,989 153,990 153,998 154,999 162,999 162,998 162,992 163,992 204,992 205,991 238,991 239,992 261,992 262,993 293,994 293,999 296,1002 297,1002 298,1003 304,1003 306,1001 307,1001 307,1000 307,998 308,998 309,998 309,997 309,994 310,994 369,994 369,995 369,999 371,1000 374,997 374,996 375,995 420,995 421,996 422,995 423,996 424,995 442,995 456,995 457,996 494,996 495,997 548,997 549,996 615,997 615,1005 616,1006 624,1006 624,1005 624,997 625,997 718,997 718,998 718,1001 719,1001 720,1000 722,1000 724,998 724,997 725,996 772,997 773,998 828,998 828,999 828,1007 829,1007 835,1007"/>
        <Word id="w2800">
          <Coords points="116,965 131,965 131,1007 116,1007"/>
          <Glyph id="w2800g0">
            <Coords points="116,965 123,965 123,1007 116,1007"/>
            <TextEquiv index="1" conf="0.9711000174283981">
              <Unicode>S</Unicode>
            </TextEquiv>
          </Glyph>
          <Glyph id="w2800g1">
            <Coords points="131,965 131,965 131,1007 131,1007"/>
            <TextEquiv index="1" conf="0.9996806979179382">
              <Unicode>i</Unicode>
            </TextEquiv>
          </Glyph>
          <TextEquiv index="1" conf="0.970789943170943">
            <Unicode>Si</Unicode>
          </TextEquiv>
        </Word>
        <Word id="w2801">
          <Coords points="154,965 204,965 204,1007 154,1007"/>
          <Glyph id="w2801g0">
            <Coords points="154,965 158,965 158,1007 154,1007"/>
            <TextEquiv index="1" conf="0.9998254030942917">
              <Unicode>q</Unicode>
            </TextEquiv>
          </Glyph>
          <Glyph id="w2801g1">
            <Coords points="165,965 169,965 169,1007 165,1007"/>
            <TextEquiv index="1" conf="0.999921903014183">
              <Unicode>u</Unicode>
            </TextEquiv>
          </Glyph>
          <Glyph id="w2801g2">
            <Coords points="185,965 185,965 185,1007 185,1007"/>
            <TextEquiv index="1" conf="0.9999323487281799">
              <Unicode>i</Unicode>
            </TextEquiv>
          </Glyph>
          <Glyph id="w2801g3">
            <Coords points="200,965 204,965 204,1007 200,1007"/>
            <TextEquiv index="1" conf="0.9998816549777985">
              <Unicode>d</Unicode>
            </TextEquiv>
          </Glyph>
          <TextEquiv index="1" conf="0.9995613784517047">
            <Unicode>quid</Unicode>
          </TextEquiv>
        </Word>
        <Word id="w2802">
          <Coords points="231,965 277,965 277,1007 231,1007"/>
          <Glyph id="w2802g0">
            <Coords points="231,965 234,965 234,1007 231,1007"/>
            <TextEquiv index="1" conf="0.9996542185544968">
              <Unicode>m</Unicode>
            </TextEquiv>
          </Glyph>
          <Glyph id="w2802g1">
            <Coords points="246,965 250,965 250,1007 246,1007"/>
            <TextEquiv index="1" conf="0.9964288473129272">
              <Unicode>a</Unicode>
            </TextEquiv>
          </Glyph>
          <Glyph id="w2802g2">
            <Coords points="261,965 265,965 265,1007 261,1007"/>
            <TextEquiv index="1" conf="0.974694550037384">
              <Unicode>l</Unicode>
            </TextEquiv>
          </Glyph>
          <Glyph id="w2802g3">
            <Coords points="273,965 277,965 277,1007 273,1007"/>
            <TextEquiv index="1" conf="0.9987267851829529">
              <Unicode>è</Unicode>
            </TextEquiv>
          </Glyph>
          <TextEquiv index="1" conf="0.9696418030978753">
            <Unicode>malè</Unicode>
          </TextEquiv>
        </Word>
        <Word id="w2803">
          <Coords points="303,965 372,965 372,1007 303,1007"/>
          <Glyph id="w2803g0">
            <Coords points="303,965 303,965 303,1007 303,1007"/>
            <TextEquiv index="1" conf="0.9999843239784241">
              <Unicode>g</Unicode>
            </TextEquiv>
          </Glyph>
          <Glyph id="w2803g1">
            <Coords points="319,965 319,965 319,1007 319,1007"/>
            <TextEquiv index="1" conf="0.9999889731407166">
              <Unicode>e</Unicode>
            </TextEquiv>
          </Glyph>
          <Glyph id="w2803g2">
            <Coords points="330,965 330,965 330,1007 330,1007"/>
            <TextEquiv index="1" conf="0.9988416880369186">
              <Unicode>ſ</Unicode>
            </TextEquiv>
          </Glyph>
          <Glyph id="w2803g3">
            <Coords points="338,965 338,965 338,1007 338,1007"/>
            <TextEquiv index="1" conf="0.9326215535402298">
              <Unicode>ſ</Unicode>
            </TextEquiv>
          </Glyph>
          <Glyph id="w2803g4">
            <Coords points="346,965 349,965 349,1007 346,1007"/>
            <TextEquiv index="1" conf="0.9975503385066986">
              <Unicode>i</Unicode>
            </TextEquiv>
          </Glyph>
          <Glyph id="w2803g5">
            <Coords points="357,965 357,965 357,1007 357,1007"/>
            <TextEquiv index="1" conf="0.9995557814836502">
              <Unicode>t</Unicode>
            </TextEquiv>
          </Glyph>
          <Glyph id="w2803g6">
            <Coords points="369,965 372,965 372,1007 369,1007"/>
            <TextEquiv index="1" conf="0.9774294942617416">
              <Unicode>,</Unicode>
            </TextEquiv>
          </Glyph>
          <TextEquiv index="1" conf="0.9078577529346281">
            <Unicode>geſſit,</Unicode>
          </TextEquiv>
        </Word>
        <Word id="w2804">
          <Coords points="399,965 468,965 468,1007 399,1007"/>
          <Glyph id="w2804g0">
            <Coords points="399,965 399,965 399,1007 399,1007"/>
            <TextEquiv index="1" conf="0.9999152570962906">
              <Unicode>n</Unicode>
            </TextEquiv>
          </Glyph>
          <Glyph id="w2804g1">
            <Coords points="422,965 426,965 426,1007 422,1007"/>
            <TextEquiv index="1" conf="0.99959397315979">
              <Unicode>o</Unicode>
            </TextEquiv>
          </Glyph>
          <Glyph id="w2804g2">
            <Coords points="434,965 438,965 438,1007 434,1007"/>
            <TextEquiv index="1" conf="0.9983498305082321">
              <Unicode>l</Unicode>
            </TextEquiv>
          </Glyph>
          <Glyph id="w2804g3">
            <Coords points="445,965 445,965 445,1007 445,1007"/>
            <TextEquiv index="1" conf="0.9998208731412888">
              <Unicode>i</Unicode>
            </TextEquiv>
          </Glyph>
          <Glyph id="w2804g4">
            <Coords points="464,965 468,965 468,1007 464,1007"/>
            <TextEquiv index="1" conf="0.9999719262123108">
              <Unicode>m</Unicode>
            </TextEquiv>
          </Glyph>
          <TextEquiv index="1" conf="0.997653152769367">
            <Unicode>nolim</Unicode>
          </TextEquiv>
        </Word>
        <Word id="w2805">
          <Coords points="495,965 599,965 599,1007 495,1007"/>
          <Glyph id="w2805g0">
            <Coords points="495,965 499,965 499,1007 495,1007"/>
            <TextEquiv index="1" conf="0.9997363090515137">
              <Unicode>e</Unicode>
            </TextEquiv>
          </Glyph>
          <Glyph id="w2805g1">
            <Coords points="514,965 514,965 514,1007 514,1007"/>
            <TextEquiv index="1" conf="0.9983597695827484">
              <Unicode>x</Unicode>
            </TextEquiv>
          </Glyph>
          <Glyph id="w2805g2">
            <Coords points="530,965 530,965 530,1007 530,1007"/>
            <TextEquiv index="1" conf="0.6405246257781982">
              <Unicode>c</Unicode>
            </TextEquiv>
          </Glyph>
          <Glyph id="w2805g3">
            <Coords points="537,965 541,965 541,1007 537,1007"/>
            <TextEquiv index="1" conf="0.996070072054863">
              <Unicode>u</Unicode>
            </TextEquiv>
          </Glyph>
          <Glyph id="w2805g4">
            <Coords points="556,965 556,965 556,1007 556,1007"/>
            <TextEquiv index="1" conf="0.9979070276021957">
              <Unicode>ſ</Unicode>
            </TextEquiv>
          </Glyph>
          <Glyph id="w2805g5">
            <Coords points="564,965 568,965 568,1007 564,1007"/>
            <TextEquiv index="1" conf="0.9916831105947495">
              <Unicode>a</Unicode>
            </TextEquiv>
          </Glyph>
          <Glyph id="w2805g6">
            <Coords points="579,965 583,965 583,1007 579,1007"/>
            <TextEquiv index="1" conf="0.9999112337827682">
              <Unicode>r</Unicode>
            </TextEquiv>
          </Glyph>
          <Glyph id="w2805g7">
            <Coords points="595,965 599,965 599,1007 595,1007"/>
            <TextEquiv index="1" conf="0.9995057582855225">
              <Unicode>e</Unicode>
            </TextEquiv>
          </Glyph>
          <TextEquiv index="1" conf="0.6298077585596543">
            <Unicode>excuſare</Unicode>
          </TextEquiv>
        </Word>
        <Word id="w2806">
          <Coords points="614,965 721,965 721,1007 614,1007"/>
          <Glyph id="w2806g0">
            <Coords points="614,965 622,965 622,1007 614,1007"/>
            <TextEquiv index="1" conf="0.999884620308876">
              <Unicode>q</Unicode>
            </TextEquiv>
          </Glyph>
          <Glyph id="w2806g1">
            <Coords points="629,965 633,965 633,1007 629,1007"/>
            <TextEquiv index="1" conf="0.9994298815727234">
              <Unicode>u</Unicode>
            </TextEquiv>
          </Glyph>
          <Glyph id="w2806g2">
            <Coords points="645,965 648,965 648,1007 645,1007"/>
            <TextEquiv index="1" conf="0.9997259378433228">
              <Unicode>i</Unicode>
            </TextEquiv>
          </Glyph>
          <Glyph id="w2806g3">
            <Coords points="660,965 664,965 664,1007 660,1007"/>
            <TextEquiv index="1" conf="0.9999884068965912">
              <Unicode>d</Unicode>
            </TextEquiv>
          </Glyph>
          <Glyph id="w2806g4">
            <Coords points="675,965 679,965 679,1007 675,1007"/>
            <TextEquiv index="1" conf="0.999887615442276">
              <Unicode>e</Unicode>
            </TextEquiv>
          </Glyph>
          <Glyph id="w2806g5">
            <Coords points="698,965 698,965 698,1007 698,1007"/>
            <TextEquiv index="1" conf="0.9999945163726807">
              <Unicode>m</Unicode>
            </TextEquiv>
          </Glyph>
          <Glyph id="w2806g6">
            <Coords points="717,965 721,965 721,1007 717,1007"/>
            <TextEquiv index="1" conf="0.9863174110651016">
              <Unicode>,</Unicode>
            </TextEquiv>
          </Glyph>
          <TextEquiv index="1" conf="0.9852436647443013">
            <Unicode>quidem,</Unicode>
          </TextEquiv>
        </Word>
        <Word id="w2807">
          <Coords points="744,965 779,965 779,1007 744,1007"/>
          <Glyph id="w2807g0">
            <Coords points="744,965 748,965 748,1007 744,1007"/>
            <TextEquiv index="1" conf="0.9966778755187988">
              <Unicode>ſ</Unicode>
            </TextEquiv>
          </Glyph>
          <Glyph id="w2807g1">
            <Coords points="756,965 760,965 760,1007 756,1007"/>
            <TextEquiv index="1" conf="0.999908834695816">
              <Unicode>e</Unicode>
            </TextEquiv>
          </Glyph>
          <Glyph id="w2807g2">
            <Coords points="771,965 779,965 779,1007 771,1007"/>
            <TextEquiv index="1" conf="0.999289944767952">
              <Unicode>d</Unicode>
            </TextEquiv>
          </Glyph>
          <TextEquiv index="1" conf="0.9958793812542772">
            <Unicode>ſed</Unicode>
          </TextEquiv>
        </Word>
        <Word id="w2808">
          <Coords points="794,965 863,965 863,1007 794,1007"/>
          <Glyph id="w2808g0">
            <Coords points="794,965 794,965 794,1007 794,1007"/>
            <TextEquiv index="1" conf="0.9998733848333359">
              <Unicode>n</Unicode>
            </TextEquiv>
          </Glyph>
          <Glyph id="w2808g1">
            <Coords points="813,965 817,965 817,1007 813,1007"/>
            <TextEquiv index="1" conf="0.9998475909233093">
              <Unicode>e</Unicode>
            </TextEquiv>
          </Glyph>
          <Glyph id="w2808g2">
            <Coords points="829,965 832,965 832,1007 829,1007"/>
            <TextEquiv index="1" conf="0.9963473826646805">
              <Unicode>q</Unicode>
            </TextEquiv>
          </Glyph>
          <Glyph id="w2808g3">
            <Coords points="844,965 844,965 844,1007 844,1007"/>
            <TextEquiv index="1" conf="0.999755859375">
              <Unicode>u</Unicode>
            </TextEquiv>
          </Glyph>
          <Glyph id="w2808g4">
            <Coords points="863,965 863,965 863,1007 863,1007"/>
            <TextEquiv index="1" conf="0.9936335533857346">
              <Unicode>e</Unicode>
            </TextEquiv>
          </Glyph>
          <TextEquiv index="1" conf="0.9894863413717946">
            <Unicode>neque</Unicode>
          </TextEquiv>
        </Word>
        <TextEquiv index="1" conf="0.9884880005188708">
          <Unicode>Si quid malè geſſit, nolim excuſare quidem, ſed neque</Unicode>
        </TextEquiv>
      </TextLine>
      <TextLine id="r0_l029">
        <Coords points="30,1041 31,1040 31,1032 338,1034 339,1034 339,1037 340,1039 342,1039 343,1038 348,1038 349,1038 349,1034 349,1033 532,1034 533,1033 687,1034 688,1033 722,1033 725,1031 724,1030 724,1028 723,1027 722,1027 721,1026 714,1026 714,1020 714,1019 711,1019 710,1019 710,1016 710,1015 699,1015 698,1015 698,1010 698,1009 686,1009 685,1008 319,1006 317,1004 146,1003 145,1002 30,1001 29,1000 29,996 23,996 22,996 22,1040 22,1041 30,1041"/>
        <Word id="w2809">
          <Coords points="78,996 178,996 178,1041 78,1041"/>
          <Glyph id="w2809g0">
            <Coords points="78,996 78,996 78,1041 78,1041"/>
            <TextEquiv index="1" conf="0.9441954493522644">
              <Unicode>a</Unicode>
            </TextEquiv>
          </Glyph>
          <Glyph id="w2809g1">
            <Coords points="97,996 97,996 97,1041 97,1041"/>
            <TextEquiv index="1" conf="0.99220971763134">
              <Unicode>c</Unicode>
            </TextEquiv>
          </Glyph>
          <Glyph id="w2809g2">
            <Coords points="109,996 109,996 109,1041 109,1041"/>
            <TextEquiv index="1" conf="0.5653610303997993">
              <Unicode>c</Unicode>
            </TextEquiv>
          </Glyph>
          <Glyph id="w2809g3">
            <Coords points="120,996 120,996 120,1041 120,1041"/>
            <TextEquiv index="1" conf="0.9927431344985962">
              <Unicode>u</Unicode>
            </TextEquiv>
          </Glyph>
          <Glyph id="w2809g4">
            <Coords points="136,996 140,996 140,1041 136,1041"/>
            <TextEquiv index="1" conf="0.9956628680229187">
              <Unicode>ſ</Unicode>
            </TextEquiv>
          </Glyph>
          <Glyph id="w2809g5">
            <Coords points="143,996 147,996 147,1041 143,1041"/>
            <TextEquiv index="1" conf="0.9985932260751724">
              <Unicode>a</Unicode>
            </TextEquiv>
          </Glyph>
          <Glyph id="w2809g6">
            <Coords points="163,996 163,996 163,1041 163,1041"/>
            <TextEquiv index="1" conf="0.9999738931655884">
              <Unicode>r</Unicode>
            </TextEquiv>
          </Glyph>
          <Glyph id="w2809g7">
            <Coords points="178,996 178,996 178,1041 178,1041"/>
            <TextEquiv index="1" conf="0.999275267124176">
              <Unicode>e</Unicode>
            </TextEquiv>
          </Glyph>
          <TextEquiv index="1" conf="0.52239963900314">
            <Unicode>accuſare</Unicode>
          </TextEquiv>
        </Word>
        <Word id="w2810">
          <Coords points="201,996 281,996 281,1041 201,1041"/>
          <Glyph id="w2810g0">
            <Coords points="201,996 205,996 205,1041 201,1041"/>
            <TextEquiv index="1" conf="0.996976912021637">
              <Unicode>v</Unicode>
            </TextEquiv>
          </Glyph>
          <Glyph id="w2810g1">
            <Coords points="220,996 220,996 220,1041 220,1041"/>
            <TextEquiv index="1" conf="0.9782122373580933">
              <Unicode>e</Unicode>
            </TextEquiv>
          </Glyph>
          <Glyph id="w2810g2">
            <Coords points="228,996 232,996 232,1041 228,1041"/>
            <TextEquiv index="1" conf="0.997201681137085">
              <Unicode>l</Unicode>
            </TextEquiv>
          </Glyph>
          <Glyph id="w2810g3">
            <Coords points="239,996 239,996 239,1041 239,1041"/>
            <TextEquiv index="1" conf="0.999784305691719">
              <Unicode>i</Unicode>
            </TextEquiv>
          </Glyph>
          <Glyph id="w2810g4">
            <Coords points="258,996 258,996 258,1041 258,1041"/>
            <TextEquiv index="1" conf="0.999983549118042">
              <Unicode>m</Unicode>
            </TextEquiv>
          </Glyph>
          <Glyph id="w2810g5">
            <Coords points="278,996 281,996 281,1041 278,1041"/>
            <TextEquiv index="1" conf="0.86969260374705">
              <Unicode>,</Unicode>
            </TextEquiv>
          </Glyph>
          <TextEquiv index="1" conf="0.845602272930812">
            <Unicode>velim,</Unicode>
          </TextEquiv>
        </Word>
        <Word id="w2811">
          <Coords points="308,996 316,996 316,1041 308,1041"/>
          <Glyph id="w2811g0">
            <Coords points="308,996 308,996 308,1041 308,1041"/>
            <TextEquiv index="1" conf="0.9966800361871719">
              <Unicode>ſ</Unicode>
            </TextEquiv>
          </Glyph>
          <Glyph id="w2811g1">
            <Coords points="316,996 316,996 316,1041 316,1041"/>
            <TextEquiv index="1" conf="0.998980849981308">
              <Unicode>i</Unicode>
            </TextEquiv>
          </Glyph>
          <TextEquiv index="1" conf="0.9956642697096618">
            <Unicode>ſi</Unicode>
          </TextEquiv>
        </Word>
        <Word id="w2812">
          <Coords points="339,996 392,996 392,1041 339,1041"/>
          <Glyph id="w2812g0">
            <Coords points="339,996 347,996 347,1041 339,1041"/>
            <TextEquiv index="1" conf="0.9827139576276143">
              <Unicode>q</Unicode>
            </TextEquiv>
          </Glyph>
          <Glyph id="w2812g1">
            <Coords points="354,996 358,996 358,1041 354,1041"/>
            <TextEquiv index="1" conf="0.9973104596138">
              <Unicode>u</Unicode>
            </TextEquiv>
          </Glyph>
          <Glyph id="w2812g2">
            <Coords points="369,996 373,996 373,1041 369,1041"/>
            <TextEquiv index="1" conf="0.9993171691894531">
              <Unicode>i</Unicode>
            </TextEquiv>
          </Glyph>
          <Glyph id="w2812g3">
            <Coords points="385,996 392,996 392,1041 385,1041"/>
            <TextEquiv index="1" conf="0.9999253004789352">
              <Unicode>d</Unicode>
            </TextEquiv>
          </Glyph>
          <TextEquiv index="1" conf="0.9793285253005924">
            <Unicode>quid</Unicode>
          </TextEquiv>
        </Word>
        <Word id="w2813">
          <Coords points="408,996 504,996 504,1041 408,1041"/>
          <Glyph id="w2813g0">
            <Coords points="408,996 408,996 408,1041 408,1041"/>
            <TextEquiv index="1" conf="0.9703711122274399">
              <Unicode>f</Unicode>
            </TextEquiv>
          </Glyph>
          <Glyph id="w2813g1">
            <Coords points="423,996 427,996 427,1041 423,1041"/>
            <TextEquiv index="1" conf="0.9998267590999603">
              <Unicode>o</Unicode>
            </TextEquiv>
          </Glyph>
          <Glyph id="w2813g2">
            <Coords points="438,996 442,996 442,1041 438,1041"/>
            <TextEquiv index="1" conf="0.9990834444761276">
              <Unicode>r</Unicode>
            </TextEquiv>
          </Glyph>
          <Glyph id="w2813g3">
            <Coords points="450,996 454,996 454,1041 450,1041"/>
            <TextEquiv index="1" conf="0.9837821125984192">
              <Unicode>t</Unicode>
            </TextEquiv>
          </Glyph>
          <Glyph id="w2813g4">
            <Coords points="461,996 465,996 465,1041 461,1041"/>
            <TextEquiv index="1" conf="0.9965850412845612">
              <Unicode>u</Unicode>
            </TextEquiv>
          </Glyph>
          <Glyph id="w2813g5">
            <Coords points="481,996 481,996 481,1041 481,1041"/>
            <TextEquiv index="1" conf="0.9998270571231842">
              <Unicode>n</Unicode>
            </TextEquiv>
          </Glyph>
          <Glyph id="w2813g6">
            <Coords points="496,996 504,996 504,1041 496,1041"/>
            <TextEquiv index="1" conf="0.924401730298996">
              <Unicode>â</Unicode>
            </TextEquiv>
          </Glyph>
          <TextEquiv index="1" conf="0.8783412892074105">
            <Unicode>fortunâ</Unicode>
          </TextEquiv>
        </Word>
        <Word id="w2814">
          <Coords points="530,996 546,996 546,1041 530,1041"/>
          <Glyph id="w2814g0">
            <Coords points="530,996 546,996 546,1041 530,1041"/>
            <TextEquiv index="1" conf="0.9747573435306549">
              <Unicode>&amp;</Unicode>
            </TextEquiv>
          </Glyph>
          <TextEquiv index="1" conf="0.9747573435306549">
            <Unicode>&amp;</Unicode>
          </TextEquiv>
        </Word>
        <Word id="w2815">
          <Coords points="565,996 599,996 599,1041 565,1041"/>
          <Glyph id="w2815g0">
            <Coords points="565,996 569,996 569,1041 565,1041"/>
            <TextEquiv index="1" conf="0.9311729520559311">
              <Unicode>c</Unicode>
            </TextEquiv>
          </Glyph>
          <Glyph id="w2815g1">
            <Coords points="573,996 576,996 576,1041 573,1041"/>
            <TextEquiv index="1" conf="0.9694007635116577">
              <Unicode>a</Unicode>
            </TextEquiv>
          </Glyph>
          <Glyph id="w2815g2">
            <Coords points="592,996 592,996 592,1041 592,1041"/>
            <TextEquiv index="1" conf="0.6378130912780762">
              <Unicode>ſ</Unicode>
            </TextEquiv>
          </Glyph>
          <Glyph id="w2815g3">
            <Coords points="599,996 599,996 599,1041 599,1041"/>
            <TextEquiv index="1" conf="0.9055855721235275">
              <Unicode>u</Unicode>
            </TextEquiv>
          </Glyph>
          <TextEquiv index="1" conf="0.5213827202171653">
            <Unicode>caſu</Unicode>
          </TextEquiv>
        </Word>
        <Word id="w2816">
          <Coords points="622,996 722,996 722,1041 622,1041"/>
          <Glyph id="w2816g0">
            <Coords points="622,996 626,996 626,1041 622,1041"/>
            <TextEquiv index="1" conf="0.9773889482021332">
              <Unicode>a</Unicode>
            </TextEquiv>
          </Glyph>
          <Glyph id="w2816g1">
            <Coords points="642,996 645,996 645,1041 642,1041"/>
            <TextEquiv index="1" conf="0.7635972499847412">
              <Unicode>e</Unicode>
            </TextEquiv>
          </Glyph>
          <Glyph id="w2816g2">
            <Coords points="657,996 657,996 657,1041 657,1041"/>
            <TextEquiv index="1" conf="0.5990852614243825">
              <Unicode>c</Unicode>
            </TextEquiv>
          </Glyph>
          <Glyph id="w2816g3">
            <Coords points="668,996 668,996 668,1041 668,1041"/>
            <TextEquiv index="1" conf="0.9995422810316086">
              <Unicode>i</Unicode>
            </TextEquiv>
          </Glyph>
          <Glyph id="w2816g4">
            <Coords points="684,996 688,996 688,1041 684,1041"/>
            <TextEquiv index="1" conf="0.999544233083725">
              <Unicode>d</Unicode>
            </TextEquiv>
          </Glyph>
          <Glyph id="w2816g5">
            <Coords points="695,996 695,996 695,1041 695,1041"/>
            <TextEquiv index="1" conf="0.9999227970838547">
              <Unicode>i</Unicode>
            </TextEquiv>
          </Glyph>
          <Glyph id="w2816g6">
            <Coords points="707,996 707,996 707,1041 707,1041"/>
            <TextEquiv index="1" conf="0.9999003261327744">
              <Unicode>t</Unicode>
            </TextEquiv>
          </Glyph>
          <Glyph id="w2816g7">
            <Coords points="718,996 722,996 722,1041 718,1041"/>
            <TextEquiv index="1" conf="0.8551881462335587">
              <Unicode>.</Unicode>
            </TextEquiv>
          </Glyph>
          <TextEquiv index="1" conf="0.3819517065787466">
            <Unicode>aecidit.</Unicode>
          </TextEquiv>
        </Word>
        <TextEquiv index="1" conf="0.9528265455407454">
          <Unicode>accuſare velim, ſi quid fortunâ &amp; caſu aecidit.</Unicode>
        </TextEquiv>
      </TextLine>
      <TextLine id="r0_l030">
        <Coords points="418,1070 529,1071 529,1046 418,1045 418,1070"/>
        <Word id="w2817">
          <Coords points="429,1045 522,1045 522,1071 429,1071"/>
          <Glyph id="w2817g0">
            <Coords points="429,1045 432,1045 432,1071 429,1071"/>
            <TextEquiv index="1" conf="0.8157882243394852">
              <Unicode>P</Unicode>
            </TextEquiv>
          </Glyph>
          <Glyph id="w2817g1">
            <Coords points="460,1045 463,1045 463,1071 460,1071"/>
            <TextEquiv index="1" conf="0.9965393096208572">
              <Unicode>A</Unicode>
            </TextEquiv>
          </Glyph>
          <Glyph id="w2817g2">
            <Coords points="498,1045 505,1045 505,1071 498,1071"/>
            <TextEquiv index="1" conf="0.9899018704891205">
              <Unicode>R</Unicode>
            </TextEquiv>
          </Glyph>
          <Glyph id="w2817g3">
            <Coords points="522,1045 522,1045 522,1071 522,1071"/>
            <TextEquiv index="1" conf="0.8875172585248947">
              <Unicode>.</Unicode>
            </TextEquiv>
          </Glyph>
          <TextEquiv index="1" conf="0.7142344907108293">
            <Unicode>PAR.</Unicode>
          </TextEquiv>
        </Word>
        <TextEquiv index="1" conf="0.9224366657435894">
          <Unicode>PAR.</Unicode>
        </TextEquiv>
      </TextLine>
      <TextLine id="r0_l031">
        <Coords points="143,1114 143,1113 143,1107 144,1107 145,1107 145,1106 145,1099 146,1099 205,1099 206,1100 238,1100 239,1101 261,1101 261,1102 261,1105 262,1105 264,1105 266,1103 266,1102 267,1101 362,1102 363,1103 382,1103 383,1104 400,1104 401,1103 475,1104 476,1105 569,1105 570,1106 571,1106 572,1105 573,1105 574,1104 722,1105 723,1104 760,1105 761,1106 779,1106 780,1107 781,1107 782,1105 782,1104 783,1103 783,1102 781,1100 771,1100 771,1099 771,1090 770,1090 769,1090 768,1089 749,1089 749,1088 749,1082 747,1081 746,1081 745,1080 744,1080 743,1081 675,1080 673,1082 672,1082 672,1083 672,1084 671,1085 671,1088 669,1089 609,1089 609,1088 609,1082 606,1080 605,1080 604,1081 604,1082 603,1083 571,1082 570,1081 569,1081 568,1083 568,1089 567,1089 464,1089 463,1088 434,1088 434,1087 434,1079 433,1079 431,1079 430,1078 429,1079 425,1079 423,1081 423,1082 422,1083 422,1087 420,1088 387,1088 387,1080 386,1079 368,1079 367,1078 362,1078 361,1080 361,1081 360,1081 359,1081 359,1082 359,1085 357,1086 314,1086 313,1085 310,1085 309,1086 288,1086 288,1093 287,1094 249,1093 249,1086 248,1085 247,1085 246,1084 228,1084 227,1083 210,1083 210,1082 209,1081 208,1081 208,1080 205,1077 204,1077 204,1078 204,1084 203,1084 172,1084 172,1083 172,1075 170,1074 168,1074 167,1075 167,1080 166,1081 134,1081 134,1080 134,1079 130,1076 129,1076 128,1075 127,1075 126,1074 119,1074 118,1075 116,1074 113,1078 113,1079 111,1081 111,1083 109,1085 110,1086 110,1090 111,1091 111,1092 112,1093 112,1094 114,1096 116,1096 117,1098 119,1098 120,1099 136,1099 136,1105 138,1107 142,1107 142,1113 143,1114"/>
        <Word id="w2818">
          <Coords points="126,1074 210,1074 210,1114 126,1114"/>
          <Glyph id="w2818g0">
            <Coords points="126,1074 129,1074 129,1114 126,1114"/>
            <TextEquiv index="1" conf="0.9992884993553162">
              <Unicode>O</Unicode>
            </TextEquiv>
          </Glyph>
          <Glyph id="w2818g1">
            <Coords points="140,1074 140,1074 140,1114 140,1114"/>
            <TextEquiv index="1" conf="0.99953992664814">
              <Unicode>p</Unicode>
            </TextEquiv>
          </Glyph>
          <Glyph id="w2818g2">
            <Coords points="159,1074 159,1074 159,1114 159,1114"/>
            <TextEquiv index="1" conf="0.9998550713062286">
              <Unicode>t</Unicode>
            </TextEquiv>
          </Glyph>
          <Glyph id="w2818g3">
            <Coords points="166,1074 170,1074 170,1114 166,1114"/>
            <TextEquiv index="1" conf="0.9959917217493057">
              <Unicode>i</Unicode>
            </TextEquiv>
          </Glyph>
          <Glyph id="w2818g4">
            <Coords points="188,1074 188,1074 188,1114 188,1114"/>
            <TextEquiv index="1" conf="0.9962316006422043">
              <Unicode>m</Unicode>
            </TextEquiv>
          </Glyph>
          <Glyph id="w2818g5">
            <Coords points="206,1074 210,1074 210,1114 206,1114"/>
            <TextEquiv index="1" conf="0.9942940026521683">
              <Unicode>è</Unicode>
            </TextEquiv>
          </Glyph>
          <TextEquiv index="1" conf="0.9852783768653267">
            <Unicode>Optimè</Unicode>
          </TextEquiv>
        </Word>
        <Word id="w2819">
          <Coords points="228,1074 261,1074 261,1114 228,1114"/>
          <Glyph id="w2819g0">
            <Coords points="228,1074 228,1074 228,1114 228,1114"/>
            <TextEquiv index="1" conf="0.9998892992734909">
              <Unicode>t</Unicode>
            </TextEquiv>
          </Glyph>
          <Glyph id="w2819g1">
            <Coords points="236,1074 239,1074 239,1114 236,1114"/>
            <TextEquiv index="1" conf="0.997661218047142">
              <Unicode>u</Unicode>
            </TextEquiv>
          </Glyph>
          <Glyph id="w2819g2">
            <Coords points="261,1074 261,1074 261,1114 261,1114"/>
            <TextEquiv index="1" conf="0.9933944791555405">
              <Unicode>,</Unicode>
            </TextEquiv>
          </Glyph>
          <TextEquiv index="1" conf="0.99096143377973">
            <Unicode>tu,</Unicode>
          </TextEquiv>
        </Word>
        <Word id="w2820">
          <Coords points="291,1074 335,1074 335,1114 291,1114"/>
          <Glyph id="w2820g0">
            <Coords points="291,1074 291,1074 291,1114 291,1114"/>
            <TextEquiv index="1" conf="0.9996432512998581">
              <Unicode>n</Unicode>
            </TextEquiv>
          </Glyph>
          <Glyph id="w2820g1">
            <Coords points="305,1074 309,1074 309,1114 305,1114"/>
            <TextEquiv index="1" conf="0.9995182305574417">
              <Unicode>a</Unicode>
            </TextEquiv>
          </Glyph>
          <Glyph id="w2820g2">
            <Coords points="331,1074 335,1074 335,1114 331,1114"/>
            <TextEquiv index="1" conf="0.9998158514499664">
              <Unicode>m</Unicode>
            </TextEquiv>
          </Glyph>
          <TextEquiv index="1" conf="0.9989776595581391">
            <Unicode>nam</Unicode>
          </TextEquiv>
        </Word>
        <Word id="w2821">
          <Coords points="360,1074 401,1074 401,1114 360,1114"/>
          <Glyph id="w2821g0">
            <Coords points="360,1074 360,1074 360,1114 360,1114"/>
            <TextEquiv index="1" conf="0.9993285685777664">
              <Unicode>ſ</Unicode>
            </TextEquiv>
          </Glyph>
          <Glyph id="w2821g1">
            <Coords points="371,1074 375,1074 375,1114 371,1114"/>
            <TextEquiv index="1" conf="0.9997995495796204">
              <Unicode>o</Unicode>
            </TextEquiv>
          </Glyph>
          <Glyph id="w2821g2">
            <Coords points="382,1074 386,1074 386,1114 382,1114"/>
            <TextEquiv index="1" conf="0.9996422231197357">
              <Unicode>l</Unicode>
            </TextEquiv>
          </Glyph>
          <Glyph id="w2821g3">
            <Coords points="397,1074 401,1074 401,1114 397,1114"/>
            <TextEquiv index="1" conf="0.9995415210723877">
              <Unicode>o</Unicode>
            </TextEquiv>
          </Glyph>
          <TextEquiv index="1" conf="0.998312872397145">
            <Unicode>ſolo</Unicode>
          </TextEquiv>
        </Word>
        <Word id="w2822">
          <Coords points="423,1074 522,1074 522,1114 423,1114"/>
          <Glyph id="w2822g0">
            <Coords points="423,1074 423,1074 423,1114 423,1114"/>
            <TextEquiv index="1" conf="0.9402979016304016">
              <Unicode>f</Unicode>
            </TextEquiv>
          </Glyph>
          <Glyph id="w2822g1">
            <Coords points="437,1074 441,1074 441,1114 437,1114"/>
            <TextEquiv index="1" conf="0.9992918223142624">
              <Unicode>o</Unicode>
            </TextEquiv>
          </Glyph>
          <Glyph id="w2822g2">
            <Coords points="452,1074 452,1074 452,1114 452,1114"/>
            <TextEquiv index="1" conf="0.9999112486839294">
              <Unicode>r</Unicode>
            </TextEquiv>
          </Glyph>
          <Glyph id="w2822g3">
            <Coords points="463,1074 463,1074 463,1114 463,1114"/>
            <TextEquiv index="1" conf="0.9996323585510254">
              <Unicode>t</Unicode>
            </TextEquiv>
          </Glyph>
          <Glyph id="w2822g4">
            <Coords points="474,1074 478,1074 478,1114 474,1114"/>
            <TextEquiv index="1" conf="0.999654084444046">
              <Unicode>u</Unicode>
            </TextEquiv>
          </Glyph>
          <Glyph id="w2822g5">
            <Coords points="492,1074 492,1074 492,1114 492,1114"/>
            <TextEquiv index="1" conf="0.9944728910923004">
              <Unicode>n</Unicode>
            </TextEquiv>
          </Glyph>
          <Glyph id="w2822g6">
            <Coords points="518,1074 522,1074 522,1114 518,1114"/>
            <TextEquiv index="1" conf="0.9979874491691589">
              <Unicode>æ</Unicode>
            </TextEquiv>
          </Glyph>
          <TextEquiv index="1" conf="0.9318099287710142">
            <Unicode>fortunæ</Unicode>
          </TextEquiv>
        </Word>
        <Word id="w2823">
          <Coords points="544,1074 639,1074 639,1114 544,1114"/>
          <Glyph id="w2823g0">
            <Coords points="544,1074 547,1074 547,1114 544,1114"/>
            <TextEquiv index="1" conf="0.7004982680082321">
              <Unicode>e</Unicode>
            </TextEquiv>
          </Glyph>
          <Glyph id="w2823g1">
            <Coords points="558,1074 558,1074 558,1114 558,1114"/>
            <TextEquiv index="1" conf="0.9969720095396042">
              <Unicode>r</Unicode>
            </TextEquiv>
          </Glyph>
          <Glyph id="w2823g2">
            <Coords points="566,1074 569,1074 569,1114 566,1114"/>
            <TextEquiv index="1" conf="0.9998538792133331">
              <Unicode>i</Unicode>
            </TextEquiv>
          </Glyph>
          <Glyph id="w2823g3">
            <Coords points="588,1074 588,1074 588,1114 588,1114"/>
            <TextEquiv index="1" conf="0.9999852180480957">
              <Unicode>m</Unicode>
            </TextEquiv>
          </Glyph>
          <Glyph id="w2823g4">
            <Coords points="602,1074 606,1074 606,1114 602,1114"/>
            <TextEquiv index="1" conf="0.9993665218353271">
              <Unicode>i</Unicode>
            </TextEquiv>
          </Glyph>
          <Glyph id="w2823g5">
            <Coords points="613,1074 617,1074 617,1114 613,1114"/>
            <TextEquiv index="1" conf="0.9999572038650513">
              <Unicode>n</Unicode>
            </TextEquiv>
          </Glyph>
          <Glyph id="w2823g6">
            <Coords points="635,1074 639,1074 639,1114 635,1114"/>
            <TextEquiv index="1" conf="0.9992120116949081">
              <Unicode>e</Unicode>
            </TextEquiv>
          </Glyph>
          <TextEquiv index="1" conf="0.6972427446331867">
            <Unicode>erimine</Unicode>
          </TextEquiv>
        </Word>
        <Word id="w2824">
          <Coords points="657,1074 683,1074 683,1114 657,1114"/>
          <Glyph id="w2824g0">
            <Coords points="657,1074 661,1074 661,1114 657,1114"/>
            <TextEquiv index="1" conf="0.9993792623281479">
              <Unicode>e</Unicode>
            </TextEquiv>
          </Glyph>
          <Glyph id="w2824g1">
            <Coords points="672,1074 672,1074 672,1114 672,1114"/>
            <TextEquiv index="1" conf="0.99970942735672">
              <Unicode>ſ</Unicode>
            </TextEquiv>
          </Glyph>
          <Glyph id="w2824g2">
            <Coords points="679,1074 683,1074 683,1114 679,1114"/>
            <TextEquiv index="1" conf="0.9990442842245102">
              <Unicode>t</Unicode>
            </TextEquiv>
          </Glyph>
          <TextEquiv index="1" conf="0.9981340250600268">
            <Unicode>eſt</Unicode>
          </TextEquiv>
        </Word>
        <Word id="w2825">
          <Coords points="709,1074 779,1074 779,1114 709,1114"/>
          <Glyph id="w2825g0">
            <Coords points="709,1074 712,1074 712,1114 709,1114"/>
            <TextEquiv index="1" conf="0.999571219086647">
              <Unicode>m</Unicode>
            </TextEquiv>
          </Glyph>
          <Glyph id="w2825g1">
            <Coords points="727,1074 727,1074 727,1114 727,1114"/>
            <TextEquiv index="1" conf="0.999048575758934">
              <Unicode>i</Unicode>
            </TextEquiv>
          </Glyph>
          <Glyph id="w2825g2">
            <Coords points="738,1074 738,1074 738,1114 738,1114"/>
            <TextEquiv index="1" conf="0.9989735037088394">
              <Unicode>ſ</Unicode>
            </TextEquiv>
          </Glyph>
          <Glyph id="w2825g3">
            <Coords points="749,1074 753,1074 753,1114 749,1114"/>
            <TextEquiv index="1" conf="0.9997125715017319">
              <Unicode>e</Unicode>
            </TextEquiv>
          </Glyph>
          <Glyph id="w2825g4">
            <Coords points="764,1074 768,1074 768,1114 764,1114"/>
            <TextEquiv index="1" conf="0.9998767375946045">
              <Unicode>r</Unicode>
            </TextEquiv>
          </Glyph>
          <Glyph id="w2825g5">
            <Coords points="775,1074 779,1074 779,1114 775,1114"/>
            <TextEquiv index="1" conf="0.9958163946866989">
              <Unicode>.</Unicode>
            </TextEquiv>
          </Glyph>
          <TextEquiv index="1" conf="0.9930136245973733">
            <Unicode>miſer.</Unicode>
          </TextEquiv>
        </Word>
        <TextEquiv index="1" conf="0.9907471547308175">
          <Unicode>Optimè tu, nam ſolo fortunæ erimine eſt miſer.</Unicode>
        </TextEquiv>
      </TextLine>
      <TextLine id="r0_l032">
        <Coords points="278,1150 278,1149 278,1139 279,1139 282,1139 283,1140 301,1140 301,1145 302,1146 306,1146 307,1145 308,1145 310,1142 310,1140 311,1139 311,1138 312,1138 360,1138 361,1139 368,1139 369,1140 392,1140 392,1141 392,1143 393,1143 411,1143 411,1144 411,1147 413,1148 416,1148 417,1147 418,1147 419,1146 419,1144 420,1143 420,1140 421,1139 458,1140 459,1141 548,1141 549,1142 571,1142 572,1143 574,1141 634,1142 635,1141 686,1141 687,1142 688,1141 722,1141 723,1142 724,1141 777,1142 778,1143 780,1143 781,1142 797,1142 798,1140 798,1138 799,1137 797,1137 796,1136 787,1136 786,1135 786,1130 785,1129 785,1128 783,1126 774,1126 773,1125 773,1117 741,1117 740,1116 739,1116 737,1117 737,1123 736,1124 736,1125 736,1126 705,1125 704,1125 704,1118 704,1117 686,1117 685,1118 684,1118 679,1123 679,1124 678,1125 678,1126 633,1126 632,1127 597,1127 596,1126 596,1125 594,1125 593,1125 593,1126 593,1127 558,1126 557,1126 557,1119 556,1117 526,1117 525,1118 525,1126 475,1126 474,1125 435,1125 434,1124 434,1116 433,1116 432,1115 428,1115 427,1116 426,1116 422,1119 422,1120 421,1121 421,1123 420,1124 420,1128 419,1129 419,1131 418,1132 386,1132 385,1132 385,1128 384,1126 374,1126 373,1126 373,1125 373,1124 347,1124 346,1124 346,1117 345,1115 345,1114 343,1114 342,1113 341,1114 316,1114 312,1117 312,1118 311,1119 311,1120 310,1121 310,1124 309,1125 309,1128 308,1129 308,1130 308,1131 273,1131 272,1130 272,1121 270,1119 268,1118 267,1119 219,1119 218,1118 166,1118 165,1117 165,1114 163,1112 161,1112 160,1111 154,1111 153,1112 152,1112 150,1114 143,1114 142,1114 143,1115 143,1116 144,1117 145,1117 145,1126 146,1127 146,1129 147,1130 147,1131 148,1132 149,1132 149,1133 150,1134 151,1134 152,1135 180,1135 181,1136 210,1136 211,1137 241,1137 242,1138 273,1139 273,1149 274,1150 278,1150"/>
        <Word id="w2826">
          <Coords points="157,1111 282,1111 282,1150 157,1150"/>
          <Glyph id="w2826g0">
            <Coords points="157,1111 160,1111 160,1150 157,1150"/>
            <TextEquiv index="1" conf="0.9995843321084976">
              <Unicode>C</Unicode>
            </TextEquiv>
          </Glyph>
          <Glyph id="w2826g1">
            <Coords points="181,1111 192,1111 192,1150 181,1150"/>
            <TextEquiv index="1" conf="0.988447904586792">
              <Unicode>H</Unicode>
            </TextEquiv>
          </Glyph>
          <Glyph id="w2826g2">
            <Coords points="213,1111 220,1111 220,1150 213,1150"/>
            <TextEquiv index="1" conf="0.9993745535612106">
              <Unicode>R</Unicode>
            </TextEquiv>
          </Glyph>
          <Glyph id="w2826g3">
            <Coords points="244,1111 244,1111 244,1150 244,1150"/>
            <TextEquiv index="1" conf="0.7225848138332367">
              <Unicode>I</Unicode>
            </TextEquiv>
          </Glyph>
          <Glyph id="w2826g4">
            <Coords points="248,1111 248,1111 248,1150 248,1150"/>
            <TextEquiv index="1" conf="0.3225037157535553">
              <Unicode></Unicode>
            </TextEquiv>
          </Glyph>
          <Glyph id="w2826g5">
            <Coords points="265,1111 268,1111 268,1150 265,1150"/>
            <TextEquiv index="1" conf="0.9994213134050369">
              <Unicode>S</Unicode>
            </TextEquiv>
          </Glyph>
          <Glyph id="w2826g6">
            <Coords points="279,1111 282,1111 282,1150 279,1150"/>
            <TextEquiv index="1" conf="0.7527030557394028">
              <Unicode>.</Unicode>
            </TextEquiv>
          </Glyph>
          <TextEquiv index="1" conf="0.17310011289672883">
            <Unicode>CHRIS.</Unicode>
          </TextEquiv>
        </Word>
        <Word id="w2827">
          <Coords points="310,1111 394,1111 394,1150 310,1150"/>
          <Glyph id="w2827g0">
            <Coords points="310,1111 310,1111 310,1150 310,1150"/>
            <TextEquiv index="1" conf="0.8742313385009766">
              <Unicode>ſ</Unicode>
            </TextEquiv>
          </Glyph>
          <Glyph id="w2827g1">
            <Coords points="321,1111 321,1111 321,1150 321,1150"/>
            <TextEquiv index="1" conf="0.9969240427017212">
              <Unicode>e</Unicode>
            </TextEquiv>
          </Glyph>
          <Glyph id="w2827g2">
            <Coords points="338,1111 342,1111 342,1150 338,1150"/>
            <TextEquiv index="1" conf="0.9999644756317139">
              <Unicode>d</Unicode>
            </TextEquiv>
          </Glyph>
          <Glyph id="w2827g3">
            <Coords points="349,1111 352,1111 352,1150 349,1150"/>
            <TextEquiv index="1" conf="0.9994913637638092">
              <Unicode>e</Unicode>
            </TextEquiv>
          </Glyph>
          <Glyph id="w2827g4">
            <Coords points="359,1111 363,1111 363,1150 359,1150"/>
            <TextEquiv index="1" conf="0.9937527179718018">
              <Unicode>n</Unicode>
            </TextEquiv>
          </Glyph>
          <Glyph id="w2827g5">
            <Coords points="377,1111 380,1111 380,1150 377,1150"/>
            <TextEquiv index="1" conf="0.9992313832044601">
              <Unicode>s</Unicode>
            </TextEquiv>
          </Glyph>
          <Glyph id="w2827g6">
            <Coords points="394,1111 394,1111 394,1150 394,1150"/>
            <TextEquiv index="1" conf="0.9748328328132629">
              <Unicode>,</Unicode>
            </TextEquiv>
          </Glyph>
          <TextEquiv index="1" conf="0.8431922403176615">
            <Unicode>ſedens,</Unicode>
          </TextEquiv>
        </Word>
        <Word id="w2828">
          <Coords points="418,1111 481,1111 481,1150 418,1150"/>
          <Glyph id="w2828g0">
            <Coords points="418,1111 418,1111 418,1150 418,1150"/>
            <TextEquiv index="1" conf="0.9965838193893433">
              <Unicode>ſ</Unicode>
            </TextEquiv>
          </Glyph>
          <Glyph id="w2828g1">
            <Coords points="429,1111 429,1111 429,1150 429,1150"/>
            <TextEquiv index="1" conf="0.9638989865779877">
              <Unicode>t</Unicode>
            </TextEquiv>
          </Glyph>
          <Glyph id="w2828g2">
            <Coords points="436,1111 439,1111 439,1150 436,1150"/>
            <TextEquiv index="1" conf="0.9139806777238846">
              <Unicode>a</Unicode>
            </TextEquiv>
          </Glyph>
          <Glyph id="w2828g3">
            <Coords points="453,1111 453,1111 453,1150 453,1150"/>
            <TextEquiv index="1" conf="0.8128796368837357">
              <Unicode>n</Unicode>
            </TextEquiv>
          </Glyph>
          <Glyph id="w2828g4">
            <Coords points="471,1111 471,1111 471,1150 471,1150"/>
            <TextEquiv index="1" conf="0.6307295958201091">
              <Unicode>i</Unicode>
            </TextEquiv>
          </Glyph>
          <Glyph id="w2828g5">
            <Coords points="481,1111 481,1111 481,1150 481,1150"/>
            <TextEquiv index="1" conf="0.9996995627880096">
              <Unicode>e</Unicode>
            </TextEquiv>
          </Glyph>
          <TextEquiv index="1" conf="0.4500091312906337">
            <Unicode>ſtanie</Unicode>
          </TextEquiv>
        </Word>
        <Word id="w2829">
          <Coords points="499,1111 523,1111 523,1150 499,1150"/>
          <Glyph id="w2829g0">
            <Coords points="499,1111 502,1111 502,1150 499,1150"/>
            <TextEquiv index="1" conf="0.9519256353378296">
              <Unicode>a</Unicode>
            </TextEquiv>
          </Glyph>
          <Glyph id="w2829g1">
            <Coords points="520,1111 523,1111 523,1150 520,1150"/>
            <TextEquiv index="1" conf="0.9999756813049316">
              <Unicode>d</Unicode>
            </TextEquiv>
          </Glyph>
          <TextEquiv index="1" conf="0.951902485748576">
            <Unicode>ad</Unicode>
          </TextEquiv>
        </Word>
        <Word id="w2830">
          <Coords points="547,1111 652,1111 652,1150 547,1150"/>
          <Glyph id="w2830g0">
            <Coords points="547,1111 551,1111 551,1150 547,1150"/>
            <TextEquiv index="1" conf="0.9960357993841171">
              <Unicode>d</Unicode>
            </TextEquiv>
          </Glyph>
          <Glyph id="w2830g1">
            <Coords points="561,1111 561,1111 561,1150 561,1150"/>
            <TextEquiv index="1" conf="0.9811242818832397">
              <Unicode>e</Unicode>
            </TextEquiv>
          </Glyph>
          <Glyph id="w2830g2">
            <Coords points="579,1111 582,1111 582,1150 579,1150"/>
            <TextEquiv index="1" conf="0.3757293415837921">
              <Unicode>v</Unicode>
            </TextEquiv>
          </Glyph>
          <Glyph id="w2830g3">
            <Coords points="589,1111 593,1111 593,1150 589,1150"/>
            <TextEquiv index="1" conf="0.9926666170358658">
              <Unicode>t</Unicode>
            </TextEquiv>
          </Glyph>
          <Glyph id="w2830g4">
            <Coords points="603,1111 603,1111 603,1150 603,1150"/>
            <TextEquiv index="1" conf="0.9999734163284302">
              <Unicode>e</Unicode>
            </TextEquiv>
          </Glyph>
          <Glyph id="w2830g5">
            <Coords points="614,1111 617,1111 617,1150 614,1150"/>
            <TextEquiv index="1" conf="0.9997598528862">
              <Unicode>r</Unicode>
            </TextEquiv>
          </Glyph>
          <Glyph id="w2830g6">
            <Coords points="624,1111 628,1111 628,1150 624,1150"/>
            <TextEquiv index="1" conf="0.8604565113782883">
              <Unicode>a</Unicode>
            </TextEquiv>
          </Glyph>
          <Glyph id="w2830g7">
            <Coords points="649,1111 652,1111 652,1150 649,1150"/>
            <TextEquiv index="1" conf="0.9998615682125092">
              <Unicode>m</Unicode>
            </TextEquiv>
          </Glyph>
          <TextEquiv index="1" conf="0.3134948778910838">
            <Unicode>devteram</Unicode>
          </TextEquiv>
        </Word>
        <Word id="w2831">
          <Coords points="687,1111 792,1111 792,1150 687,1150"/>
          <Glyph id="w2831g0">
            <Coords points="687,1111 687,1111 687,1150 687,1150"/>
            <TextEquiv index="1" conf="0.998878002166748">
              <Unicode>C</Unicode>
            </TextEquiv>
          </Glyph>
          <Glyph id="w2831g1">
            <Coords points="697,1111 697,1111 697,1150 697,1150"/>
            <TextEquiv index="1" conf="0.9768892824649811">
              <Unicode>l</Unicode>
            </TextEquiv>
          </Glyph>
          <Glyph id="w2831g2">
            <Coords points="708,1111 708,1111 708,1150 708,1150"/>
            <TextEquiv index="1" conf="0.9954662919044495">
              <Unicode>e</Unicode>
            </TextEquiv>
          </Glyph>
          <Glyph id="w2831g3">
            <Coords points="718,1111 725,1111 725,1150 718,1150"/>
            <TextEquiv index="1" conf="0.9998910278081894">
              <Unicode>o</Unicode>
            </TextEquiv>
          </Glyph>
          <Glyph id="w2831g4">
            <Coords points="732,1111 736,1111 736,1150 732,1150"/>
            <TextEquiv index="1" conf="0.743444487452507">
              <Unicode>b</Unicode>
            </TextEquiv>
          </Glyph>
          <Glyph id="w2831g5">
            <Coords points="746,1111 750,1111 750,1150 746,1150"/>
            <TextEquiv index="1" conf="0.999858170747757">
              <Unicode>u</Unicode>
            </TextEquiv>
          </Glyph>
          <Glyph id="w2831g6">
            <Coords points="764,1111 764,1111 764,1150 764,1150"/>
            <TextEquiv index="1" conf="0.9992448389530182">
              <Unicode>l</Unicode>
            </TextEquiv>
          </Glyph>
          <Glyph id="w2831g7">
            <Coords points="774,1111 778,1111 778,1150 774,1150"/>
            <TextEquiv index="1" conf="0.9894084483385086">
              <Unicode>o</Unicode>
            </TextEquiv>
          </Glyph>
          <Glyph id="w2831g8">
            <Coords points="788,1111 792,1111 792,1150 788,1150"/>
            <TextEquiv index="1" conf="0.9928931891918182">
              <Unicode>.</Unicode>
            </TextEquiv>
          </Glyph>
          <TextEquiv index="1" conf="0.708718924139126">
            <Unicode>Cleobulo.</Unicode>
          </TextEquiv>
        </Word>
        <TextEquiv index="1" conf="0.9270083948129358">
          <Unicode>CHRIS. ſedens, ſtanie ad devteram Cleobulo.</Unicode>
        </TextEquiv>
      </TextLine>
      <TextLine id="r0_l033">
        <Coords points="743,1186 745,1184 745,1183 746,1182 746,1178 797,1178 798,1179 866,1179 867,1178 868,1178 870,1177 870,1156 868,1153 867,1153 866,1153 866,1151 865,1149 864,1150 864,1152 860,1152 859,1153 859,1162 827,1162 826,1163 778,1163 777,1162 777,1161 776,1161 775,1162 745,1162 744,1163 684,1162 683,1161 672,1161 671,1161 671,1155 670,1153 640,1153 639,1152 638,1153 636,1153 635,1154 579,1154 578,1153 576,1153 575,1154 574,1153 571,1156 571,1158 570,1159 570,1163 522,1163 521,1162 496,1162 495,1161 484,1161 483,1160 483,1156 482,1156 481,1156 481,1159 481,1160 468,1160 467,1161 419,1160 417,1158 416,1159 328,1159 327,1158 298,1158 297,1157 297,1153 280,1153 279,1152 279,1150 241,1149 239,1151 235,1151 234,1152 234,1157 163,1157 161,1155 135,1155 134,1154 134,1146 115,1145 114,1146 111,1146 110,1147 110,1164 66,1164 65,1165 65,1166 66,1166 110,1166 110,1167 65,1167 64,1168 64,1169 65,1169 110,1169 110,1170 64,1170 63,1171 63,1172 64,1172 65,1171 113,1171 114,1170 196,1171 197,1172 249,1172 250,1173 320,1174 321,1175 362,1175 362,1176 433,1177 434,1177 434,1183 434,1184 437,1184 438,1183 438,1178 480,1178 481,1177 534,1177 535,1178 535,1181 538,1181 540,1180 540,1179 540,1178 578,1179 579,1178 668,1178 669,1177 742,1178 743,1178 743,1185 743,1186"/>
        <Word id="w2832">
          <Coords points="116,1145 155,1145 155,1186 116,1186"/>
          <Glyph id="w2832g0">
            <Coords points="116,1145 127,1145 127,1186 116,1186"/>
            <TextEquiv index="1" conf="0.9918050020933151">
              <Unicode>H</Unicode>
            </TextEquiv>
          </Glyph>
          <Glyph id="w2832g1">
            <Coords points="141,1145 144,1145 144,1186 141,1186"/>
            <TextEquiv index="1" conf="0.9999583661556244">
              <Unicode>e</Unicode>
            </TextEquiv>
          </Glyph>
          <Glyph id="w2832g2">
            <Coords points="151,1145 155,1145 155,1186 151,1186"/>
            <TextEquiv index="1" conf="0.9276100844144821">
              <Unicode>u</Unicode>
            </TextEquiv>
          </Glyph>
          <TextEquiv index="1" conf="0.9199700182311952">
            <Unicode>Heu</Unicode>
          </TextEquiv>
        </Word>
        <Word id="w2833">
          <Coords points="193,1145 218,1145 218,1186 193,1186"/>
          <Glyph id="w2833g0">
            <Coords points="193,1145 197,1145 197,1186 193,1186"/>
            <TextEquiv index="1" conf="0.9935576319694519">
              <Unicode>m</Unicode>
            </TextEquiv>
          </Glyph>
          <Glyph id="w2833g1">
            <Coords points="214,1145 218,1145 218,1186 214,1186"/>
            <TextEquiv index="1" conf="0.9985785037279129">
              <Unicode>e</Unicode>
            </TextEquiv>
          </Glyph>
          <TextEquiv index="1" conf="0.9921452934995036">
            <Unicode>me</Unicode>
          </TextEquiv>
        </Word>
        <Word id="w2834">
          <Coords points="239,1145 410,1145 410,1186 239,1186"/>
          <Glyph id="w2834g0">
            <Coords points="239,1145 239,1145 239,1186 239,1186"/>
            <TextEquiv index="1" conf="0.9981008023023605">
              <Unicode>i</Unicode>
            </TextEquiv>
          </Glyph>
          <Glyph id="w2834g1">
            <Coords points="249,1145 249,1145 249,1186 249,1186"/>
            <TextEquiv index="1" conf="0.9974024891853333">
              <Unicode>n</Unicode>
            </TextEquiv>
          </Glyph>
          <Glyph id="w2834g2">
            <Coords points="267,1145 267,1145 267,1186 267,1186"/>
            <TextEquiv index="1" conf="0.980022519826889">
              <Unicode>f</Unicode>
            </TextEquiv>
          </Glyph>
          <Glyph id="w2834g3">
            <Coords points="281,1145 284,1145 284,1186 281,1186"/>
            <TextEquiv index="1" conf="0.999738335609436">
              <Unicode>o</Unicode>
            </TextEquiv>
          </Glyph>
          <Glyph id="w2834g4">
            <Coords points="295,1145 298,1145 298,1186 295,1186"/>
            <TextEquiv index="1" conf="0.9962639212608337">
              <Unicode>r</Unicode>
            </TextEquiv>
          </Glyph>
          <Glyph id="w2834g5">
            <Coords points="309,1145 309,1145 309,1186 309,1186"/>
            <TextEquiv index="1" conf="0.9976530224084854">
              <Unicode>t</Unicode>
            </TextEquiv>
          </Glyph>
          <Glyph id="w2834g6">
            <Coords points="319,1145 319,1145 319,1186 319,1186"/>
            <TextEquiv index="1" conf="0.999259814620018">
              <Unicode>u</Unicode>
            </TextEquiv>
          </Glyph>
          <Glyph id="w2834g7">
            <Coords points="337,1145 337,1145 337,1186 337,1186"/>
            <TextEquiv index="1" conf="0.9999023824930191">
              <Unicode>n</Unicode>
            </TextEquiv>
          </Glyph>
          <Glyph id="w2834g8">
            <Coords points="354,1145 358,1145 358,1186 354,1186"/>
            <TextEquiv index="1" conf="0.9998573511838913">
              <Unicode>a</Unicode>
            </TextEquiv>
          </Glyph>
          <Glyph id="w2834g9">
            <Coords points="368,1145 372,1145 372,1186 368,1186"/>
            <TextEquiv index="1" conf="0.9996555000543594">
              <Unicode>t</Unicode>
            </TextEquiv>
          </Glyph>
          <Glyph id="w2834g10">
            <Coords points="379,1145 382,1145 382,1186 379,1186"/>
            <TextEquiv index="1" conf="0.9999021291732788">
              <Unicode>u</Unicode>
            </TextEquiv>
          </Glyph>
          <Glyph id="w2834g11">
            <Coords points="407,1145 410,1145 410,1186 407,1186"/>
            <TextEquiv index="1" conf="0.9992587268352509">
              <Unicode>m</Unicode>
            </TextEquiv>
          </Glyph>
          <TextEquiv index="1" conf="0.9673442436583387">
            <Unicode>infortunatum</Unicode>
          </TextEquiv>
        </Word>
        <Word id="w2835">
          <Coords points="435,1145 536,1145 536,1186 435,1186"/>
          <Glyph id="w2835g0">
            <Coords points="435,1145 435,1145 435,1186 435,1186"/>
            <TextEquiv index="1" conf="0.6313364505767822">
              <Unicode>p</Unicode>
            </TextEquiv>
          </Glyph>
          <Glyph id="w2835g1">
            <Coords points="449,1145 452,1145 452,1186 449,1186"/>
            <TextEquiv index="1" conf="0.9991215169429779">
              <Unicode>a</Unicode>
            </TextEquiv>
          </Glyph>
          <Glyph id="w2835g2">
            <Coords points="466,1145 466,1145 466,1186 466,1186"/>
            <TextEquiv index="1" conf="0.9990296959877014">
              <Unicode>t</Unicode>
            </TextEquiv>
          </Glyph>
          <Glyph id="w2835g3">
            <Coords points="477,1145 480,1145 480,1186 477,1186"/>
            <TextEquiv index="1" conf="0.9972036629915237">
              <Unicode>r</Unicode>
            </TextEquiv>
          </Glyph>
          <Glyph id="w2835g4">
            <Coords points="491,1145 494,1145 494,1186 491,1186"/>
            <TextEquiv index="1" conf="0.9997409135103226">
              <Unicode>e</Unicode>
            </TextEquiv>
          </Glyph>
          <Glyph id="w2835g5">
            <Coords points="512,1145 515,1145 515,1186 512,1186"/>
            <TextEquiv index="1" conf="0.999964028596878">
              <Unicode>m</Unicode>
            </TextEquiv>
          </Glyph>
          <Glyph id="w2835g6">
            <Coords points="533,1145 536,1145 536,1186 533,1186"/>
            <TextEquiv index="1" conf="0.9956154525279999">
              <Unicode>,</Unicode>
            </TextEquiv>
          </Glyph>
          <TextEquiv index="1" conf="0.6254677341283799">
            <Unicode>patrem,</Unicode>
          </TextEquiv>
        </Word>
        <Word id="w2836">
          <Coords points="571,1145 589,1145 589,1186 571,1186"/>
          <Glyph id="w2836g0">
            <Coords points="571,1145 589,1145 589,1186 571,1186"/>
            <TextEquiv index="1" conf="0.9981406480073929">
              <Unicode>&amp;</Unicode>
            </TextEquiv>
          </Glyph>
          <TextEquiv index="1" conf="0.9981406480073929">
            <Unicode>&amp;</Unicode>
          </TextEquiv>
        </Word>
        <Word id="w2837">
          <Coords points="603,1145 715,1145 715,1186 603,1186"/>
          <Glyph id="w2837g0">
            <Coords points="603,1145 606,1145 606,1186 603,1186"/>
            <TextEquiv index="1" conf="0.9987518489360809">
              <Unicode>i</Unicode>
            </TextEquiv>
          </Glyph>
          <Glyph id="w2837g1">
            <Coords points="613,1145 617,1145 617,1186 613,1186"/>
            <TextEquiv index="1" conf="0.9997314363718033">
              <Unicode>n</Unicode>
            </TextEquiv>
          </Glyph>
          <Glyph id="w2837g2">
            <Coords points="631,1145 631,1145 631,1186 631,1186"/>
            <TextEquiv index="1" conf="0.7660711482167244">
              <Unicode>f</Unicode>
            </TextEquiv>
          </Glyph>
          <Glyph id="w2837g3">
            <Coords points="645,1145 648,1145 648,1186 645,1186"/>
            <TextEquiv index="1" conf="0.999978631734848">
              <Unicode>e</Unicode>
            </TextEquiv>
          </Glyph>
          <Glyph id="w2837g4">
            <Coords points="655,1145 655,1145 655,1186 655,1186"/>
            <TextEquiv index="1" conf="0.9831489771604538">
              <Unicode>l</Unicode>
            </TextEquiv>
          </Glyph>
          <Glyph id="w2837g5">
            <Coords points="662,1145 666,1145 666,1186 662,1186"/>
            <TextEquiv index="1" conf="0.9983977973461151">
              <Unicode>i</Unicode>
            </TextEquiv>
          </Glyph>
          <Glyph id="w2837g6">
            <Coords points="680,1145 680,1145 680,1186 680,1186"/>
            <TextEquiv index="1" conf="0.9986582696437836">
              <Unicode>c</Unicode>
            </TextEquiv>
          </Glyph>
          <Glyph id="w2837g7">
            <Coords points="690,1145 694,1145 694,1186 690,1186"/>
            <TextEquiv index="1" conf="0.9988310635089874">
              <Unicode>e</Unicode>
            </TextEquiv>
          </Glyph>
          <Glyph id="w2837g8">
            <Coords points="711,1145 715,1145 715,1186 711,1186"/>
            <TextEquiv index="1" conf="0.9990306943655014">
              <Unicode>m</Unicode>
            </TextEquiv>
          </Glyph>
          <TextEquiv index="1" conf="0.7481892977717741">
            <Unicode>infelicem</Unicode>
          </TextEquiv>
        </Word>
        <Word id="w2838">
          <Coords points="743,1145 844,1145 844,1186 743,1186"/>
          <Glyph id="w2838g0">
            <Coords points="743,1145 743,1145 743,1186 743,1186"/>
            <TextEquiv index="1" conf="0.9844542592763901">
              <Unicode>p</Unicode>
            </TextEquiv>
          </Glyph>
          <Glyph id="w2838g1">
            <Coords points="757,1145 760,1145 760,1186 757,1186"/>
            <TextEquiv index="1" conf="0.9729087054729462">
              <Unicode>a</Unicode>
            </TextEquiv>
          </Glyph>
          <Glyph id="w2838g2">
            <Coords points="774,1145 774,1145 774,1186 774,1186"/>
            <TextEquiv index="1" conf="0.9999700486660004">
              <Unicode>t</Unicode>
            </TextEquiv>
          </Glyph>
          <Glyph id="w2838g3">
            <Coords points="785,1145 788,1145 788,1186 785,1186"/>
            <TextEquiv index="1" conf="0.9999012798070908">
              <Unicode>r</Unicode>
            </TextEquiv>
          </Glyph>
          <Glyph id="w2838g4">
            <Coords points="795,1145 799,1145 799,1186 795,1186"/>
            <TextEquiv index="1" conf="0.9998542070388794">
              <Unicode>u</Unicode>
            </TextEquiv>
          </Glyph>
          <Glyph id="w2838g5">
            <Coords points="813,1145 816,1145 816,1186 813,1186"/>
            <TextEquiv index="1" conf="0.99878990650177">
              <Unicode>u</Unicode>
            </TextEquiv>
          </Glyph>
          <Glyph id="w2838g6">
            <Coords points="841,1145 844,1145 844,1186 841,1186"/>
            <TextEquiv index="1" conf="0.9999882876873016">
              <Unicode>m</Unicode>
            </TextEquiv>
          </Glyph>
          <TextEquiv index="1" conf="0.9563513705899511">
            <Unicode>patruum</Unicode>
          </TextEquiv>
        </Word>
        <TextEquiv index="1" conf="0.9826092467980182">
          <Unicode>Heu me infortunatum patrem, &amp; infelicem patruum</Unicode>
        </TextEquiv>
      </TextLine>
      <TextLine id="r0_l034">
        <Coords points="795,1225 796,1224 796,1223 821,1223 822,1223 822,1221 822,1220 842,1220 844,1219 844,1217 844,1216 859,1216 860,1216 860,1212 860,1211 869,1211 871,1210 871,1209 869,1207 868,1207 867,1206 858,1206 858,1201 857,1200 826,1200 825,1199 759,1199 759,1198 759,1194 756,1192 755,1192 754,1191 721,1190 720,1189 189,1186 186,1183 168,1183 167,1182 165,1182 164,1181 32,1180 32,1179 32,1168 31,1167 31,1166 24,1166 23,1166 23,1182 24,1183 24,1214 24,1215 223,1216 225,1218 451,1220 453,1222 457,1222 458,1221 794,1223 795,1223 795,1224 795,1225"/>
        <Word id="w2839">
          <Coords points="87,1166 140,1166 140,1225 87,1225"/>
          <Glyph id="w2839g0">
            <Coords points="87,1166 91,1166 91,1225 87,1225"/>
            <TextEquiv index="1" conf="0.9940015524625778">
              <Unicode>P</Unicode>
            </TextEquiv>
          </Glyph>
          <Glyph id="w2839g1">
            <Coords points="98,1166 98,1166 98,1225 98,1225"/>
            <TextEquiv index="1" conf="0.9425158649682999">
              <Unicode>a</Unicode>
            </TextEquiv>
          </Glyph>
          <Glyph id="w2839g2">
            <Coords points="114,1166 114,1166 114,1225 114,1225"/>
            <TextEquiv index="1" conf="0.9988788813352585">
              <Unicode>t</Unicode>
            </TextEquiv>
          </Glyph>
          <Glyph id="w2839g3">
            <Coords points="125,1166 129,1166 129,1225 125,1225"/>
            <TextEquiv index="1" conf="0.999911904335022">
              <Unicode>e</Unicode>
            </TextEquiv>
          </Glyph>
          <Glyph id="w2839g4">
            <Coords points="140,1166 140,1166 140,1225 140,1225"/>
            <TextEquiv index="1" conf="0.9982884079217911">
              <Unicode>r</Unicode>
            </TextEquiv>
          </Glyph>
          <TextEquiv index="1" conf="0.9341278711636737">
            <Unicode>Pater</Unicode>
          </TextEquiv>
        </Word>
        <Word id="w2840">
          <Coords points="159,1166 198,1166 198,1225 159,1225"/>
          <Glyph id="w2840g0">
            <Coords points="159,1166 159,1166 159,1225 159,1225"/>
            <TextEquiv index="1" conf="0.9628734141588211">
              <Unicode>f</Unicode>
            </TextEquiv>
          </Glyph>
          <Glyph id="w2840g1">
            <Coords points="167,1166 171,1166 171,1225 167,1225"/>
            <TextEquiv index="1" conf="0.9774955362081528">
              <Unicode>u</Unicode>
            </TextEquiv>
          </Glyph>
          <Glyph id="w2840g2">
            <Coords points="186,1166 186,1166 186,1225 186,1225"/>
            <TextEquiv index="1" conf="0.9963741600513458">
              <Unicode>i</Unicode>
            </TextEquiv>
          </Glyph>
          <Glyph id="w2840g3">
            <Coords points="198,1166 198,1166 198,1225 198,1225"/>
            <TextEquiv index="1" conf="0.5813706889748573">
              <Unicode>;</Unicode>
            </TextEquiv>
          </Glyph>
          <TextEquiv index="1" conf="0.5452046692571442">
            <Unicode>fui;</Unicode>
          </TextEquiv>
        </Word>
        <Word id="w2841">
          <Coords points="232,1166 309,1166 309,1225 232,1225"/>
          <Glyph id="w2841g0">
            <Coords points="232,1166 236,1166 236,1225 232,1225"/>
            <TextEquiv index="1" conf="0.9947136789560318">
              <Unicode>g</Unicode>
            </TextEquiv>
          </Glyph>
          <Glyph id="w2841g1">
            <Coords points="244,1166 247,1166 247,1225 244,1225"/>
            <TextEquiv index="1" conf="0.9990262538194656">
              <Unicode>n</Unicode>
            </TextEquiv>
          </Glyph>
          <Glyph id="w2841g2">
            <Coords points="259,1166 263,1166 263,1225 259,1225"/>
            <TextEquiv index="1" conf="0.9786233305931091">
              <Unicode>a</Unicode>
            </TextEquiv>
          </Glyph>
          <Glyph id="w2841g3">
            <Coords points="278,1166 278,1166 278,1225 278,1225"/>
            <TextEquiv index="1" conf="0.9998622089624405">
              <Unicode>t</Unicode>
            </TextEquiv>
          </Glyph>
          <Glyph id="w2841g4">
            <Coords points="286,1166 290,1166 290,1225 286,1225"/>
            <TextEquiv index="1" conf="0.9655363410711288">
              <Unicode>u</Unicode>
            </TextEquiv>
          </Glyph>
          <Glyph id="w2841g5">
            <Coords points="305,1166 309,1166 309,1225 305,1225"/>
            <TextEquiv index="1" conf="0.9993418157100677">
              <Unicode>s</Unicode>
            </TextEquiv>
          </Glyph>
          <TextEquiv index="1" conf="0.9382388142329015">
            <Unicode>gnatus</Unicode>
          </TextEquiv>
        </Word>
        <Word id="w2842">
          <Coords points="335,1166 381,1166 381,1225 335,1225"/>
          <Glyph id="w2842g0">
            <Coords points="335,1166 339,1166 339,1225 335,1225"/>
            <TextEquiv index="1" conf="0.9990002661943436">
              <Unicode>m</Unicode>
            </TextEquiv>
          </Glyph>
          <Glyph id="w2842g1">
            <Coords points="355,1166 355,1166 355,1225 355,1225"/>
            <TextEquiv index="1" conf="0.9977668523788452">
              <Unicode>i</Unicode>
            </TextEquiv>
          </Glyph>
          <Glyph id="w2842g2">
            <Coords points="362,1166 366,1166 366,1225 362,1225"/>
            <TextEquiv index="1" conf="0.9965113401412964">
              <Unicode>h</Unicode>
            </TextEquiv>
          </Glyph>
          <Glyph id="w2842g3">
            <Coords points="381,1166 381,1166 381,1225 381,1225"/>
            <TextEquiv index="1" conf="0.9997852742671967">
              <Unicode>i</Unicode>
            </TextEquiv>
          </Glyph>
          <TextEquiv index="1" conf="0.9930786765582909">
            <Unicode>mihi</Unicode>
          </TextEquiv>
        </Word>
        <Word id="w2843">
          <Coords points="404,1166 485,1166 485,1225 404,1225"/>
          <Glyph id="w2843g0">
            <Coords points="404,1166 408,1166 408,1225 404,1225"/>
            <TextEquiv index="1" conf="0.9825653731822968">
              <Unicode>o</Unicode>
            </TextEquiv>
          </Glyph>
          <Glyph id="w2843g1">
            <Coords points="416,1166 420,1166 420,1225 416,1225"/>
            <TextEquiv index="1" conf="0.9990399926900864">
              <Unicode>b</Unicode>
            </TextEquiv>
          </Glyph>
          <Glyph id="w2843g2">
            <Coords points="435,1166 435,1166 435,1225 435,1225"/>
            <TextEquiv index="1" conf="0.9996070861816406">
              <Unicode>t</Unicode>
            </TextEquiv>
          </Glyph>
          <Glyph id="w2843g3">
            <Coords points="443,1166 446,1166 446,1225 443,1225"/>
            <TextEquiv index="1" conf="0.9987931847572327">
              <Unicode>i</Unicode>
            </TextEquiv>
          </Glyph>
          <Glyph id="w2843g4">
            <Coords points="462,1166 462,1166 462,1225 462,1225"/>
            <TextEquiv index="1" conf="0.9989265352487564">
              <Unicode>g</Unicode>
            </TextEquiv>
          </Glyph>
          <Glyph id="w2843g5">
            <Coords points="469,1166 473,1166 473,1225 469,1225"/>
            <TextEquiv index="1" conf="0.9998823553323746">
              <Unicode>i</Unicode>
            </TextEquiv>
          </Glyph>
          <Glyph id="w2843g6">
            <Coords points="481,1166 485,1166 485,1225 481,1225"/>
            <TextEquiv index="1" conf="0.997682049870491">
              <Unicode>t</Unicode>
            </TextEquiv>
          </Glyph>
          <TextEquiv index="1" conf="0.9766160069670007">
            <Unicode>obtigit</Unicode>
          </TextEquiv>
        </Word>
        <Word id="w2844">
          <Coords points="500,1166 595,1166 595,1225 500,1225"/>
          <Glyph id="w2844g0">
            <Coords points="500,1166 504,1166 504,1225 500,1225"/>
            <TextEquiv index="1" conf="0.9996296167373657">
              <Unicode>u</Unicode>
            </TextEquiv>
          </Glyph>
          <Glyph id="w2844g1">
            <Coords points="519,1166 519,1166 519,1225 519,1225"/>
            <TextEquiv index="1" conf="0.9997687637805939">
              <Unicode>n</Unicode>
            </TextEquiv>
          </Glyph>
          <Glyph id="w2844g2">
            <Coords points="534,1166 538,1166 538,1225 534,1225"/>
            <TextEquiv index="1" conf="0.9990193843841553">
              <Unicode>i</Unicode>
            </TextEquiv>
          </Glyph>
          <Glyph id="w2844g3">
            <Coords points="550,1166 553,1166 553,1225 550,1225"/>
            <TextEquiv index="1" conf="0.7392257526516914">
              <Unicode>c</Unicode>
            </TextEquiv>
          </Glyph>
          <Glyph id="w2844g4">
            <Coords points="561,1166 561,1166 561,1225 561,1225"/>
            <TextEquiv index="1" conf="0.9819002151489258">
              <Unicode>u</Unicode>
            </TextEquiv>
          </Glyph>
          <Glyph id="w2844g5">
            <Coords points="580,1166 580,1166 580,1225 580,1225"/>
            <TextEquiv index="1" conf="0.9999214112758636">
              <Unicode>s</Unicode>
            </TextEquiv>
          </Glyph>
          <Glyph id="w2844g6">
            <Coords points="592,1166 595,1166 595,1225 592,1225"/>
            <TextEquiv index="1" conf="0.990797683596611">
              <Unicode>,</Unicode>
            </TextEquiv>
          </Glyph>
          <TextEquiv index="1" conf="0.7179726281116408">
            <Unicode>unicus,</Unicode>
          </TextEquiv>
        </Word>
        <Word id="w2845">
          <Coords points="611,1166 676,1166 676,1225 611,1225"/>
          <Glyph id="w2845g0">
            <Coords points="611,1166 615,1166 615,1225 611,1225"/>
            <TextEquiv index="1" conf="0.8869258910417557">
              <Unicode>u</Unicode>
            </TextEquiv>
          </Glyph>
          <Glyph id="w2845g1">
            <Coords points="630,1166 634,1166 634,1225 630,1225"/>
            <TextEquiv index="1" conf="0.9998741298913956">
              <Unicode>n</Unicode>
            </TextEquiv>
          </Glyph>
          <Glyph id="w2845g2">
            <Coords points="649,1166 649,1166 649,1225 649,1225"/>
            <TextEquiv index="1" conf="0.9869961440563202">
              <Unicode>i</Unicode>
            </TextEquiv>
          </Glyph>
          <Glyph id="w2845g3">
            <Coords points="661,1166 661,1166 661,1225 661,1225"/>
            <TextEquiv index="1" conf="0.4787130244076252">
              <Unicode>e</Unicode>
            </TextEquiv>
          </Glyph>
          <Glyph id="w2845g4">
            <Coords points="672,1166 676,1166 676,1225 672,1225"/>
            <TextEquiv index="1" conf="0.9976647347211838">
              <Unicode>è</Unicode>
            </TextEquiv>
          </Glyph>
          <TextEquiv index="1" conf="0.4180305153258602">
            <Unicode>unieè</Unicode>
          </TextEquiv>
        </Word>
        <Word id="w2846">
          <Coords points="695,1166 802,1166 802,1225 695,1225"/>
          <Glyph id="w2846g0">
            <Coords points="695,1166 699,1166 699,1225 695,1225"/>
            <TextEquiv index="1" conf="0.9990531355142593">
              <Unicode>d</Unicode>
            </TextEquiv>
          </Glyph>
          <Glyph id="w2846g1">
            <Coords points="706,1166 710,1166 710,1225 706,1225"/>
            <TextEquiv index="1" conf="0.9999404847621918">
              <Unicode>i</Unicode>
            </TextEquiv>
          </Glyph>
          <Glyph id="w2846g2">
            <Coords points="718,1166 718,1166 718,1225 718,1225"/>
            <TextEquiv index="1" conf="0.9997541904449463">
              <Unicode>l</Unicode>
            </TextEquiv>
          </Glyph>
          <Glyph id="w2846g3">
            <Coords points="733,1166 733,1166 733,1225 733,1225"/>
            <TextEquiv index="1" conf="0.9999696016311646">
              <Unicode>e</Unicode>
            </TextEquiv>
          </Glyph>
          <Glyph id="w2846g4">
            <Coords points="745,1166 748,1166 748,1225 745,1225"/>
            <TextEquiv index="1" conf="0.999603196978569">
              <Unicode>c</Unicode>
            </TextEquiv>
          </Glyph>
          <Glyph id="w2846g5">
            <Coords points="756,1166 760,1166 760,1225 756,1225"/>
            <TextEquiv index="1" conf="0.9999156594276428">
              <Unicode>t</Unicode>
            </TextEquiv>
          </Glyph>
          <Glyph id="w2846g6">
            <Coords points="768,1166 771,1166 771,1225 768,1225"/>
            <TextEquiv index="1" conf="0.9999358654022217">
              <Unicode>u</Unicode>
            </TextEquiv>
          </Glyph>
          <Glyph id="w2846g7">
            <Coords points="787,1166 787,1166 787,1225 787,1225"/>
            <TextEquiv index="1" conf="0.9998399764299393">
              <Unicode>s</Unicode>
            </TextEquiv>
          </Glyph>
          <Glyph id="w2846g8">
            <Coords points="798,1166 802,1166 802,1225 798,1225"/>
            <TextEquiv index="1" conf="0.7819892913103104">
              <Unicode>;</Unicode>
            </TextEquiv>
          </Glyph>
          <TextEquiv index="1" conf="0.7804358759237829">
            <Unicode>dilectus;</Unicode>
          </TextEquiv>
        </Word>
        <Word id="w2847">
          <Coords points="817,1166 867,1166 867,1225 817,1225"/>
          <Glyph id="w2847g0">
            <Coords points="817,1166 821,1166 821,1225 817,1225"/>
            <TextEquiv index="1" conf="0.8743036985397339">
              <Unicode>p</Unicode>
            </TextEquiv>
          </Glyph>
          <Glyph id="w2847g1">
            <Coords points="836,1166 840,1166 840,1225 836,1225"/>
            <TextEquiv index="1" conf="0.9970136284828186">
              <Unicode>r</Unicode>
            </TextEquiv>
          </Glyph>
          <Glyph id="w2847g2">
            <Coords points="848,1166 852,1166 852,1225 848,1225"/>
            <TextEquiv index="1" conf="0.9984632283449173">
              <Unicode>a</Unicode>
            </TextEquiv>
          </Glyph>
          <Glyph id="w2847g3">
            <Coords points="863,1166 867,1166 867,1225 863,1225"/>
            <TextEquiv index="1" conf="0.9987758100032806">
              <Unicode>-</Unicode>
            </TextEquiv>
          </Glyph>
          <TextEquiv index="1" conf="0.869287632668156">
            <Unicode>pra-</Unicode>
          </TextEquiv>
        </Word>
        <TextEquiv index="1" conf="0.9670992266955012">
          <Unicode>Pater fui; gnatus mihi obtigit unicus, unieè dilectus; pra-</Unicode>
        </TextEquiv>
      </TextLine>
      <TextLine id="r0_l035">
        <Coords points="395,1257 396,1256 396,1253 397,1252 487,1253 488,1252 488,1251 820,1253 820,1254 820,1259 821,1259 827,1259 828,1252 828,1251 859,1251 861,1250 861,1247 861,1246 870,1246 871,1246 871,1245 871,1244 884,1245 885,1244 885,1243 884,1243 859,1242 859,1237 857,1235 843,1235 842,1234 798,1234 798,1233 798,1227 797,1227 756,1227 755,1225 755,1224 754,1224 754,1225 753,1226 314,1223 313,1222 199,1221 198,1220 188,1220 187,1219 166,1219 165,1218 32,1217 30,1215 24,1215 24,1248 24,1249 30,1249 31,1250 32,1250 33,1249 33,1244 328,1246 329,1247 373,1247 374,1248 373,1256 374,1256 394,1256 395,1257"/>
        <Word id="w2848">
          <Coords points="88,1215 110,1215 110,1259 88,1259"/>
          <Glyph id="w2848g0">
            <Coords points="88,1215 88,1215 88,1259 88,1259"/>
            <TextEquiv index="1" conf="0.9659113734960556">
              <Unicode>v</Unicode>
            </TextEquiv>
          </Glyph>
          <Glyph id="w2848g1">
            <Coords points="95,1215 99,1215 99,1259 95,1259"/>
            <TextEquiv index="1" conf="0.9958934336900711">
              <Unicode>i</Unicode>
            </TextEquiv>
          </Glyph>
          <Glyph id="w2848g2">
            <Coords points="106,1215 110,1215 110,1259 106,1259"/>
            <TextEquiv index="1" conf="0.992142915725708">
              <Unicode>s</Unicode>
            </TextEquiv>
          </Glyph>
          <TextEquiv index="1" conf="0.9543867130745308">
            <Unicode>vis</Unicode>
          </TextEquiv>
        </Word>
        <Word id="w2849">
          <Coords points="128,1215 285,1215 285,1259 128,1259"/>
          <Glyph id="w2849g0">
            <Coords points="128,1215 128,1215 128,1259 128,1259"/>
            <TextEquiv index="1" conf="0.9875651597976685">
              <Unicode>ſ</Unicode>
            </TextEquiv>
          </Glyph>
          <Glyph id="w2849g1">
            <Coords points="143,1215 146,1215 146,1259 143,1259"/>
            <TextEquiv index="1" conf="0.9998426586389542">
              <Unicode>o</Unicode>
            </TextEquiv>
          </Glyph>
          <Glyph id="w2849g2">
            <Coords points="161,1215 165,1215 165,1259 161,1259"/>
            <TextEquiv index="1" conf="0.9995408654212952">
              <Unicode>d</Unicode>
            </TextEquiv>
          </Glyph>
          <Glyph id="w2849g3">
            <Coords points="172,1215 172,1215 172,1259 172,1259"/>
            <TextEquiv index="1" conf="0.9989749044179916">
              <Unicode>a</Unicode>
            </TextEquiv>
          </Glyph>
          <Glyph id="w2849g4">
            <Coords points="187,1215 187,1215 187,1259 187,1259"/>
            <TextEquiv index="1" conf="0.99990214407444">
              <Unicode>l</Unicode>
            </TextEquiv>
          </Glyph>
          <Glyph id="w2849g5">
            <Coords points="194,1215 198,1215 198,1259 194,1259"/>
            <TextEquiv index="1" conf="0.9993141889572144">
              <Unicode>i</Unicode>
            </TextEquiv>
          </Glyph>
          <Glyph id="w2849g6">
            <Coords points="205,1215 209,1215 209,1259 205,1259"/>
            <TextEquiv index="1" conf="0.9999688565731049">
              <Unicode>t</Unicode>
            </TextEquiv>
          </Glyph>
          <Glyph id="w2849g7">
            <Coords points="212,1215 216,1215 216,1259 212,1259"/>
            <TextEquiv index="1" conf="0.9875623136758804">
              <Unicode>a</Unicode>
            </TextEquiv>
          </Glyph>
          <Glyph id="w2849g8">
            <Coords points="231,1215 231,1215 231,1259 231,1259"/>
            <TextEquiv index="1" conf="0.9989542961120605">
              <Unicode>t</Unicode>
            </TextEquiv>
          </Glyph>
          <Glyph id="w2849g9">
            <Coords points="238,1215 242,1215 242,1259 238,1259"/>
            <TextEquiv index="1" conf="0.9994397908449173">
              <Unicode>i</Unicode>
            </TextEquiv>
          </Glyph>
          <Glyph id="w2849g10">
            <Coords points="249,1215 249,1215 249,1259 249,1259"/>
            <TextEquiv index="1" conf="0.6928711980581284">
              <Unicode>b</Unicode>
            </TextEquiv>
          </Glyph>
          <Glyph id="w2849g11">
            <Coords points="267,1215 267,1215 267,1259 267,1259"/>
            <TextEquiv index="1" conf="0.9999129623174667">
              <Unicode>u</Unicode>
            </TextEquiv>
          </Glyph>
          <Glyph id="w2849g12">
            <Coords points="285,1215 285,1215 285,1259 285,1259"/>
            <TextEquiv index="1" conf="0.999979704618454">
              <Unicode>s</Unicode>
            </TextEquiv>
          </Glyph>
          <TextEquiv index="1" conf="0.6729320903952102">
            <Unicode>ſodalitatibus</Unicode>
          </TextEquiv>
        </Word>
        <Word id="w2850">
          <Coords points="304,1215 344,1215 344,1259 304,1259"/>
          <Glyph id="w2850g0">
            <Coords points="304,1215 304,1215 304,1259 304,1259"/>
            <TextEquiv index="1" conf="0.9996192753314972">
              <Unicode>ſ</Unicode>
            </TextEquiv>
          </Glyph>
          <Glyph id="w2850g1">
            <Coords points="315,1215 318,1215 318,1259 315,1259"/>
            <TextEquiv index="1" conf="0.9999537169933319">
              <Unicode>e</Unicode>
            </TextEquiv>
          </Glyph>
          <Glyph id="w2850g2">
            <Coords points="326,1215 329,1215 329,1259 326,1259"/>
            <TextEquiv index="1" conf="0.9996149688959122">
              <Unicode>ſ</Unicode>
            </TextEquiv>
          </Glyph>
          <Glyph id="w2850g3">
            <Coords points="340,1215 344,1215 344,1259 340,1259"/>
            <TextEquiv index="1" conf="0.9996731877326965">
              <Unicode>e</Unicode>
            </TextEquiv>
          </Glyph>
          <TextEquiv index="1" conf="0.9988615963037185">
            <Unicode>ſeſe</Unicode>
          </TextEquiv>
        </Word>
        <Word id="w2851">
          <Coords points="359,1215 483,1215 483,1259 359,1259"/>
          <Glyph id="w2851g0">
            <Coords points="359,1215 362,1215 362,1259 359,1259"/>
            <TextEquiv index="1" conf="0.993007630109787">
              <Unicode>a</Unicode>
            </TextEquiv>
          </Glyph>
          <Glyph id="w2851g1">
            <Coords points="373,1215 377,1215 377,1259 373,1259"/>
            <TextEquiv index="1" conf="0.9950908720493317">
              <Unicode>p</Unicode>
            </TextEquiv>
          </Glyph>
          <Glyph id="w2851g2">
            <Coords points="392,1215 395,1215 395,1259 392,1259"/>
            <TextEquiv index="1" conf="0.9998205006122589">
              <Unicode>p</Unicode>
            </TextEquiv>
          </Glyph>
          <Glyph id="w2851g3">
            <Coords points="410,1215 410,1215 410,1259 410,1259"/>
            <TextEquiv index="1" conf="0.9722560048103333">
              <Unicode>l</Unicode>
            </TextEquiv>
          </Glyph>
          <Glyph id="w2851g4">
            <Coords points="417,1215 421,1215 421,1259 417,1259"/>
            <TextEquiv index="1" conf="0.9987263679504395">
              <Unicode>i</Unicode>
            </TextEquiv>
          </Glyph>
          <Glyph id="w2851g5">
            <Coords points="432,1215 432,1215 432,1259 432,1259"/>
            <TextEquiv index="1" conf="0.5721108987927437">
              <Unicode>c</Unicode>
            </TextEquiv>
          </Glyph>
          <Glyph id="w2851g6">
            <Coords points="443,1215 443,1215 443,1259 443,1259"/>
            <TextEquiv index="1" conf="0.9981796443462372">
              <Unicode>u</Unicode>
            </TextEquiv>
          </Glyph>
          <Glyph id="w2851g7">
            <Coords points="457,1215 461,1215 461,1259 457,1259"/>
            <TextEquiv index="1" conf="0.9962658286094666">
              <Unicode>i</Unicode>
            </TextEquiv>
          </Glyph>
          <Glyph id="w2851g8">
            <Coords points="468,1215 472,1215 472,1259 468,1259"/>
            <TextEquiv index="1" conf="0.9952513575553894">
              <Unicode>t</Unicode>
            </TextEquiv>
          </Glyph>
          <Glyph id="w2851g9">
            <Coords points="483,1215 483,1215 483,1259 483,1259"/>
            <TextEquiv index="1" conf="0.46955451369285583">
              <Unicode>:</Unicode>
            </TextEquiv>
          </Glyph>
          <TextEquiv index="1" conf="0.25506300900774476">
            <Unicode>applicuit:</Unicode>
          </TextEquiv>
        </Word>
        <Word id="w2852">
          <Coords points="512,1215 589,1215 589,1259 512,1259"/>
          <Glyph id="w2852g0">
            <Coords points="512,1215 512,1215 512,1259 512,1259"/>
            <TextEquiv index="1" conf="0.6659898459911346">
              <Unicode>ſ</Unicode>
            </TextEquiv>
          </Glyph>
          <Glyph id="w2852g1">
            <Coords points="523,1215 527,1215 527,1259 523,1259"/>
            <TextEquiv index="1" conf="0.8988316208124161">
              <Unicode>r</Unicode>
            </TextEquiv>
          </Glyph>
          <Glyph id="w2852g2">
            <Coords points="534,1215 538,1215 538,1259 534,1259"/>
            <TextEquiv index="1" conf="0.999701663851738">
              <Unicode>u</Unicode>
            </TextEquiv>
          </Glyph>
          <Glyph id="w2852g3">
            <Coords points="552,1215 556,1215 556,1259 552,1259"/>
            <TextEquiv index="1" conf="0.9995906502008438">
              <Unicode>ſ</Unicode>
            </TextEquiv>
          </Glyph>
          <Glyph id="w2852g4">
            <Coords points="563,1215 563,1215 563,1259 563,1259"/>
            <TextEquiv index="1" conf="0.9057420194149017">
              <Unicode>t</Unicode>
            </TextEquiv>
          </Glyph>
          <Glyph id="w2852g5">
            <Coords points="574,1215 578,1215 578,1259 574,1259"/>
            <TextEquiv index="1" conf="0.7952254414558411">
              <Unicode>r</Unicode>
            </TextEquiv>
          </Glyph>
          <Glyph id="w2852g6">
            <Coords points="585,1215 589,1215 589,1259 585,1259"/>
            <TextEquiv index="1" conf="0.9511550068855286">
              <Unicode>a</Unicode>
            </TextEquiv>
          </Glyph>
          <TextEquiv index="1" conf="0.4098119618931582">
            <Unicode>ſruſtra</Unicode>
          </TextEquiv>
        </Word>
        <Word id="w2853">
          <Coords points="615,1215 728,1215 728,1259 615,1259"/>
          <Glyph id="w2853g0">
            <Coords points="615,1215 615,1215 615,1259 615,1259"/>
            <TextEquiv index="1" conf="0.9996279329061508">
              <Unicode>r</Unicode>
            </TextEquiv>
          </Glyph>
          <Glyph id="w2853g1">
            <Coords points="626,1215 629,1215 629,1259 626,1259"/>
            <TextEquiv index="1" conf="0.9999544024467468">
              <Unicode>e</Unicode>
            </TextEquiv>
          </Glyph>
          <Glyph id="w2853g2">
            <Coords points="640,1215 648,1215 648,1259 640,1259"/>
            <TextEquiv index="1" conf="0.998053103685379">
              <Unicode>v</Unicode>
            </TextEquiv>
          </Glyph>
          <Glyph id="w2853g3">
            <Coords points="658,1215 662,1215 662,1259 658,1259"/>
            <TextEquiv index="1" conf="0.998502641916275">
              <Unicode>o</Unicode>
            </TextEquiv>
          </Glyph>
          <Glyph id="w2853g4">
            <Coords points="677,1215 677,1215 677,1259 677,1259"/>
            <TextEquiv index="1" conf="0.9928458034992218">
              <Unicode>c</Unicode>
            </TextEquiv>
          </Glyph>
          <Glyph id="w2853g5">
            <Coords points="684,1215 688,1215 688,1259 684,1259"/>
            <TextEquiv index="1" conf="0.9932396858930588">
              <Unicode>a</Unicode>
            </TextEquiv>
          </Glyph>
          <Glyph id="w2853g6">
            <Coords points="717,1215 717,1215 717,1259 717,1259"/>
            <TextEquiv index="1" conf="0.9990217089653015">
              <Unicode>i</Unicode>
            </TextEquiv>
          </Glyph>
          <Glyph id="w2853g7">
            <Coords points="724,1215 728,1215 728,1259 724,1259"/>
            <TextEquiv index="1" conf="0.7759897112846375">
              <Unicode>.</Unicode>
            </TextEquiv>
          </Glyph>
          <TextEquiv index="1" conf="0.7615320834817689">
            <Unicode>revocai.</Unicode>
          </TextEquiv>
        </Word>
        <Word id="w2854">
          <Coords points="765,1215 863,1215 863,1259 765,1259"/>
          <Glyph id="w2854g0">
            <Coords points="765,1215 765,1215 765,1259 765,1259"/>
            <TextEquiv index="1" conf="0.9967236518859863">
              <Unicode>V</Unicode>
            </TextEquiv>
          </Glyph>
          <Glyph id="w2854g1">
            <Coords points="779,1215 783,1215 783,1259 779,1259"/>
            <TextEquiv index="1" conf="0.9997669160366058">
              <Unicode>o</Unicode>
            </TextEquiv>
          </Glyph>
          <Glyph id="w2854g2">
            <Coords points="794,1215 794,1215 794,1259 794,1259"/>
            <TextEquiv index="1" conf="0.9996489882469177">
              <Unicode>l</Unicode>
            </TextEquiv>
          </Glyph>
          <Glyph id="w2854g3">
            <Coords points="801,1215 805,1215 805,1259 801,1259"/>
            <TextEquiv index="1" conf="0.9999510943889618">
              <Unicode>u</Unicode>
            </TextEquiv>
          </Glyph>
          <Glyph id="w2854g4">
            <Coords points="823,1215 823,1215 823,1259 823,1259"/>
            <TextEquiv index="1" conf="0.9999166429042816">
              <Unicode>p</Unicode>
            </TextEquiv>
          </Glyph>
          <Glyph id="w2854g5">
            <Coords points="838,1215 841,1215 841,1259 838,1259"/>
            <TextEquiv index="1" conf="0.9998974204063416">
              <Unicode>t</Unicode>
            </TextEquiv>
          </Glyph>
          <Glyph id="w2854g6">
            <Coords points="849,1215 852,1215 852,1259 849,1259"/>
            <TextEquiv index="1" conf="0.9002312570810318">
              <Unicode>a</Unicode>
            </TextEquiv>
          </Glyph>
          <Glyph id="w2854g7">
            <Coords points="863,1215 863,1215 863,1259 863,1259"/>
            <TextEquiv index="1" conf="0.998633623123169">
              <Unicode>-</Unicode>
            </TextEquiv>
          </Glyph>
          <TextEquiv index="1" conf="0.8953221588938006">
            <Unicode>Volupta-</Unicode>
          </TextEquiv>
        </Word>
        <TextEquiv index="1" conf="0.9546632035556486">
          <Unicode>vis ſodalitatibus ſeſe applicuit: ſruſtra revocai. Volupta-</Unicode>
        </TextEquiv>
      </TextLine>
      <TextLine id="r0_l036">
        <Coords points="285,1293 286,1292 459,1293 460,1291 460,1286 461,1286 780,1288 780,1289 781,1290 784,1290 786,1288 870,1288 871,1287 871,1286 870,1285 870,1265 869,1263 327,1260 326,1259 246,1258 245,1257 204,1257 203,1256 169,1256 168,1255 104,1254 103,1254 103,1253 103,1252 34,1252 33,1251 34,1250 33,1250 31,1250 30,1249 24,1249 25,1250 24,1286 25,1287 283,1289 283,1292 284,1293 285,1293"/>
        <Word id="w2855">
          <Coords points="84,1249 139,1249 139,1293 84,1293"/>
          <Glyph id="w2855g0">
            <Coords points="84,1249 84,1249 84,1293 84,1293"/>
            <TextEquiv index="1" conf="0.9990733563899994">
              <Unicode>t</Unicode>
            </TextEquiv>
          </Glyph>
          <Glyph id="w2855g1">
            <Coords points="92,1249 92,1249 92,1293 92,1293"/>
            <TextEquiv index="1" conf="0.9996895045042038">
              <Unicode>i</Unicode>
            </TextEquiv>
          </Glyph>
          <Glyph id="w2855g2">
            <Coords points="103,1249 103,1249 103,1293 103,1293"/>
            <TextEquiv index="1" conf="0.9987438470125198">
              <Unicode>b</Unicode>
            </TextEquiv>
          </Glyph>
          <Glyph id="w2855g3">
            <Coords points="117,1249 121,1249 121,1293 117,1293"/>
            <TextEquiv index="1" conf="0.9982977658510208">
              <Unicode>u</Unicode>
            </TextEquiv>
          </Glyph>
          <Glyph id="w2855g4">
            <Coords points="136,1249 139,1249 139,1293 136,1293"/>
            <TextEquiv index="1" conf="0.9993146806955338">
              <Unicode>s</Unicode>
            </TextEquiv>
          </Glyph>
          <TextEquiv index="1" conf="0.9951281079856943">
            <Unicode>tibus</Unicode>
          </TextEquiv>
        </Word>
        <Word id="w2856">
          <Coords points="161,1249 176,1249 176,1293 161,1293"/>
          <Glyph id="w2856g0">
            <Coords points="161,1249 161,1249 161,1293 161,1293"/>
            <TextEquiv index="1" conf="0.9994503557682037">
              <Unicode>ſ</Unicode>
            </TextEquiv>
          </Glyph>
          <Glyph id="w2856g1">
            <Coords points="172,1249 176,1249 176,1293 172,1293"/>
            <TextEquiv index="1" conf="0.9999034553766251">
              <Unicode>e</Unicode>
            </TextEquiv>
          </Glyph>
          <TextEquiv index="1" conf="0.9993538642100241">
            <Unicode>ſe</Unicode>
          </TextEquiv>
        </Word>
        <Word id="w2857">
          <Coords points="198,1249 267,1249 267,1293 198,1293"/>
          <Glyph id="w2857g0">
            <Coords points="198,1249 201,1249 201,1293 198,1293"/>
            <TextEquiv index="1" conf="0.9989188462495804">
              <Unicode>d</Unicode>
            </TextEquiv>
          </Glyph>
          <Glyph id="w2857g1">
            <Coords points="212,1249 216,1249 216,1293 212,1293"/>
            <TextEquiv index="1" conf="0.9998219609260559">
              <Unicode>e</Unicode>
            </TextEquiv>
          </Glyph>
          <Glyph id="w2857g2">
            <Coords points="231,1249 234,1249 234,1293 231,1293"/>
            <TextEquiv index="1" conf="0.9999835193157196">
              <Unicode>d</Unicode>
            </TextEquiv>
          </Glyph>
          <Glyph id="w2857g3">
            <Coords points="242,1249 242,1249 242,1293 242,1293"/>
            <TextEquiv index="1" conf="0.9999693930149078">
              <Unicode>i</Unicode>
            </TextEquiv>
          </Glyph>
          <Glyph id="w2857g4">
            <Coords points="253,1249 253,1249 253,1293 253,1293"/>
            <TextEquiv index="1" conf="0.9995750486850739">
              <Unicode>t</Unicode>
            </TextEquiv>
          </Glyph>
          <Glyph id="w2857g5">
            <Coords points="264,1249 267,1249 267,1293 264,1293"/>
            <TextEquiv index="1" conf="0.9754166603088379">
              <Unicode>,</Unicode>
            </TextEquiv>
          </Glyph>
          <TextEquiv index="1" conf="0.9737287753875427">
            <Unicode>dedit,</Unicode>
          </TextEquiv>
        </Word>
        <Word id="w2858">
          <Coords points="289,1249 359,1249 359,1293 289,1293"/>
          <Glyph id="w2858g0">
            <Coords points="289,1249 293,1249 293,1293 289,1293"/>
            <TextEquiv index="1" conf="0.9972423017024994">
              <Unicode>a</Unicode>
            </TextEquiv>
          </Glyph>
          <Glyph id="w2858g1">
            <Coords points="308,1249 308,1249 308,1293 308,1293"/>
            <TextEquiv index="1" conf="0.9986107349395752">
              <Unicode>n</Unicode>
            </TextEquiv>
          </Glyph>
          <Glyph id="w2858g2">
            <Coords points="322,1249 326,1249 326,1293 322,1293"/>
            <TextEquiv index="1" conf="0.9985136687755585">
              <Unicode>i</Unicode>
            </TextEquiv>
          </Glyph>
          <Glyph id="w2858g3">
            <Coords points="341,1249 344,1249 344,1293 341,1293"/>
            <TextEquiv index="1" conf="0.9999542832374573">
              <Unicode>m</Unicode>
            </TextEquiv>
          </Glyph>
          <Glyph id="w2858g4">
            <Coords points="359,1249 359,1249 359,1293 359,1293"/>
            <TextEquiv index="1" conf="0.9981393069028854">
              <Unicode>i</Unicode>
            </TextEquiv>
          </Glyph>
          <TextEquiv index="1" conf="0.9924810897098659">
            <Unicode>animi</Unicode>
          </TextEquiv>
        </Word>
        <Word id="w2859">
          <Coords points="384,1249 399,1249 399,1293 384,1293"/>
          <Glyph id="w2859g0">
            <Coords points="384,1249 399,1249 399,1293 384,1293"/>
            <TextEquiv index="1" conf="0.9991217106580734">
              <Unicode>&amp;</Unicode>
            </TextEquiv>
          </Glyph>
          <TextEquiv index="1" conf="0.9991217106580734">
            <Unicode>&amp;</Unicode>
          </TextEquiv>
        </Word>
        <Word id="w2860">
          <Coords points="417,1249 516,1249 516,1293 417,1293"/>
          <Glyph id="w2860g0">
            <Coords points="417,1249 417,1249 417,1293 417,1293"/>
            <TextEquiv index="1" conf="0.5442549139261246">
              <Unicode>e</Unicode>
            </TextEquiv>
          </Glyph>
          <Glyph id="w2860g1">
            <Coords points="432,1249 436,1249 436,1293 432,1293"/>
            <TextEquiv index="1" conf="0.9966749846935272">
              <Unicode>o</Unicode>
            </TextEquiv>
          </Glyph>
          <Glyph id="w2860g2">
            <Coords points="447,1249 447,1249 447,1293 447,1293"/>
            <TextEquiv index="1" conf="0.9997665733098984">
              <Unicode>r</Unicode>
            </TextEquiv>
          </Glyph>
          <Glyph id="w2860g3">
            <Coords points="458,1249 458,1249 458,1293 458,1293"/>
            <TextEquiv index="1" conf="0.9984364658594131">
              <Unicode>p</Unicode>
            </TextEquiv>
          </Glyph>
          <Glyph id="w2860g4">
            <Coords points="480,1249 483,1249 483,1293 480,1293"/>
            <TextEquiv index="1" conf="0.9980628341436386">
              <Unicode>o</Unicode>
            </TextEquiv>
          </Glyph>
          <Glyph id="w2860g5">
            <Coords points="494,1249 494,1249 494,1293 494,1293"/>
            <TextEquiv index="1" conf="0.999967485666275">
              <Unicode>r</Unicode>
            </TextEquiv>
          </Glyph>
          <Glyph id="w2860g6">
            <Coords points="505,1249 505,1249 505,1293 505,1293"/>
            <TextEquiv index="1" conf="0.9996046274900436">
              <Unicode>i</Unicode>
            </TextEquiv>
          </Glyph>
          <Glyph id="w2860g7">
            <Coords points="516,1249 516,1249 516,1293 516,1293"/>
            <TextEquiv index="1" conf="0.9997039139270782">
              <Unicode>s</Unicode>
            </TextEquiv>
          </Glyph>
          <TextEquiv index="1" conf="0.5400306092199871">
            <Unicode>eorporis</Unicode>
          </TextEquiv>
        </Word>
        <Word id="w2861">
          <Coords points="535,1249 586,1249 586,1293 535,1293"/>
          <Glyph id="w2861g0">
            <Coords points="535,1249 538,1249 538,1293 535,1293"/>
            <TextEquiv index="1" conf="0.9999164342880249">
              <Unicode>v</Unicode>
            </TextEquiv>
          </Glyph>
          <Glyph id="w2861g1">
            <Coords points="545,1249 549,1249 549,1293 545,1293"/>
            <TextEquiv index="1" conf="0.9996713250875473">
              <Unicode>i</Unicode>
            </TextEquiv>
          </Glyph>
          <Glyph id="w2861g2">
            <Coords points="560,1249 560,1249 560,1293 560,1293"/>
            <TextEquiv index="1" conf="0.9994379132986069">
              <Unicode>r</Unicode>
            </TextEquiv>
          </Glyph>
          <Glyph id="w2861g3">
            <Coords points="571,1249 575,1249 575,1293 571,1293"/>
            <TextEquiv index="1" conf="0.9998634308576584">
              <Unicode>e</Unicode>
            </TextEquiv>
          </Glyph>
          <Glyph id="w2861g4">
            <Coords points="586,1249 586,1249 586,1293 586,1293"/>
            <TextEquiv index="1" conf="0.9998481571674347">
              <Unicode>s</Unicode>
            </TextEquiv>
          </Glyph>
          <TextEquiv index="1" conf="0.9987378215145277">
            <Unicode>vires</Unicode>
          </TextEquiv>
        </Word>
        <Word id="w2862">
          <Coords points="608,1249 677,1249 677,1293 608,1293"/>
          <Glyph id="w2862g0">
            <Coords points="608,1249 611,1249 611,1293 608,1293"/>
            <TextEquiv index="1" conf="0.9934104084968567">
              <Unicode>m</Unicode>
            </TextEquiv>
          </Glyph>
          <Glyph id="w2862g1">
            <Coords points="626,1249 630,1249 630,1293 626,1293"/>
            <TextEquiv index="1" conf="0.9997459501028061">
              <Unicode>i</Unicode>
            </TextEquiv>
          </Glyph>
          <Glyph id="w2862g2">
            <Coords points="637,1249 637,1249 637,1293 637,1293"/>
            <TextEquiv index="1" conf="0.9994944334030151">
              <Unicode>ſ</Unicode>
            </TextEquiv>
          </Glyph>
          <Glyph id="w2862g3">
            <Coords points="648,1249 648,1249 648,1293 648,1293"/>
            <TextEquiv index="1" conf="0.9937441647052765">
              <Unicode>e</Unicode>
            </TextEquiv>
          </Glyph>
          <Glyph id="w2862g4">
            <Coords points="659,1249 663,1249 663,1293 659,1293"/>
            <TextEquiv index="1" conf="0.9948827624320984">
              <Unicode>r</Unicode>
            </TextEquiv>
          </Glyph>
          <Glyph id="w2862g5">
            <Coords points="674,1249 677,1249 677,1293 674,1293"/>
            <TextEquiv index="1" conf="0.9804758876562119">
              <Unicode>è</Unicode>
            </TextEquiv>
          </Glyph>
          <TextEquiv index="1" conf="0.9622372266638385">
            <Unicode>miſerè</Unicode>
          </TextEquiv>
        </Word>
        <Word id="w2863">
          <Coords points="688,1249 783,1249 783,1293 688,1293"/>
          <Glyph id="w2863g0">
            <Coords points="688,1249 692,1249 692,1293 688,1293"/>
            <TextEquiv index="1" conf="0.9990696907043457">
              <Unicode>a</Unicode>
            </TextEquiv>
          </Glyph>
          <Glyph id="w2863g1">
            <Coords points="703,1249 703,1249 703,1293 703,1293"/>
            <TextEquiv index="1" conf="0.8160806149244308">
              <Unicode>ſ</Unicode>
            </TextEquiv>
          </Glyph>
          <Glyph id="w2863g2">
            <Coords points="714,1249 714,1249 714,1293 714,1293"/>
            <TextEquiv index="1" conf="0.5293197830518087">
              <Unicode>f</Unicode>
            </TextEquiv>
          </Glyph>
          <Glyph id="w2863g3">
            <Coords points="721,1249 721,1249 721,1293 721,1293"/>
            <TextEquiv index="1" conf="0.9909359961748123">
              <Unicode>l</Unicode>
            </TextEquiv>
          </Glyph>
          <Glyph id="w2863g4">
            <Coords points="728,1249 732,1249 732,1293 728,1293"/>
            <TextEquiv index="1" conf="0.997849315404892">
              <Unicode>i</Unicode>
            </TextEquiv>
          </Glyph>
          <Glyph id="w2863g5">
            <Coords points="743,1249 750,1249 750,1293 743,1293"/>
            <TextEquiv index="1" conf="0.9985804408788681">
              <Unicode>x</Unicode>
            </TextEquiv>
          </Glyph>
          <Glyph id="w2863g6">
            <Coords points="758,1249 758,1249 758,1293 758,1293"/>
            <TextEquiv index="1" conf="0.9993105828762054">
              <Unicode>i</Unicode>
            </TextEquiv>
          </Glyph>
          <Glyph id="w2863g7">
            <Coords points="769,1249 769,1249 769,1293 769,1293"/>
            <TextEquiv index="1" conf="0.9997498244047165">
              <Unicode>t</Unicode>
            </TextEquiv>
          </Glyph>
          <Glyph id="w2863g8">
            <Coords points="780,1249 783,1249 783,1293 780,1293"/>
            <TextEquiv index="1" conf="0.9939726740121841">
              <Unicode>,</Unicode>
            </TextEquiv>
          </Glyph>
          <TextEquiv index="1" conf="0.42316219705011715">
            <Unicode>aſflixit,</Unicode>
          </TextEquiv>
        </Word>
        <Word id="w2864">
          <Coords points="802,1249 864,1249 864,1293 802,1293"/>
          <Glyph id="w2864g0">
            <Coords points="802,1249 802,1249 802,1293 802,1293"/>
            <TextEquiv index="1" conf="0.9812766909599304">
              <Unicode>b</Unicode>
            </TextEquiv>
          </Glyph>
          <Glyph id="w2864g1">
            <Coords points="824,1249 824,1249 824,1293 824,1293"/>
            <TextEquiv index="1" conf="0.999941885471344">
              <Unicode>r</Unicode>
            </TextEquiv>
          </Glyph>
          <Glyph id="w2864g2">
            <Coords points="835,1249 838,1249 838,1293 835,1293"/>
            <TextEquiv index="1" conf="0.9998374879360199">
              <Unicode>e</Unicode>
            </TextEquiv>
          </Glyph>
          <Glyph id="w2864g3">
            <Coords points="853,1249 857,1249 857,1293 853,1293"/>
            <TextEquiv index="1" conf="0.9974415749311447">
              <Unicode>v</Unicode>
            </TextEquiv>
          </Glyph>
          <Glyph id="w2864g4">
            <Coords points="864,1249 864,1249 864,1293 864,1293"/>
            <TextEquiv index="1" conf="0.9995664358139038">
              <Unicode>i</Unicode>
            </TextEquiv>
          </Glyph>
          <TextEquiv index="1" conf="0.9781259711370212">
            <Unicode>brevi</Unicode>
          </TextEquiv>
        </Word>
        <TextEquiv index="1" conf="0.9789243487875319">
          <Unicode>tibus ſe dedit, animi &amp; eorporis vires miſerè aſflixit, brevi</Unicode>
        </TextEquiv>
      </TextLine>
      <TextLine id="r0_l037">
        <Coords points="935,1335 936,1334 936,1332 935,1331 935,1330 934,1329 934,1327 932,1325 932,1323 929,1320 929,1319 928,1318 871,1317 870,1316 869,1316 868,1315 863,1315 862,1315 862,1311 861,1309 817,1309 816,1309 816,1298 816,1297 814,1297 813,1298 628,1297 627,1298 290,1296 289,1295 289,1293 155,1292 154,1291 154,1290 145,1290 144,1289 128,1289 127,1288 26,1287 25,1287 25,1321 26,1322 160,1323 160,1324 161,1325 164,1325 165,1326 364,1327 365,1328 539,1329 540,1330 541,1330 542,1331 933,1334 934,1335 935,1335"/>
        <Word id="w2865">
          <Coords points="85,1287 177,1287 177,1335 85,1335"/>
          <Glyph id="w2865g0">
            <Coords points="85,1287 89,1287 89,1335 85,1335"/>
            <TextEquiv index="1" conf="0.9966557323932648">
              <Unicode>o</Unicode>
            </TextEquiv>
          </Glyph>
          <Glyph id="w2865g1">
            <Coords points="104,1287 104,1287 104,1335 104,1335"/>
            <TextEquiv index="1" conf="0.5107941217720509">
              <Unicode>e</Unicode>
            </TextEquiv>
          </Glyph>
          <Glyph id="w2865g2">
            <Coords points="115,1287 115,1287 115,1335 115,1335"/>
            <TextEquiv index="1" conf="0.6825237013399601">
              <Unicode>c</Unicode>
            </TextEquiv>
          </Glyph>
          <Glyph id="w2865g3">
            <Coords points="123,1287 127,1287 127,1335 123,1335"/>
            <TextEquiv index="1" conf="0.9994502365589142">
              <Unicode>i</Unicode>
            </TextEquiv>
          </Glyph>
          <Glyph id="w2865g4">
            <Coords points="138,1287 142,1287 142,1335 138,1335"/>
            <TextEquiv index="1" conf="0.999868705868721">
              <Unicode>d</Unicode>
            </TextEquiv>
          </Glyph>
          <Glyph id="w2865g5">
            <Coords points="150,1287 154,1287 154,1335 150,1335"/>
            <TextEquiv index="1" conf="0.9978416115045547">
              <Unicode>i</Unicode>
            </TextEquiv>
          </Glyph>
          <Glyph id="w2865g6">
            <Coords points="161,1287 161,1287 161,1335 161,1335"/>
            <TextEquiv index="1" conf="0.9957976937294006">
              <Unicode>t</Unicode>
            </TextEquiv>
          </Glyph>
          <Glyph id="w2865g7">
            <Coords points="173,1287 177,1287 177,1335 173,1335"/>
            <TextEquiv index="1" conf="0.9819287061691284">
              <Unicode>,</Unicode>
            </TextEquiv>
          </Glyph>
          <TextEquiv index="1" conf="0.338786137519785">
            <Unicode>oecidit,</Unicode>
          </TextEquiv>
        </Word>
        <Word id="w2866">
          <Coords points="211,1287 261,1287 261,1335 211,1335"/>
          <Glyph id="w2866g0">
            <Coords points="211,1287 211,1287 211,1335 211,1335"/>
            <TextEquiv index="1" conf="0.9895871877670288">
              <Unicode>æ</Unicode>
            </TextEquiv>
          </Glyph>
          <Glyph id="w2866g1">
            <Coords points="222,1287 222,1287 222,1335 222,1335"/>
            <TextEquiv index="1" conf="0.9999784827232361">
              <Unicode>t</Unicode>
            </TextEquiv>
          </Glyph>
          <Glyph id="w2866g2">
            <Coords points="230,1287 234,1287 234,1335 230,1335"/>
            <TextEquiv index="1" conf="0.995817095041275">
              <Unicode>a</Unicode>
            </TextEquiv>
          </Glyph>
          <Glyph id="w2866g3">
            <Coords points="245,1287 245,1287 245,1335 245,1335"/>
            <TextEquiv index="1" conf="0.9998089224100113">
              <Unicode>t</Unicode>
            </TextEquiv>
          </Glyph>
          <Glyph id="w2866g4">
            <Coords points="261,1287 261,1287 261,1335 261,1335"/>
            <TextEquiv index="1" conf="0.9999701082706451">
              <Unicode>e</Unicode>
            </TextEquiv>
          </Glyph>
          <TextEquiv index="1" conf="0.9852088910340701">
            <Unicode>ætate</Unicode>
          </TextEquiv>
        </Word>
        <Word id="w2867">
          <Coords points="280,1287 345,1287 345,1335 280,1335"/>
          <Glyph id="w2867g0">
            <Coords points="280,1287 280,1287 280,1335 280,1335"/>
            <TextEquiv index="1" conf="0.8863821476697922">
              <Unicode>f</Unicode>
            </TextEquiv>
          </Glyph>
          <Glyph id="w2867g1">
            <Coords points="291,1287 295,1287 295,1335 291,1335"/>
            <TextEquiv index="1" conf="0.9998349398374557">
              <Unicode>e</Unicode>
            </TextEquiv>
          </Glyph>
          <Glyph id="w2867g2">
            <Coords points="306,1287 306,1287 306,1335 306,1335"/>
            <TextEquiv index="1" conf="0.9998536556959152">
              <Unicode>r</Unicode>
            </TextEquiv>
          </Glyph>
          <Glyph id="w2867g3">
            <Coords points="326,1287 326,1287 326,1335 326,1335"/>
            <TextEquiv index="1" conf="0.9999634027481079">
              <Unicode>m</Unicode>
            </TextEquiv>
          </Glyph>
          <Glyph id="w2867g4">
            <Coords points="345,1287 345,1287 345,1335 345,1335"/>
            <TextEquiv index="1" conf="0.9978148341178894">
              <Unicode>è</Unicode>
            </TextEquiv>
          </Glyph>
          <TextEquiv index="1" conf="0.8841374986164503">
            <Unicode>fermè</Unicode>
          </TextEquiv>
        </Word>
        <Word id="w2868">
          <Coords points="368,1287 433,1287 433,1335 368,1335"/>
          <Glyph id="w2868g0">
            <Coords points="368,1287 371,1287 371,1335 368,1335"/>
            <TextEquiv index="1" conf="0.9989930838346481">
              <Unicode>p</Unicode>
            </TextEquiv>
          </Glyph>
          <Glyph id="w2868g1">
            <Coords points="383,1287 387,1287 387,1335 383,1335"/>
            <TextEquiv index="1" conf="0.9981574714183807">
              <Unicode>u</Unicode>
            </TextEquiv>
          </Glyph>
          <Glyph id="w2868g2">
            <Coords points="406,1287 406,1287 406,1335 406,1335"/>
            <TextEquiv index="1" conf="0.9999811947345734">
              <Unicode>e</Unicode>
            </TextEquiv>
          </Glyph>
          <Glyph id="w2868g3">
            <Coords points="417,1287 417,1287 417,1335 417,1335"/>
            <TextEquiv index="1" conf="0.9977519065141678">
              <Unicode>r</Unicode>
            </TextEquiv>
          </Glyph>
          <Glyph id="w2868g4">
            <Coords points="433,1287 433,1287 433,1335 433,1335"/>
            <TextEquiv index="1" conf="0.9854755997657776">
              <Unicode>,</Unicode>
            </TextEquiv>
          </Glyph>
          <TextEquiv index="1" conf="0.9804417993958404">
            <Unicode>puer,</Unicode>
          </TextEquiv>
        </Word>
        <Word id="w2869">
          <Coords points="448,1287 482,1287 482,1335 448,1335"/>
          <Glyph id="w2869g0">
            <Coords points="448,1287 448,1287 448,1335 448,1335"/>
            <TextEquiv index="1" conf="0.5476198494434357">
              <Unicode>j</Unicode>
            </TextEquiv>
          </Glyph>
          <Glyph id="w2869g1">
            <Coords points="455,1287 459,1287 459,1335 455,1335"/>
            <TextEquiv index="1" conf="0.989736407995224">
              <Unicode>a</Unicode>
            </TextEquiv>
          </Glyph>
          <Glyph id="w2869g2">
            <Coords points="482,1287 482,1287 482,1335 482,1335"/>
            <TextEquiv index="1" conf="0.9998508542776108">
              <Unicode>m</Unicode>
            </TextEquiv>
          </Glyph>
          <TextEquiv index="1" conf="0.5419184658574905">
            <Unicode>jam</Unicode>
          </TextEquiv>
        </Word>
        <Word id="w2870">
          <Coords points="509,1287 601,1287 601,1335 509,1335"/>
          <Glyph id="w2870g0">
            <Coords points="509,1287 509,1287 509,1335 509,1335"/>
            <TextEquiv index="1" conf="0.8694226890802383">
              <Unicode>ſ</Unicode>
            </TextEquiv>
          </Glyph>
          <Glyph id="w2870g1">
            <Coords points="524,1287 528,1287 528,1335 524,1335"/>
            <TextEquiv index="1" conf="0.48068031668663025">
              <Unicode>a</Unicode>
            </TextEquiv>
          </Glyph>
          <Glyph id="w2870g2">
            <Coords points="547,1287 551,1287 551,1335 547,1335"/>
            <TextEquiv index="1" conf="0.9431431442499161">
              <Unicode>g</Unicode>
            </TextEquiv>
          </Glyph>
          <Glyph id="w2870g3">
            <Coords points="559,1287 559,1287 559,1335 559,1335"/>
            <TextEquiv index="1" conf="0.9998339861631393">
              <Unicode>i</Unicode>
            </TextEquiv>
          </Glyph>
          <Glyph id="w2870g4">
            <Coords points="570,1287 570,1287 570,1335 570,1335"/>
            <TextEquiv index="1" conf="0.9999179095029831">
              <Unicode>t</Unicode>
            </TextEquiv>
          </Glyph>
          <Glyph id="w2870g5">
            <Coords points="578,1287 582,1287 582,1335 578,1335"/>
            <TextEquiv index="1" conf="0.9821523427963257">
              <Unicode>i</Unicode>
            </TextEquiv>
          </Glyph>
          <Glyph id="w2870g6">
            <Coords points="589,1287 589,1287 589,1335 589,1335"/>
            <TextEquiv index="1" conf="0.9989779442548752">
              <Unicode>i</Unicode>
            </TextEquiv>
          </Glyph>
          <Glyph id="w2870g7">
            <Coords points="601,1287 601,1287 601,1335 601,1335"/>
            <TextEquiv index="1" conf="0.9999324381351471">
              <Unicode>s</Unicode>
            </TextEquiv>
          </Glyph>
          <TextEquiv index="1" conf="0.38660064719235654">
            <Unicode>ſagitiis</Unicode>
          </TextEquiv>
        </Word>
        <Word id="w2871">
          <Coords points="616,1287 692,1287 692,1335 616,1335"/>
          <Glyph id="w2871g0">
            <Coords points="616,1287 620,1287 620,1335 616,1335"/>
            <TextEquiv index="1" conf="0.9978862702846527">
              <Unicode>ſ</Unicode>
            </TextEquiv>
          </Glyph>
          <Glyph id="w2871g1">
            <Coords points="631,1287 635,1287 635,1335 631,1335"/>
            <TextEquiv index="1" conf="0.9999880194664001">
              <Unicode>e</Unicode>
            </TextEquiv>
          </Glyph>
          <Glyph id="w2871g2">
            <Coords points="643,1287 647,1287 647,1335 643,1335"/>
            <TextEquiv index="1" conf="0.9998470693826675">
              <Unicode>n</Unicode>
            </TextEquiv>
          </Glyph>
          <Glyph id="w2871g3">
            <Coords points="666,1287 666,1287 666,1335 666,1335"/>
            <TextEquiv index="1" conf="0.9999879002571106">
              <Unicode>e</Unicode>
            </TextEquiv>
          </Glyph>
          <Glyph id="w2871g4">
            <Coords points="677,1287 685,1287 685,1335 677,1335"/>
            <TextEquiv index="1" conf="0.9964513182640076">
              <Unicode>x</Unicode>
            </TextEquiv>
          </Glyph>
          <Glyph id="w2871g5">
            <Coords points="692,1287 692,1287 692,1335 692,1335"/>
            <TextEquiv index="1" conf="0.9890334606170654">
              <Unicode>.</Unicode>
            </TextEquiv>
          </Glyph>
          <TextEquiv index="1" conf="0.9832664889891889">
            <Unicode>ſenex.</Unicode>
          </TextEquiv>
        </Word>
        <Word id="w2872">
          <Coords points="731,1287 734,1287 734,1335 731,1335"/>
          <Glyph id="w2872g0">
            <Coords points="731,1287 734,1287 734,1335 731,1335"/>
            <TextEquiv index="1" conf="0.9987857192754745">
              <Unicode>O</Unicode>
            </TextEquiv>
          </Glyph>
          <TextEquiv index="1" conf="0.9987857192754745">
            <Unicode>O</Unicode>
          </TextEquiv>
        </Word>
        <Word id="w2873">
          <Coords points="750,1287 811,1287 811,1335 750,1335"/>
          <Glyph id="w2873g0">
            <Coords points="750,1287 753,1287 753,1335 750,1335"/>
            <TextEquiv index="1" conf="0.9984245002269745">
              <Unicode>n</Unicode>
            </TextEquiv>
          </Glyph>
          <Glyph id="w2873g1">
            <Coords points="769,1287 773,1287 773,1335 769,1335"/>
            <TextEquiv index="1" conf="0.9997850954532623">
              <Unicode>a</Unicode>
            </TextEquiv>
          </Glyph>
          <Glyph id="w2873g2">
            <Coords points="784,1287 784,1287 784,1335 784,1335"/>
            <TextEquiv index="1" conf="0.6642818748950958">
              <Unicode>t</Unicode>
            </TextEquiv>
          </Glyph>
          <Glyph id="w2873g3">
            <Coords points="796,1287 799,1287 799,1335 796,1335"/>
            <TextEquiv index="1" conf="0.9979828149080276">
              <Unicode>e</Unicode>
            </TextEquiv>
          </Glyph>
          <Glyph id="w2873g4">
            <Coords points="811,1287 811,1287 811,1335 811,1335"/>
            <TextEquiv index="1" conf="0.2905063033103943">
              <Unicode>l</Unicode>
            </TextEquiv>
          </Glyph>
          <TextEquiv index="1" conf="0.19224405273112813">
            <Unicode>natel</Unicode>
          </TextEquiv>
        </Word>
        <Word id="w2874">
          <Coords points="830,1287 830,1287 830,1335 830,1335"/>
          <Glyph id="w2874g0">
            <Coords points="830,1287 830,1287 830,1335 830,1335"/>
            <TextEquiv index="1" conf="0.8034114837646484">
              <Unicode>·</Unicode>
            </TextEquiv>
          </Glyph>
          <TextEquiv index="1" conf="0.8034114837646484">
            <Unicode>·</Unicode>
          </TextEquiv>
        </Word>
        <TextEquiv index="1" conf="0.9269968355074525">
          <Unicode>oecidit, ætate fermè puer, jam ſagitiis ſenex. O natel ·</Unicode>
        </TextEquiv>
      </TextLine>
      <TextLine id="r0_l038">
        <Coords points="442,1369 443,1368 622,1369 623,1368 670,1368 671,1368 671,1367 671,1366 772,1367 774,1365 774,1361 884,1362 885,1361 885,1347 887,1347 888,1346 886,1345 867,1344 866,1343 858,1343 858,1337 857,1336 857,1335 856,1334 801,1334 800,1333 729,1333 729,1334 728,1335 307,1332 306,1331 170,1330 169,1328 169,1326 133,1326 132,1325 122,1325 121,1324 121,1323 120,1323 119,1322 116,1321 115,1321 115,1318 115,1317 113,1317 112,1318 111,1318 109,1320 109,1322 26,1322 25,1322 25,1361 25,1362 34,1362 35,1361 441,1364 442,1364 442,1368 442,1369"/>
        <Word id="w2875">
          <Coords points="81,1317 142,1317 142,1369 81,1369"/>
          <Glyph id="w2875g0">
            <Coords points="81,1317 81,1317 81,1369 81,1369"/>
            <TextEquiv index="1" conf="0.6144453287124634">
              <Unicode>j</Unicode>
            </TextEquiv>
          </Glyph>
          <Glyph id="w2875g1">
            <Coords points="93,1317 93,1317 93,1369 93,1369"/>
            <TextEquiv index="1" conf="0.9980138689279556">
              <Unicode>u</Unicode>
            </TextEquiv>
          </Glyph>
          <Glyph id="w2875g2">
            <Coords points="112,1317 112,1317 112,1369 112,1369"/>
            <TextEquiv index="1" conf="0.9249581545591354">
              <Unicode>ſ</Unicode>
            </TextEquiv>
          </Glyph>
          <Glyph id="w2875g3">
            <Coords points="119,1317 123,1317 123,1369 119,1369"/>
            <TextEquiv index="1" conf="0.966392919421196">
              <Unicode>t</Unicode>
            </TextEquiv>
          </Glyph>
          <Glyph id="w2875g4">
            <Coords points="131,1317 131,1317 131,1369 131,1369"/>
            <TextEquiv index="1" conf="0.998583048582077">
              <Unicode>i</Unicode>
            </TextEquiv>
          </Glyph>
          <Glyph id="w2875g5">
            <Coords points="142,1317 142,1317 142,1369 142,1369"/>
            <TextEquiv index="1" conf="0.9996161311864853">
              <Unicode>s</Unicode>
            </TextEquiv>
          </Glyph>
          <TextEquiv index="1" conf="0.5471584285038138">
            <Unicode>juſtis</Unicode>
          </TextEquiv>
        </Word>
        <Word id="w2876">
          <Coords points="165,1317 177,1317 177,1369 165,1369"/>
          <Glyph id="w2876g0">
            <Coords points="165,1317 169,1317 169,1369 165,1369"/>
            <TextEquiv index="1" conf="0.597288911541303">
              <Unicode>d</Unicode>
            </TextEquiv>
          </Glyph>
          <Glyph id="w2876g1">
            <Coords points="177,1317 177,1317 177,1369 177,1369"/>
            <TextEquiv index="1" conf="0.9995818436145782">
              <Unicode>a</Unicode>
            </TextEquiv>
          </Glyph>
          <TextEquiv index="1" conf="0.5970391513690004">
            <Unicode>da</Unicode>
          </TextEquiv>
        </Word>
        <Word id="w2877">
          <Coords points="204,1317 280,1317 280,1369 204,1369"/>
          <Glyph id="w2877g0">
            <Coords points="204,1317 208,1317 208,1369 204,1369"/>
            <TextEquiv index="1" conf="0.9993873238563538">
              <Unicode>v</Unicode>
            </TextEquiv>
          </Glyph>
          <Glyph id="w2877g1">
            <Coords points="219,1317 219,1317 219,1369 219,1369"/>
            <TextEquiv index="1" conf="0.9999456107616425">
              <Unicode>e</Unicode>
            </TextEquiv>
          </Glyph>
          <Glyph id="w2877g2">
            <Coords points="230,1317 230,1317 230,1369 230,1369"/>
            <TextEquiv index="1" conf="0.9999779760837555">
              <Unicode>n</Unicode>
            </TextEquiv>
          </Glyph>
          <Glyph id="w2877g3">
            <Coords points="246,1317 250,1317 250,1369 246,1369"/>
            <TextEquiv index="1" conf="0.9927360415458679">
              <Unicode>i</Unicode>
            </TextEquiv>
          </Glyph>
          <Glyph id="w2877g4">
            <Coords points="257,1317 257,1317 257,1369 257,1369"/>
            <TextEquiv index="1" conf="0.9973961859941483">
              <Unicode>a</Unicode>
            </TextEquiv>
          </Glyph>
          <Glyph id="w2877g5">
            <Coords points="280,1317 280,1317 280,1369 280,1369"/>
            <TextEquiv index="1" conf="0.999990314245224">
              <Unicode>m</Unicode>
            </TextEquiv>
          </Glyph>
          <TextEquiv index="1" conf="0.9894593027692697">
            <Unicode>veniam</Unicode>
          </TextEquiv>
        </Word>
        <Word id="w2878">
          <Coords points="303,1317 460,1317 460,1369 303,1369"/>
          <Glyph id="w2878g0">
            <Coords points="303,1317 307,1317 307,1369 303,1369"/>
            <TextEquiv index="1" conf="0.9861862659454346">
              <Unicode>l</Unicode>
            </TextEquiv>
          </Glyph>
          <Glyph id="w2878g1">
            <Coords points="311,1317 319,1317 319,1369 311,1369"/>
            <TextEquiv index="1" conf="0.9998171627521515">
              <Unicode>a</Unicode>
            </TextEquiv>
          </Glyph>
          <Glyph id="w2878g2">
            <Coords points="334,1317 334,1317 334,1369 334,1369"/>
            <TextEquiv index="1" conf="0.6026941612362862">
              <Unicode>e</Unicode>
            </TextEquiv>
          </Glyph>
          <Glyph id="w2878g3">
            <Coords points="341,1317 345,1317 345,1369 341,1369"/>
            <TextEquiv index="1" conf="0.9994250982999802">
              <Unicode>r</Unicode>
            </TextEquiv>
          </Glyph>
          <Glyph id="w2878g4">
            <Coords points="357,1317 357,1317 357,1369 357,1369"/>
            <TextEquiv index="1" conf="0.4714091420173645">
              <Unicode>y</Unicode>
            </TextEquiv>
          </Glyph>
          <Glyph id="w2878g5">
            <Coords points="395,1317 399,1317 399,1369 395,1369"/>
            <TextEquiv index="1" conf="0.9623876512050629">
              <Unicode>i</Unicode>
            </TextEquiv>
          </Glyph>
          <Glyph id="w2878g6">
            <Coords points="407,1317 410,1317 410,1369 407,1369"/>
            <TextEquiv index="1" conf="0.9947131872177124">
              <Unicode>s</Unicode>
            </TextEquiv>
          </Glyph>
          <Glyph id="w2878g7">
            <Coords points="414,1317 430,1317 430,1369 414,1369"/>
            <TextEquiv index="1" conf="0.9638534933328629">
              <Unicode>.</Unicode>
            </TextEquiv>
          </Glyph>
          <Glyph id="w2878g8">
            <Coords points="430,1317 445,1317 445,1369 430,1369"/>
            <TextEquiv index="1" conf="0.9389896243810654">
              <Unicode>.</Unicode>
            </TextEquiv>
          </Glyph>
          <Glyph id="w2878g9">
            <Coords points="445,1317 460,1317 460,1369 445,1369"/>
            <TextEquiv index="1" conf="0.8849237263202667">
              <Unicode>.</Unicode>
            </TextEquiv>
          </Glyph>
          <TextEquiv index="1" conf="0.21465961680461942">
            <Unicode>laeryis...</Unicode>
          </TextEquiv>
        </Word>
        <Word id="w2879">
          <Coords points="491,1317 529,1317 529,1369 491,1369"/>
          <Glyph id="w2879g0">
            <Coords points="491,1317 491,1317 491,1369 491,1369"/>
            <TextEquiv index="1" conf="0.9837759286165237">
              <Unicode>I</Unicode>
            </TextEquiv>
          </Glyph>
          <Glyph id="w2879g1">
            <Coords points="498,1317 502,1317 502,1369 498,1369"/>
            <TextEquiv index="1" conf="0.9513362050056458">
              <Unicode>l</Unicode>
            </TextEquiv>
          </Glyph>
          <Glyph id="w2879g2">
            <Coords points="510,1317 510,1317 510,1369 510,1369"/>
            <TextEquiv index="1" conf="0.9948045760393143">
              <Unicode>l</Unicode>
            </TextEquiv>
          </Glyph>
          <Glyph id="w2879g3">
            <Coords points="525,1317 529,1317 529,1369 525,1369"/>
            <TextEquiv index="1" conf="0.9995749145746231">
              <Unicode>o</Unicode>
            </TextEquiv>
          </Glyph>
          <TextEquiv index="1" conf="0.9306434813877654">
            <Unicode>Illo</Unicode>
          </TextEquiv>
        </Word>
        <Word id="w2880">
          <Coords points="548,1317 652,1317 652,1369 548,1369"/>
          <Glyph id="w2880g0">
            <Coords points="548,1317 552,1317 552,1369 548,1369"/>
            <TextEquiv index="1" conf="0.9993705302476883">
              <Unicode>e</Unicode>
            </TextEquiv>
          </Glyph>
          <Glyph id="w2880g1">
            <Coords points="563,1317 567,1317 567,1369 563,1369"/>
            <TextEquiv index="1" conf="0.9996937364339828">
              <Unicode>x</Unicode>
            </TextEquiv>
          </Glyph>
          <Glyph id="w2880g2">
            <Coords points="579,1317 579,1317 579,1369 579,1369"/>
            <TextEquiv index="1" conf="0.9947278499603271">
              <Unicode>t</Unicode>
            </TextEquiv>
          </Glyph>
          <Glyph id="w2880g3">
            <Coords points="586,1317 590,1317 590,1369 586,1369"/>
            <TextEquiv index="1" conf="0.99559585750103">
              <Unicode>i</Unicode>
            </TextEquiv>
          </Glyph>
          <Glyph id="w2880g4">
            <Coords points="598,1317 602,1317 602,1369 598,1369"/>
            <TextEquiv index="1" conf="0.9993202537298203">
              <Unicode>n</Unicode>
            </TextEquiv>
          </Glyph>
          <Glyph id="w2880g5">
            <Coords points="621,1317 621,1317 621,1369 621,1369"/>
            <TextEquiv index="1" conf="0.9999335706233978">
              <Unicode>c</Unicode>
            </TextEquiv>
          </Glyph>
          <Glyph id="w2880g6">
            <Coords points="632,1317 632,1317 632,1369 632,1369"/>
            <TextEquiv index="1" conf="0.9993310868740082">
              <Unicode>t</Unicode>
            </TextEquiv>
          </Glyph>
          <Glyph id="w2880g7">
            <Coords points="648,1317 652,1317 652,1369 648,1369"/>
            <TextEquiv index="1" conf="0.9990127086639404">
              <Unicode>o</Unicode>
            </TextEquiv>
          </Glyph>
          <TextEquiv index="1" conf="0.9870453734248847">
            <Unicode>extincto</Unicode>
          </TextEquiv>
        </Word>
        <Word id="w2881">
          <Coords points="671,1317 682,1317 682,1369 671,1369"/>
          <Glyph id="w2881g0">
            <Coords points="671,1317 671,1317 671,1369 671,1369"/>
            <TextEquiv index="1" conf="0.9992364645004272">
              <Unicode>i</Unicode>
            </TextEquiv>
          </Glyph>
          <Glyph id="w2881g1">
            <Coords points="682,1317 682,1317 682,1369 682,1369"/>
            <TextEquiv index="1" conf="0.998461052775383">
              <Unicode>n</Unicode>
            </TextEquiv>
          </Glyph>
          <TextEquiv index="1" conf="0.9976986923166482">
            <Unicode>in</Unicode>
          </TextEquiv>
        </Word>
        <Word id="w2882">
          <Coords points="701,1317 770,1317 770,1369 701,1369"/>
          <Glyph id="w2882g0">
            <Coords points="701,1317 705,1317 705,1369 701,1369"/>
            <TextEquiv index="1" conf="0.8033818602561951">
              <Unicode>f</Unicode>
            </TextEquiv>
          </Glyph>
          <Glyph id="w2882g1">
            <Coords points="713,1317 713,1317 713,1369 713,1369"/>
            <TextEquiv index="1" conf="0.7907079656918845">
              <Unicode>i</Unicode>
            </TextEquiv>
          </Glyph>
          <Glyph id="w2882g2">
            <Coords points="720,1317 720,1317 720,1369 720,1369"/>
            <TextEquiv index="1" conf="0.9989130347967148">
              <Unicode>l</Unicode>
            </TextEquiv>
          </Glyph>
          <Glyph id="w2882g3">
            <Coords points="728,1317 732,1317 732,1369 728,1369"/>
            <TextEquiv index="1" conf="0.9975049793720245">
              <Unicode>i</Unicode>
            </TextEquiv>
          </Glyph>
          <Glyph id="w2882g4">
            <Coords points="740,1317 743,1317 743,1369 740,1369"/>
            <TextEquiv index="1" conf="0.9642206132411957">
              <Unicode>u</Unicode>
            </TextEquiv>
          </Glyph>
          <Glyph id="w2882g5">
            <Coords points="766,1317 770,1317 770,1369 766,1369"/>
            <TextEquiv index="1" conf="0.9997513294219971">
              <Unicode>m</Unicode>
            </TextEquiv>
          </Glyph>
          <TextEquiv index="1" conf="0.6101678067192646">
            <Unicode>filium</Unicode>
          </TextEquiv>
        </Word>
        <Word id="w2883">
          <Coords points="793,1317 866,1317 866,1369 793,1369"/>
          <Glyph id="w2883g0">
            <Coords points="793,1317 793,1317 793,1369 793,1369"/>
            <TextEquiv index="1" conf="0.8817286342382431">
              <Unicode>f</Unicode>
            </TextEquiv>
          </Glyph>
          <Glyph id="w2883g1">
            <Coords points="805,1317 805,1317 805,1369 805,1369"/>
            <TextEquiv index="1" conf="0.9995725452899933">
              <Unicode>r</Unicode>
            </TextEquiv>
          </Glyph>
          <Glyph id="w2883g2">
            <Coords points="812,1317 816,1317 816,1369 812,1369"/>
            <TextEquiv index="1" conf="0.994443342089653">
              <Unicode>a</Unicode>
            </TextEquiv>
          </Glyph>
          <Glyph id="w2883g3">
            <Coords points="831,1317 831,1317 831,1369 831,1369"/>
            <TextEquiv index="1" conf="0.999896690249443">
              <Unicode>t</Unicode>
            </TextEquiv>
          </Glyph>
          <Glyph id="w2883g4">
            <Coords points="843,1317 847,1317 847,1369 843,1369"/>
            <TextEquiv index="1" conf="0.9999415576457977">
              <Unicode>r</Unicode>
            </TextEquiv>
          </Glyph>
          <Glyph id="w2883g5">
            <Coords points="854,1317 854,1317 854,1369 854,1369"/>
            <TextEquiv index="1" conf="0.9999185353517532">
              <Unicode>i</Unicode>
            </TextEquiv>
          </Glyph>
          <Glyph id="w2883g6">
            <Coords points="866,1317 866,1317 866,1369 866,1369"/>
            <TextEquiv index="1" conf="0.99994957447052">
              <Unicode>s</Unicode>
            </TextEquiv>
          </Glyph>
          <TextEquiv index="1" conf="0.8761970286179354">
            <Unicode>fratris</Unicode>
          </TextEquiv>
        </Word>
        <TextEquiv index="1" conf="0.9508937867937115">
          <Unicode>juſtis da veniam laeryis... Illo extincto in filium fratris</Unicode>
        </TextEquiv>
      </TextLine>
      <TextLine id="r0_l039">
        <Coords points="713,1406 714,1406 714,1405 715,1403 832,1404 833,1403 834,1403 835,1403 835,1397 835,1396 865,1396 866,1395 867,1395 871,1392 871,1387 872,1385 888,1386 889,1385 889,1384 887,1383 884,1383 884,1382 884,1379 883,1379 819,1378 819,1372 817,1370 781,1370 780,1369 750,1369 749,1368 748,1368 747,1367 746,1368 745,1368 744,1369 661,1368 660,1369 200,1366 197,1363 90,1362 89,1361 88,1361 87,1362 25,1362 25,1382 26,1383 26,1390 26,1391 299,1393 300,1393 300,1398 300,1399 301,1398 301,1392 638,1394 639,1394 639,1397 639,1398 711,1398 712,1399 712,1406 713,1406"/>
        <Word id="w2884">
          <Coords points="85,1361 197,1361 197,1406 85,1406"/>
          <Glyph id="w2884g0">
            <Coords points="85,1361 85,1361 85,1406 85,1406"/>
            <TextEquiv index="1" conf="0.9959997087717056">
              <Unicode>d</Unicode>
            </TextEquiv>
          </Glyph>
          <Glyph id="w2884g1">
            <Coords points="99,1361 99,1361 99,1406 99,1406"/>
            <TextEquiv index="1" conf="0.999433308839798">
              <Unicode>e</Unicode>
            </TextEquiv>
          </Glyph>
          <Glyph id="w2884g2">
            <Coords points="120,1361 120,1361 120,1406 120,1406"/>
            <TextEquiv index="1" conf="0.9999784827232361">
              <Unicode>m</Unicode>
            </TextEquiv>
          </Glyph>
          <Glyph id="w2884g3">
            <Coords points="141,1361 145,1361 145,1406 141,1406"/>
            <TextEquiv index="1" conf="0.9997598677873611">
              <Unicode>o</Unicode>
            </TextEquiv>
          </Glyph>
          <Glyph id="w2884g4">
            <Coords points="155,1361 158,1361 158,1406 155,1406"/>
            <TextEquiv index="1" conf="0.9971666783094406">
              <Unicode>r</Unicode>
            </TextEquiv>
          </Glyph>
          <Glyph id="w2884g5">
            <Coords points="169,1361 169,1361 169,1406 169,1406"/>
            <TextEquiv index="1" conf="0.9999039322137833">
              <Unicode>t</Unicode>
            </TextEquiv>
          </Glyph>
          <Glyph id="w2884g6">
            <Coords points="176,1361 179,1361 179,1406 176,1406"/>
            <TextEquiv index="1" conf="0.5927085181077322">
              <Unicode>u</Unicode>
            </TextEquiv>
          </Glyph>
          <Glyph id="w2884g7">
            <Coords points="193,1361 197,1361 197,1406 193,1406"/>
            <TextEquiv index="1" conf="0.9974185526371002">
              <Unicode>i</Unicode>
            </TextEquiv>
          </Glyph>
          <TextEquiv index="1" conf="0.5866026626522549">
            <Unicode>demortui</Unicode>
          </TextEquiv>
        </Word>
        <Word id="w2885">
          <Coords points="211,1361 308,1361 308,1406 211,1406"/>
          <Glyph id="w2885g0">
            <Coords points="211,1361 214,1361 214,1406 211,1406"/>
            <TextEquiv index="1" conf="0.9999149143695831">
              <Unicode>a</Unicode>
            </TextEquiv>
          </Glyph>
          <Glyph id="w2885g1">
            <Coords points="235,1361 239,1361 239,1406 235,1406"/>
            <TextEquiv index="1" conf="0.9997619837522507">
              <Unicode>m</Unicode>
            </TextEquiv>
          </Glyph>
          <Glyph id="w2885g2">
            <Coords points="256,1361 263,1361 263,1406 256,1406"/>
            <TextEquiv index="1" conf="0.9999279826879501">
              <Unicode>o</Unicode>
            </TextEquiv>
          </Glyph>
          <Glyph id="w2885g3">
            <Coords points="274,1361 274,1361 274,1406 274,1406"/>
            <TextEquiv index="1" conf="0.9997664839029312">
              <Unicode>r</Unicode>
            </TextEquiv>
          </Glyph>
          <Glyph id="w2885g4">
            <Coords points="288,1361 288,1361 288,1406 288,1406"/>
            <TextEquiv index="1" conf="0.9999913275241852">
              <Unicode>e</Unicode>
            </TextEquiv>
          </Glyph>
          <Glyph id="w2885g5">
            <Coords points="305,1361 308,1361 308,1406 305,1406"/>
            <TextEquiv index="1" conf="0.9999431669712067">
              <Unicode>m</Unicode>
            </TextEquiv>
          </Glyph>
          <TextEquiv index="1" conf="0.9993060366466194">
            <Unicode>amorem</Unicode>
          </TextEquiv>
        </Word>
        <Word id="w2886">
          <Coords points="329,1361 399,1361 399,1406 329,1406"/>
          <Glyph id="w2886g0">
            <Coords points="329,1361 329,1361 329,1406 329,1406"/>
            <TextEquiv index="1" conf="0.5523784905672073">
              <Unicode>t</Unicode>
            </TextEquiv>
          </Glyph>
          <Glyph id="w2886g1">
            <Coords points="343,1361 350,1361 350,1406 343,1406"/>
            <TextEquiv index="1" conf="0.9984627217054367">
              <Unicode>o</Unicode>
            </TextEquiv>
          </Glyph>
          <Glyph id="w2886g2">
            <Coords points="357,1361 361,1361 361,1406 357,1406"/>
            <TextEquiv index="1" conf="0.9887474924325943">
              <Unicode>t</Unicode>
            </TextEquiv>
          </Glyph>
          <Glyph id="w2886g3">
            <Coords points="368,1361 371,1361 371,1406 368,1406"/>
            <TextEquiv index="1" conf="0.9999186843633652">
              <Unicode>u</Unicode>
            </TextEquiv>
          </Glyph>
          <Glyph id="w2886g4">
            <Coords points="396,1361 399,1361 399,1406 396,1406"/>
            <TextEquiv index="1" conf="0.9999667704105377">
              <Unicode>m</Unicode>
            </TextEquiv>
          </Glyph>
          <TextEquiv index="1" conf="0.5452607804307182">
            <Unicode>totum</Unicode>
          </TextEquiv>
        </Word>
        <Word id="w2887">
          <Coords points="424,1361 528,1361 528,1406 424,1406"/>
          <Glyph id="w2887g0">
            <Coords points="424,1361 427,1361 427,1406 424,1406"/>
            <TextEquiv index="1" conf="0.9997332692146301">
              <Unicode>t</Unicode>
            </TextEquiv>
          </Glyph>
          <Glyph id="w2887g1">
            <Coords points="438,1361 438,1361 438,1406 438,1406"/>
            <TextEquiv index="1" conf="0.9618848413228989">
              <Unicode>r</Unicode>
            </TextEquiv>
          </Glyph>
          <Glyph id="w2887g2">
            <Coords points="445,1361 448,1361 448,1406 445,1406"/>
            <TextEquiv index="1" conf="0.9994521886110306">
              <Unicode>a</Unicode>
            </TextEquiv>
          </Glyph>
          <Glyph id="w2887g3">
            <Coords points="462,1361 465,1361 465,1406 462,1406"/>
            <TextEquiv index="1" conf="0.9992348998785019">
              <Unicode>n</Unicode>
            </TextEquiv>
          </Glyph>
          <Glyph id="w2887g4">
            <Coords points="479,1361 483,1361 483,1406 479,1406"/>
            <TextEquiv index="1" conf="0.9995860159397125">
              <Unicode>ſ</Unicode>
            </TextEquiv>
          </Glyph>
          <Glyph id="w2887g5">
            <Coords points="490,1361 493,1361 493,1406 490,1406"/>
            <TextEquiv index="1" conf="0.9916705191135406">
              <Unicode>t</Unicode>
            </TextEquiv>
          </Glyph>
          <Glyph id="w2887g6">
            <Coords points="500,1361 504,1361 504,1406 500,1406"/>
            <TextEquiv index="1" conf="0.9997779130935669">
              <Unicode>u</Unicode>
            </TextEquiv>
          </Glyph>
          <Glyph id="w2887g7">
            <Coords points="518,1361 521,1361 521,1406 518,1406"/>
            <TextEquiv index="1" conf="0.9989494830369949">
              <Unicode>l</Unicode>
            </TextEquiv>
          </Glyph>
          <Glyph id="w2887g8">
            <Coords points="528,1361 528,1361 528,1406 528,1406"/>
            <TextEquiv index="1" conf="0.9997899234294891">
              <Unicode>i</Unicode>
            </TextEquiv>
          </Glyph>
          <TextEquiv index="1" conf="0.9505615366048904">
            <Unicode>tranſtuli</Unicode>
          </TextEquiv>
        </Word>
        <Word id="w2888">
          <Coords points="556,1361 640,1361 640,1406 556,1406"/>
          <Glyph id="w2888g0">
            <Coords points="556,1361 560,1361 560,1406 556,1406"/>
            <TextEquiv index="1" conf="0.9998153150081635">
              <Unicode>m</Unicode>
            </TextEquiv>
          </Glyph>
          <Glyph id="w2888g1">
            <Coords points="577,1361 581,1361 581,1406 577,1406"/>
            <TextEquiv index="1" conf="0.9994036555290222">
              <Unicode>e</Unicode>
            </TextEquiv>
          </Glyph>
          <Glyph id="w2888g2">
            <Coords points="588,1361 591,1361 591,1406 588,1406"/>
            <TextEquiv index="1" conf="0.9994148313999176">
              <Unicode>u</Unicode>
            </TextEquiv>
          </Glyph>
          <Glyph id="w2888g3">
            <Coords points="615,1361 619,1361 619,1406 615,1406"/>
            <TextEquiv index="1" conf="0.9996795505285263">
              <Unicode>m</Unicode>
            </TextEquiv>
          </Glyph>
          <Glyph id="w2888g4">
            <Coords points="636,1361 640,1361 640,1406 636,1406"/>
            <TextEquiv index="1" conf="0.9893559813499451">
              <Unicode>,</Unicode>
            </TextEquiv>
          </Glyph>
          <TextEquiv index="1" conf="0.9876882805501785">
            <Unicode>meum,</Unicode>
          </TextEquiv>
        </Word>
        <Word id="w2889">
          <Coords points="668,1361 727,1361 727,1406 668,1406"/>
          <Glyph id="w2889g0">
            <Coords points="668,1361 668,1361 668,1406 668,1406"/>
            <TextEquiv index="1" conf="0.6335382983088493">
              <Unicode>n</Unicode>
            </TextEquiv>
          </Glyph>
          <Glyph id="w2889g1">
            <Coords points="685,1361 689,1361 689,1406 685,1406"/>
            <TextEquiv index="1" conf="0.9997707456350327">
              <Unicode>u</Unicode>
            </TextEquiv>
          </Glyph>
          <Glyph id="w2889g2">
            <Coords points="703,1361 706,1361 706,1406 703,1406"/>
            <TextEquiv index="1" conf="0.9998214393854141">
              <Unicode>n</Unicode>
            </TextEquiv>
          </Glyph>
          <Glyph id="w2889g3">
            <Coords points="724,1361 727,1361 727,1406 724,1406"/>
            <TextEquiv index="1" conf="0.6428470835089684">
              <Unicode>e</Unicode>
            </TextEquiv>
          </Glyph>
          <TextEquiv index="1" conf="0.4071021739389608">
            <Unicode>nune</Unicode>
          </TextEquiv>
        </Word>
        <Word id="w2890">
          <Coords points="745,1361 814,1361 814,1406 745,1406"/>
          <Glyph id="w2890g0">
            <Coords points="745,1361 748,1361 748,1406 745,1406"/>
            <TextEquiv index="1" conf="0.9861838221549988">
              <Unicode>h</Unicode>
            </TextEquiv>
          </Glyph>
          <Glyph id="w2890g1">
            <Coords points="762,1361 765,1361 765,1406 762,1406"/>
            <TextEquiv index="1" conf="0.9957209527492523">
              <Unicode>a</Unicode>
            </TextEquiv>
          </Glyph>
          <Glyph id="w2890g2">
            <Coords points="776,1361 779,1361 779,1406 776,1406"/>
            <TextEquiv index="1" conf="0.99922014772892">
              <Unicode>b</Unicode>
            </TextEquiv>
          </Glyph>
          <Glyph id="w2890g3">
            <Coords points="793,1361 797,1361 797,1406 793,1406"/>
            <TextEquiv index="1" conf="0.9991834759712219">
              <Unicode>u</Unicode>
            </TextEquiv>
          </Glyph>
          <Glyph id="w2890g4">
            <Coords points="811,1361 814,1361 814,1406 811,1406"/>
            <TextEquiv index="1" conf="0.9985402822494507">
              <Unicode>i</Unicode>
            </TextEquiv>
          </Glyph>
          <TextEquiv index="1" conf="0.978965833565498">
            <Unicode>habui</Unicode>
          </TextEquiv>
        </Word>
        <Word id="w2891">
          <Coords points="825,1361 863,1361 863,1406 825,1406"/>
          <Glyph id="w2891g0">
            <Coords points="825,1361 828,1361 828,1406 825,1406"/>
            <TextEquiv index="1" conf="0.9951698631048203">
              <Unicode>p</Unicode>
            </TextEquiv>
          </Glyph>
          <Glyph id="w2891g1">
            <Coords points="846,1361 846,1361 846,1406 846,1406"/>
            <TextEquiv index="1" conf="0.9994522780179977">
              <Unicode>r</Unicode>
            </TextEquiv>
          </Glyph>
          <Glyph id="w2891g2">
            <Coords points="860,1361 863,1361 863,1406 860,1406"/>
            <TextEquiv index="1" conf="0.9945837706327438">
              <Unicode>o</Unicode>
            </TextEquiv>
          </Glyph>
          <TextEquiv index="1" conf="0.9892376707158733">
            <Unicode>pro</Unicode>
          </TextEquiv>
        </Word>
        <TextEquiv index="1" conf="0.9664849404914256">
          <Unicode>demortui amorem totum tranſtuli meum, nune habui pro</Unicode>
        </TextEquiv>
      </TextLine>
      <TextLine id="r0_l040">
        <Coords points="664,1441 664,1429 665,1428 667,1428 667,1424 667,1423 610,1423 609,1422 609,1407 608,1406 499,1405 497,1407 263,1405 262,1404 262,1403 261,1402 260,1402 259,1401 189,1401 189,1400 189,1398 188,1398 100,1397 99,1396 35,1396 35,1395 35,1391 34,1391 26,1391 26,1393 25,1394 25,1395 26,1396 26,1402 27,1403 26,1435 27,1436 35,1436 35,1435 35,1434 36,1433 36,1427 37,1427 277,1429 277,1431 279,1433 280,1432 511,1433 512,1432 513,1432 513,1431 515,1429 560,1429 561,1428 648,1429 649,1428 663,1428 663,1429 663,1441 664,1441"/>
        <Word id="w2892">
          <Coords points="81,1391 135,1391 135,1441 81,1441"/>
          <Glyph id="w2892g0">
            <Coords points="81,1391 81,1391 81,1441 81,1441"/>
            <TextEquiv index="1" conf="0.8673949986696243">
              <Unicode>f</Unicode>
            </TextEquiv>
          </Glyph>
          <Glyph id="w2892g1">
            <Coords points="89,1391 89,1391 89,1441 89,1441"/>
            <TextEquiv index="1" conf="0.9524476081132889">
              <Unicode>i</Unicode>
            </TextEquiv>
          </Glyph>
          <Glyph id="w2892g2">
            <Coords points="97,1391 97,1391 97,1441 97,1441"/>
            <TextEquiv index="1" conf="0.9998180419206619">
              <Unicode>l</Unicode>
            </TextEquiv>
          </Glyph>
          <Glyph id="w2892g3">
            <Coords points="104,1391 108,1391 108,1441 104,1441"/>
            <TextEquiv index="1" conf="0.9996509253978729">
              <Unicode>i</Unicode>
            </TextEquiv>
          </Glyph>
          <Glyph id="w2892g4">
            <Coords points="120,1391 123,1391 123,1441 120,1441"/>
            <TextEquiv index="1" conf="0.9983866661787033">
              <Unicode>o</Unicode>
            </TextEquiv>
          </Glyph>
          <Glyph id="w2892g5">
            <Coords points="135,1391 135,1391 135,1441 135,1441"/>
            <TextEquiv index="1" conf="0.9983690679073334">
              <Unicode>,</Unicode>
            </TextEquiv>
          </Glyph>
          <TextEquiv index="1" conf="0.8230329835269801">
            <Unicode>filio,</Unicode>
          </TextEquiv>
        </Word>
        <Word id="w2893">
          <Coords points="169,1391 261,1391 261,1441 169,1441"/>
          <Glyph id="w2893g0">
            <Coords points="169,1391 169,1391 169,1441 169,1441"/>
            <TextEquiv index="1" conf="0.9996951669454575">
              <Unicode>e</Unicode>
            </TextEquiv>
          </Glyph>
          <Glyph id="w2893g1">
            <Coords points="185,1391 188,1391 188,1441 185,1441"/>
            <TextEquiv index="1" conf="0.9994101077318192">
              <Unicode>d</Unicode>
            </TextEquiv>
          </Glyph>
          <Glyph id="w2893g2">
            <Coords points="196,1391 200,1391 200,1441 196,1441"/>
            <TextEquiv index="1" conf="0.9997777342796326">
              <Unicode>u</Unicode>
            </TextEquiv>
          </Glyph>
          <Glyph id="w2893g3">
            <Coords points="219,1391 219,1391 219,1441 219,1441"/>
            <TextEquiv index="1" conf="0.8698389828205109">
              <Unicode>c</Unicode>
            </TextEquiv>
          </Glyph>
          <Glyph id="w2893g4">
            <Coords points="227,1391 231,1391 231,1441 227,1441"/>
            <TextEquiv index="1" conf="0.9992483109235764">
              <Unicode>a</Unicode>
            </TextEquiv>
          </Glyph>
          <Glyph id="w2893g5">
            <Coords points="246,1391 250,1391 250,1441 246,1441"/>
            <TextEquiv index="1" conf="0.9877927899360657">
              <Unicode>v</Unicode>
            </TextEquiv>
          </Glyph>
          <Glyph id="w2893g6">
            <Coords points="257,1391 261,1391 261,1441 257,1441"/>
            <TextEquiv index="1" conf="0.9903408288955688">
              <Unicode>i</Unicode>
            </TextEquiv>
          </Glyph>
          <TextEquiv index="1" conf="0.8493322527806416">
            <Unicode>educavi</Unicode>
          </TextEquiv>
        </Word>
        <Word id="w2894">
          <Coords points="280,1391 315,1391 315,1441 280,1441"/>
          <Glyph id="w2894g0">
            <Coords points="280,1391 280,1391 280,1441 280,1441"/>
            <TextEquiv index="1" conf="0.986293762922287">
              <Unicode>p</Unicode>
            </TextEquiv>
          </Glyph>
          <Glyph id="w2894g1">
            <Coords points="296,1391 299,1391 299,1441 296,1441"/>
            <TextEquiv index="1" conf="0.9966084957122803">
              <Unicode>r</Unicode>
            </TextEquiv>
          </Glyph>
          <Glyph id="w2894g2">
            <Coords points="311,1391 315,1391 315,1441 311,1441"/>
            <TextEquiv index="1" conf="0.997060090303421">
              <Unicode>o</Unicode>
            </TextEquiv>
          </Glyph>
          <TextEquiv index="1" conf="0.9800589628544337">
            <Unicode>pro</Unicode>
          </TextEquiv>
        </Word>
        <Word id="w2895">
          <Coords points="345,1391 399,1391 399,1441 345,1441"/>
          <Glyph id="w2895g0">
            <Coords points="345,1391 345,1391 345,1441 345,1441"/>
            <TextEquiv index="1" conf="0.999958723783493">
              <Unicode>m</Unicode>
            </TextEquiv>
          </Glyph>
          <Glyph id="w2895g1">
            <Coords points="364,1391 368,1391 368,1441 364,1441"/>
            <TextEquiv index="1" conf="0.9968375712633133">
              <Unicode>e</Unicode>
            </TextEquiv>
          </Glyph>
          <Glyph id="w2895g2">
            <Coords points="384,1391 384,1391 384,1441 384,1441"/>
            <TextEquiv index="1" conf="0.992848128080368">
              <Unicode>o</Unicode>
            </TextEquiv>
          </Glyph>
          <Glyph id="w2895g3">
            <Coords points="399,1391 399,1391 399,1441 399,1441"/>
            <TextEquiv index="1" conf="0.6413885988295078">
              <Unicode>,</Unicode>
            </TextEquiv>
          </Glyph>
          <TextEquiv index="1" conf="0.6347614288208897">
            <Unicode>meo,</Unicode>
          </TextEquiv>
        </Word>
        <Word id="w2896">
          <Coords points="426,1391 510,1391 510,1441 426,1441"/>
          <Glyph id="w2896g0">
            <Coords points="426,1391 430,1391 430,1441 426,1441"/>
            <TextEquiv index="1" conf="0.553308293223381">
              <Unicode>i</Unicode>
            </TextEquiv>
          </Glyph>
          <Glyph id="w2896g1">
            <Coords points="449,1391 449,1391 449,1441 449,1441"/>
            <TextEquiv index="1" conf="0.9998270124197006">
              <Unicode>m</Unicode>
            </TextEquiv>
          </Glyph>
          <Glyph id="w2896g2">
            <Coords points="464,1391 468,1391 468,1441 464,1441"/>
            <TextEquiv index="1" conf="0.6762755687038104">
              <Unicode>a</Unicode>
            </TextEquiv>
          </Glyph>
          <Glyph id="w2896g3">
            <Coords points="487,1391 487,1391 487,1441 487,1441"/>
            <TextEquiv index="1" conf="0.9103011190891266">
              <Unicode>v</Unicode>
            </TextEquiv>
          </Glyph>
          <Glyph id="w2896g4">
            <Coords points="498,1391 498,1391 498,1441 498,1441"/>
            <TextEquiv index="1" conf="0.9987861961126328">
              <Unicode>i</Unicode>
            </TextEquiv>
          </Glyph>
          <Glyph id="w2896g5">
            <Coords points="510,1391 510,1391 510,1441 510,1441"/>
            <TextEquiv index="1" conf="0.9979918003082275">
              <Unicode>,</Unicode>
            </TextEquiv>
          </Glyph>
          <TextEquiv index="1" conf="0.33946915946596545">
            <Unicode>imavi,</Unicode>
          </TextEquiv>
        </Word>
        <Word id="w2897">
          <Coords points="544,1391 644,1391 644,1441 544,1441"/>
          <Glyph id="w2897g0">
            <Coords points="544,1391 544,1391 544,1441 544,1441"/>
            <TextEquiv index="1" conf="0.522469044663012">
              <Unicode>d</Unicode>
            </TextEquiv>
          </Glyph>
          <Glyph id="w2897g1">
            <Coords points="556,1391 556,1391 556,1441 556,1441"/>
            <TextEquiv index="1" conf="0.9973035454750061">
              <Unicode>i</Unicode>
            </TextEquiv>
          </Glyph>
          <Glyph id="w2897g2">
            <Coords points="564,1391 567,1391 567,1441 564,1441"/>
            <TextEquiv index="1" conf="0.9989269971847534">
              <Unicode>l</Unicode>
            </TextEquiv>
          </Glyph>
          <Glyph id="w2897g3">
            <Coords points="579,1391 579,1391 579,1441 579,1441"/>
            <TextEquiv index="1" conf="0.9998427629470825">
              <Unicode>e</Unicode>
            </TextEquiv>
          </Glyph>
          <Glyph id="w2897g4">
            <Coords points="594,1391 598,1391 598,1441 594,1441"/>
            <TextEquiv index="1" conf="0.9988296329975128">
              <Unicode>x</Unicode>
            </TextEquiv>
          </Glyph>
          <Glyph id="w2897g5">
            <Coords points="606,1391 606,1391 606,1441 606,1441"/>
            <TextEquiv index="1" conf="0.9985960870981216">
              <Unicode>i</Unicode>
            </TextEquiv>
          </Glyph>
          <Glyph id="w2897g6">
            <Coords points="625,1391 625,1391 625,1441 625,1441"/>
            <TextEquiv index="1" conf="0.8310051113367081">
              <Unicode>.</Unicode>
            </TextEquiv>
          </Glyph>
          <Glyph id="w2897g7">
            <Coords points="644,1391 644,1391 644,1441 644,1441"/>
            <TextEquiv index="1" conf="0.6317665725946426">
              <Unicode>.</Unicode>
            </TextEquiv>
          </Glyph>
          <TextEquiv index="1" conf="0.2725178801919434">
            <Unicode>dilexi..</Unicode>
          </TextEquiv>
        </Word>
        <TextEquiv index="1" conf="0.9322038577455615">
          <Unicode>filio, educavi pro meo, imavi, dilexi..</Unicode>
        </TextEquiv>
      </TextLine>
      <TextLine id="r0_l041">
        <Coords points="455,1474 456,1473 526,1473 527,1472 731,1474 731,1473 731,1448 732,1448 770,1448 770,1447 679,1446 678,1445 660,1445 659,1445 659,1443 659,1442 582,1442 581,1441 245,1438 243,1436 235,1436 230,1441 230,1442 227,1445 227,1453 228,1454 228,1456 230,1458 230,1459 231,1459 233,1459 234,1460 236,1460 237,1461 342,1462 343,1463 366,1463 368,1465 439,1466 439,1469 440,1470 450,1470 450,1471 453,1474 455,1474"/>
        <Word id="w2898">
          <Coords points="240,1436 368,1436 368,1474 240,1474"/>
          <Glyph id="w2898g0">
            <Coords points="240,1436 243,1436 243,1474 240,1474"/>
            <TextEquiv index="1" conf="0.9898575693368912">
              <Unicode>C</Unicode>
            </TextEquiv>
          </Glyph>
          <Glyph id="w2898g1">
            <Coords points="269,1436 269,1436 269,1474 269,1474"/>
            <TextEquiv index="1" conf="0.916040912270546">
              <Unicode>L</Unicode>
            </TextEquiv>
          </Glyph>
          <Glyph id="w2898g2">
            <Coords points="291,1436 294,1436 294,1474 291,1474"/>
            <TextEquiv index="1" conf="0.9992497712373734">
              <Unicode>E</Unicode>
            </TextEquiv>
          </Glyph>
          <Glyph id="w2898g3">
            <Coords points="320,1436 324,1436 324,1474 320,1474"/>
            <TextEquiv index="1" conf="0.980577141046524">
              <Unicode>O</Unicode>
            </TextEquiv>
          </Glyph>
          <Glyph id="w2898g4">
            <Coords points="349,1436 353,1436 353,1474 349,1474"/>
            <TextEquiv index="1" conf="0.8630583435297012">
              <Unicode>B</Unicode>
            </TextEquiv>
          </Glyph>
          <Glyph id="w2898g5">
            <Coords points="364,1436 368,1436 368,1474 364,1474"/>
            <TextEquiv index="1" conf="0.9196049124002457">
              <Unicode>.</Unicode>
            </TextEquiv>
          </Glyph>
          <TextEquiv index="1" conf="0.705155405386064">
            <Unicode>CLEOB.</Unicode>
          </TextEquiv>
        </Word>
        <Word id="w2899">
          <Coords points="404,1436 499,1436 499,1474 404,1474"/>
          <Glyph id="w2899g0">
            <Coords points="404,1436 408,1436 408,1474 404,1474"/>
            <TextEquiv index="1" conf="0.9939599335193634">
              <Unicode>C</Unicode>
            </TextEquiv>
          </Glyph>
          <Glyph id="w2899g1">
            <Coords points="415,1436 415,1436 415,1474 415,1474"/>
            <TextEquiv index="1" conf="0.946732297539711">
              <Unicode>h</Unicode>
            </TextEquiv>
          </Glyph>
          <Glyph id="w2899g2">
            <Coords points="430,1436 433,1436 433,1474 430,1474"/>
            <TextEquiv index="1" conf="0.8651643693447113">
              <Unicode>r</Unicode>
            </TextEquiv>
          </Glyph>
          <Glyph id="w2899g3">
            <Coords points="441,1436 444,1436 444,1474 441,1474"/>
            <TextEquiv index="1" conf="0.49005380645394325">
              <Unicode>y</Unicode>
            </TextEquiv>
          </Glyph>
          <Glyph id="w2899g4">
            <Coords points="459,1436 459,1436 459,1474 459,1474"/>
            <TextEquiv index="1" conf="0.9957091212272644">
              <Unicode>ſ</Unicode>
            </TextEquiv>
          </Glyph>
          <Glyph id="w2899g5">
            <Coords points="470,1436 473,1436 473,1474 470,1474"/>
            <TextEquiv index="1" conf="0.9497517496347427">
              <Unicode>o</Unicode>
            </TextEquiv>
          </Glyph>
          <Glyph id="w2899g6">
            <Coords points="484,1436 488,1436 488,1474 484,1474"/>
            <TextEquiv index="1" conf="0.9848310649394989">
              <Unicode>r</Unicode>
            </TextEquiv>
          </Glyph>
          <Glyph id="w2899g7">
            <Coords points="495,1436 499,1436 499,1474 495,1474"/>
            <TextEquiv index="1" conf="0.9988103061914444">
              <Unicode>i</Unicode>
            </TextEquiv>
          </Glyph>
          <TextEquiv index="1" conf="0.37112978137902713">
            <Unicode>Chryſori</Unicode>
          </TextEquiv>
        </Word>
        <Word id="w2900">
          <Coords points="528,1436 590,1436 590,1474 528,1474"/>
          <Glyph id="w2900g0">
            <Coords points="528,1436 528,1436 528,1474 528,1474"/>
            <TextEquiv index="1" conf="0.9931250214576721">
              <Unicode>ſ</Unicode>
            </TextEquiv>
          </Glyph>
          <Glyph id="w2900g1">
            <Coords points="539,1436 539,1436 539,1474 539,1474"/>
            <TextEquiv index="1" conf="0.6202030293643475">
              <Unicode>e</Unicode>
            </TextEquiv>
          </Glyph>
          <Glyph id="w2900g2">
            <Coords points="557,1436 557,1436 557,1474 557,1474"/>
            <TextEquiv index="1" conf="0.9820989817380905">
              <Unicode>d</Unicode>
            </TextEquiv>
          </Glyph>
          <Glyph id="w2900g3">
            <Coords points="568,1436 576,1436 576,1474 568,1474"/>
            <TextEquiv index="1" conf="0.44692996594433987">
              <Unicode>i</Unicode>
            </TextEquiv>
          </Glyph>
          <Glyph id="w2900g4">
            <Coords points="587,1436 590,1436 590,1474 587,1474"/>
            <TextEquiv index="1" conf="0.9538977593183517">
              <Unicode>i</Unicode>
            </TextEquiv>
          </Glyph>
          <TextEquiv index="1" conf="0.2578899220714999">
            <Unicode>ſedii</Unicode>
          </TextEquiv>
        </Word>
        <Word id="w2901">
          <Coords points="609,1436 714,1436 714,1474 609,1474"/>
          <Glyph id="w2901g0">
            <Coords points="609,1436 609,1436 609,1474 609,1474"/>
            <TextEquiv index="1" conf="0.5325044666727384">
              <Unicode>i</Unicode>
            </TextEquiv>
          </Glyph>
          <Glyph id="w2901g1">
            <Coords points="616,1436 620,1436 620,1474 616,1474"/>
            <TextEquiv index="1" conf="0.8238830268383026">
              <Unicode>n</Unicode>
            </TextEquiv>
          </Glyph>
          <Glyph id="w2901g2">
            <Coords points="634,1436 638,1436 638,1474 634,1474"/>
            <TextEquiv index="1" conf="0.9076265692710876">
              <Unicode>n</Unicode>
            </TextEquiv>
          </Glyph>
          <Glyph id="w2901g3">
            <Coords points="652,1436 656,1436 656,1474 652,1474"/>
            <TextEquiv index="1" conf="0.9989936947822571">
              <Unicode>i</Unicode>
            </TextEquiv>
          </Glyph>
          <Glyph id="w2901g4">
            <Coords points="671,1436 671,1436 671,1474 671,1474"/>
            <TextEquiv index="1" conf="0.8765363295873005">
              <Unicode>x</Unicode>
            </TextEquiv>
          </Glyph>
          <Glyph id="w2901g5">
            <Coords points="682,1436 682,1436 682,1474 682,1474"/>
            <TextEquiv index="1" conf="0.9870218932628632">
              <Unicode>u</Unicode>
            </TextEquiv>
          </Glyph>
          <Glyph id="w2901g6">
            <Coords points="700,1436 700,1436 700,1474 700,1474"/>
            <TextEquiv index="1" conf="0.9853657931089401">
              <Unicode>s</Unicode>
            </TextEquiv>
          </Glyph>
          <Glyph id="w2901g7">
            <Coords points="711,1436 714,1436 714,1474 711,1474"/>
            <TextEquiv index="1" conf="0.9229056984186172">
              <Unicode>.</Unicode>
            </TextEquiv>
          </Glyph>
          <TextEquiv index="1" conf="0.3129754515758138">
            <Unicode>innixus.</Unicode>
          </TextEquiv>
        </Word>
        <TextEquiv index="1" conf="0.8973099283718813">
          <Unicode>CLEOB. Chryſori ſedii innixus.</Unicode>
        </TextEquiv>
      </TextLine>
      <TextLine id="r0_l042">
        <Coords points="553,1515 553,1513 553,1512 678,1513 679,1513 679,1510 679,1509 848,1510 849,1510 849,1506 849,1505 868,1505 871,1503 871,1499 868,1496 859,1496 859,1490 856,1487 843,1487 843,1479 843,1478 842,1478 841,1477 811,1477 810,1477 810,1474 810,1473 808,1473 807,1474 789,1474 788,1474 788,1475 788,1476 735,1476 734,1477 214,1473 213,1472 127,1472 126,1471 126,1470 124,1470 123,1469 38,1468 37,1467 37,1463 36,1463 36,1491 36,1492 107,1492 108,1493 158,1494 159,1495 182,1495 183,1496 243,1496 244,1497 256,1497 257,1498 257,1504 356,1505 357,1506 357,1511 550,1512 552,1514 552,1515 553,1515"/>
        <Word id="w2902">
          <Coords points="118,1463 133,1463 133,1515 118,1515"/>
          <Glyph id="w2902g0">
            <Coords points="118,1463 122,1463 122,1515 118,1515"/>
            <TextEquiv index="1" conf="0.9961864799261093">
              <Unicode>E</Unicode>
            </TextEquiv>
          </Glyph>
          <Glyph id="w2902g1">
            <Coords points="133,1463 133,1463 133,1515 133,1515"/>
            <TextEquiv index="1" conf="0.9976910799741745">
              <Unicode>t</Unicode>
            </TextEquiv>
          </Glyph>
          <TextEquiv index="1" conf="0.9938863650131513">
            <Unicode>Et</Unicode>
          </TextEquiv>
        </Word>
        <Word id="w2903">
          <Coords points="162,1463 213,1463 213,1515 162,1515"/>
          <Glyph id="w2903g0">
            <Coords points="162,1463 162,1463 162,1515 162,1515"/>
            <TextEquiv index="1" conf="0.901866152882576">
              <Unicode>c</Unicode>
            </TextEquiv>
          </Glyph>
          <Glyph id="w2903g1">
            <Coords points="173,1463 177,1463 177,1515 173,1515"/>
            <TextEquiv index="1" conf="0.9990244358778">
              <Unicode>e</Unicode>
            </TextEquiv>
          </Glyph>
          <Glyph id="w2903g2">
            <Coords points="188,1463 188,1463 188,1515 188,1515"/>
            <TextEquiv index="1" conf="0.9997926652431488">
              <Unicode>r</Unicode>
            </TextEquiv>
          </Glyph>
          <Glyph id="w2903g3">
            <Coords points="199,1463 199,1463 199,1515 199,1515"/>
            <TextEquiv index="1" conf="0.9987390339374542">
              <Unicode>t</Unicode>
            </TextEquiv>
          </Glyph>
          <Glyph id="w2903g4">
            <Coords points="210,1463 213,1463 213,1515 210,1515"/>
            <TextEquiv index="1" conf="0.9975556880235672">
              <Unicode>è</Unicode>
            </TextEquiv>
          </Glyph>
          <TextEquiv index="1" conf="0.8974645826048506">
            <Unicode>certè</Unicode>
          </TextEquiv>
        </Word>
        <Word id="w2904">
          <Coords points="239,1463 308,1463 308,1515 239,1515"/>
          <Glyph id="w2904g0">
            <Coords points="239,1463 239,1463 239,1515 239,1515"/>
            <TextEquiv index="1" conf="0.970251277089119">
              <Unicode>a</Unicode>
            </TextEquiv>
          </Glyph>
          <Glyph id="w2904g1">
            <Coords points="264,1463 264,1463 264,1515 264,1515"/>
            <TextEquiv index="1" conf="0.9066709280014038">
              <Unicode>m</Unicode>
            </TextEquiv>
          </Glyph>
          <Glyph id="w2904g2">
            <Coords points="272,1463 272,1463 272,1515 272,1515"/>
            <TextEquiv index="1" conf="0.8640238791704178">
              <Unicode>i</Unicode>
            </TextEquiv>
          </Glyph>
          <Glyph id="w2904g3">
            <Coords points="279,1463 283,1463 283,1515 279,1515"/>
            <TextEquiv index="1" conf="0.9972398728132248">
              <Unicode>a</Unicode>
            </TextEquiv>
          </Glyph>
          <Glyph id="w2904g4">
            <Coords points="294,1463 297,1463 297,1515 294,1515"/>
            <TextEquiv index="1" conf="0.9996223598718643">
              <Unicode>r</Unicode>
            </TextEquiv>
          </Glyph>
          <Glyph id="w2904g5">
            <Coords points="308,1463 308,1463 308,1515 308,1515"/>
            <TextEquiv index="1" conf="0.9985233247280121">
              <Unicode>i</Unicode>
            </TextEquiv>
          </Glyph>
          <TextEquiv index="1" conf="0.7565775836742714">
            <Unicode>amiari</Unicode>
          </TextEquiv>
        </Word>
        <Word id="w2905">
          <Coords points="338,1463 418,1463 418,1515 338,1515"/>
          <Glyph id="w2905g0">
            <Coords points="338,1463 341,1463 341,1515 338,1515"/>
            <TextEquiv index="1" conf="0.7337637543678284">
              <Unicode>d</Unicode>
            </TextEquiv>
          </Glyph>
          <Glyph id="w2905g1">
            <Coords points="348,1463 352,1463 352,1515 348,1515"/>
            <TextEquiv index="1" conf="0.9991351515054703">
              <Unicode>i</Unicode>
            </TextEquiv>
          </Glyph>
          <Glyph id="w2905g2">
            <Coords points="367,1463 367,1463 367,1515 367,1515"/>
            <TextEquiv index="1" conf="0.9922571331262589">
              <Unicode>g</Unicode>
            </TextEquiv>
          </Glyph>
          <Glyph id="w2905g3">
            <Coords points="378,1463 378,1463 378,1515 378,1515"/>
            <TextEquiv index="1" conf="0.9998033046722412">
              <Unicode>n</Unicode>
            </TextEquiv>
          </Glyph>
          <Glyph id="w2905g4">
            <Coords points="396,1463 400,1463 400,1515 396,1515"/>
            <TextEquiv index="1" conf="0.9999815821647644">
              <Unicode>u</Unicode>
            </TextEquiv>
          </Glyph>
          <Glyph id="w2905g5">
            <Coords points="414,1463 418,1463 418,1515 414,1515"/>
            <TextEquiv index="1" conf="0.9997331351041794">
              <Unicode>s</Unicode>
            </TextEquiv>
          </Glyph>
          <TextEquiv index="1" conf="0.7271020665876007">
            <Unicode>dignus</Unicode>
          </TextEquiv>
        </Word>
        <Word id="w2906">
          <Coords points="440,1463 495,1463 495,1515 440,1515"/>
          <Glyph id="w2906g0">
            <Coords points="440,1463 444,1463 444,1515 440,1515"/>
            <TextEquiv index="1" conf="0.941147044301033">
              <Unicode>f</Unicode>
            </TextEquiv>
          </Glyph>
          <Glyph id="w2906g1">
            <Coords points="451,1463 454,1463 454,1515 451,1515"/>
            <TextEquiv index="1" conf="0.9984877705574036">
              <Unicode>u</Unicode>
            </TextEquiv>
          </Glyph>
          <Glyph id="w2906g2">
            <Coords points="469,1463 473,1463 473,1515 469,1515"/>
            <TextEquiv index="1" conf="0.9993697255849838">
              <Unicode>i</Unicode>
            </TextEquiv>
          </Glyph>
          <Glyph id="w2906g3">
            <Coords points="480,1463 480,1463 480,1515 480,1515"/>
            <TextEquiv index="1" conf="0.9976546913385391">
              <Unicode>t</Unicode>
            </TextEquiv>
          </Glyph>
          <Glyph id="w2906g4">
            <Coords points="491,1463 495,1463 495,1515 491,1515"/>
            <TextEquiv index="1" conf="0.9911842942237854">
              <Unicode>,</Unicode>
            </TextEquiv>
          </Glyph>
          <TextEquiv index="1" conf="0.9286692866486963">
            <Unicode>fuit,</Unicode>
          </TextEquiv>
        </Word>
        <Word id="w2907">
          <Coords points="520,1463 630,1463 630,1515 520,1515"/>
          <Glyph id="w2907g0">
            <Coords points="520,1463 520,1463 520,1515 520,1515"/>
            <TextEquiv index="1" conf="0.7573151290416718">
              <Unicode>i</Unicode>
            </TextEquiv>
          </Glyph>
          <Glyph id="w2907g1">
            <Coords points="531,1463 531,1463 531,1515 531,1515"/>
            <TextEquiv index="1" conf="0.9522856771945953">
              <Unicode>n</Unicode>
            </TextEquiv>
          </Glyph>
          <Glyph id="w2907g2">
            <Coords points="557,1463 557,1463 557,1515 557,1515"/>
            <TextEquiv index="1" conf="0.8640155990918477">
              <Unicode>g</Unicode>
            </TextEquiv>
          </Glyph>
          <Glyph id="w2907g3">
            <Coords points="568,1463 571,1463 571,1515 568,1515"/>
            <TextEquiv index="1" conf="0.9976146072149277">
              <Unicode>e</Unicode>
            </TextEquiv>
          </Glyph>
          <Glyph id="w2907g4">
            <Coords points="582,1463 582,1463 582,1515 582,1515"/>
            <TextEquiv index="1" conf="0.9929091483354568">
              <Unicode>n</Unicode>
            </TextEquiv>
          </Glyph>
          <Glyph id="w2907g5">
            <Coords points="597,1463 601,1463 601,1515 597,1515"/>
            <TextEquiv index="1" conf="0.9914839863777161">
              <Unicode>i</Unicode>
            </TextEquiv>
          </Glyph>
          <Glyph id="w2907g6">
            <Coords points="612,1463 615,1463 615,1515 612,1515"/>
            <TextEquiv index="1" conf="0.9754809141159058">
              <Unicode>o</Unicode>
            </TextEquiv>
          </Glyph>
          <Glyph id="w2907g7">
            <Coords points="630,1463 630,1463 630,1515 630,1515"/>
            <TextEquiv index="1" conf="0.9166934937238693">
              <Unicode>,</Unicode>
            </TextEquiv>
          </Glyph>
          <TextEquiv index="1" conf="0.5472256050316844">
            <Unicode>ingenio,</Unicode>
          </TextEquiv>
        </Word>
        <Word id="w2908">
          <Coords points="659,1463 747,1463 747,1515 659,1515"/>
          <Glyph id="w2908g0">
            <Coords points="659,1463 659,1463 659,1515 659,1515"/>
            <TextEquiv index="1" conf="0.999814048409462">
              <Unicode>n</Unicode>
            </TextEquiv>
          </Glyph>
          <Glyph id="w2908g1">
            <Coords points="674,1463 677,1463 677,1515 674,1515"/>
            <TextEquiv index="1" conf="0.9130986928939819">
              <Unicode>a</Unicode>
            </TextEquiv>
          </Glyph>
          <Glyph id="w2908g2">
            <Coords points="688,1463 692,1463 692,1515 688,1515"/>
            <TextEquiv index="1" conf="0.9997932314872742">
              <Unicode>t</Unicode>
            </TextEquiv>
          </Glyph>
          <Glyph id="w2908g3">
            <Coords points="699,1463 703,1463 703,1515 699,1515"/>
            <TextEquiv index="1" conf="0.9997737854719162">
              <Unicode>u</Unicode>
            </TextEquiv>
          </Glyph>
          <Glyph id="w2908g4">
            <Coords points="718,1463 721,1463 721,1515 718,1515"/>
            <TextEquiv index="1" conf="0.9996006190776825">
              <Unicode>r</Unicode>
            </TextEquiv>
          </Glyph>
          <Glyph id="w2908g5">
            <Coords points="729,1463 729,1463 729,1515 729,1515"/>
            <TextEquiv index="1" conf="0.4429206997156143">
              <Unicode>a</Unicode>
            </TextEquiv>
          </Glyph>
          <Glyph id="w2908g6">
            <Coords points="732,1463 732,1463 732,1515 732,1515"/>
            <TextEquiv index="1" conf="0.45086413621902466">
              <Unicode>â</Unicode>
            </TextEquiv>
          </Glyph>
          <Glyph id="w2908g7">
            <Coords points="747,1463 747,1463 747,1515 747,1515"/>
            <TextEquiv index="1" conf="0.995246171951294">
              <Unicode>,</Unicode>
            </TextEquiv>
          </Glyph>
          <TextEquiv index="1" conf="0.1812915632254292">
            <Unicode>naturaâ,</Unicode>
          </TextEquiv>
        </Word>
        <Word id="w2909">
          <Coords points="776,1463 864,1463 864,1515 776,1515"/>
          <Glyph id="w2909g0">
            <Coords points="776,1463 776,1463 776,1515 776,1515"/>
            <TextEquiv index="1" conf="0.9969587177038193">
              <Unicode>i</Unicode>
            </TextEquiv>
          </Glyph>
          <Glyph id="w2909g1">
            <Coords points="787,1463 787,1463 787,1515 787,1515"/>
            <TextEquiv index="1" conf="0.999753400683403">
              <Unicode>n</Unicode>
            </TextEquiv>
          </Glyph>
          <Glyph id="w2909g2">
            <Coords points="809,1463 813,1463 813,1515 809,1515"/>
            <TextEquiv index="1" conf="0.9994702637195587">
              <Unicode>d</Unicode>
            </TextEquiv>
          </Glyph>
          <Glyph id="w2909g3">
            <Coords points="824,1463 827,1463 827,1515 824,1515"/>
            <TextEquiv index="1" conf="0.9477091133594513">
              <Unicode>o</Unicode>
            </TextEquiv>
          </Glyph>
          <Glyph id="w2909g4">
            <Coords points="838,1463 838,1463 838,1515 838,1515"/>
            <TextEquiv index="1" conf="0.910892054438591">
              <Unicode>l</Unicode>
            </TextEquiv>
          </Glyph>
          <Glyph id="w2909g5">
            <Coords points="849,1463 853,1463 853,1515 849,1515"/>
            <TextEquiv index="1" conf="0.9939541816711426">
              <Unicode>e</Unicode>
            </TextEquiv>
          </Glyph>
          <Glyph id="w2909g6">
            <Coords points="864,1463 864,1463 864,1515 864,1515"/>
            <TextEquiv index="1" conf="0.860103964805603">
              <Unicode>,</Unicode>
            </TextEquiv>
          </Glyph>
          <TextEquiv index="1" conf="0.7351893859001086">
            <Unicode>indole,</Unicode>
          </TextEquiv>
        </Word>
        <TextEquiv index="1" conf="0.9487230381296003">
          <Unicode>Et certè amiari dignus fuit, ingenio, naturaâ, indole,</Unicode>
        </TextEquiv>
      </TextLine>
      <TextLine id="r0_l043">
        <Coords points="37,1550 38,1549 38,1535 80,1535 81,1534 321,1536 323,1538 325,1538 327,1536 445,1537 446,1537 446,1546 446,1547 447,1546 447,1537 478,1537 481,1534 481,1531 480,1531 479,1531 478,1530 466,1530 466,1529 466,1522 464,1521 463,1521 462,1520 447,1520 446,1519 414,1518 414,1513 413,1512 362,1512 361,1511 356,1511 355,1510 262,1509 261,1508 122,1508 122,1507 122,1506 119,1504 37,1503 37,1502 37,1499 36,1498 36,1497 35,1497 27,1497 27,1549 27,1550 37,1550"/>
        <Word id="w2910">
          <Coords points="93,1497 176,1497 176,1550 93,1550"/>
          <Glyph id="w2910g0">
            <Coords points="93,1497 97,1497 97,1550 93,1550"/>
            <TextEquiv index="1" conf="0.8893257826566696">
              <Unicode>u</Unicode>
            </TextEquiv>
          </Glyph>
          <Glyph id="w2910g1">
            <Coords points="118,1497 118,1497 118,1550 118,1550"/>
            <TextEquiv index="1" conf="0.99193474650383">
              <Unicode>d</Unicode>
            </TextEquiv>
          </Glyph>
          <Glyph id="w2910g2">
            <Coords points="135,1497 139,1497 139,1550 135,1550"/>
            <TextEquiv index="1" conf="0.9996169060468674">
              <Unicode>o</Unicode>
            </TextEquiv>
          </Glyph>
          <Glyph id="w2910g3">
            <Coords points="147,1497 151,1497 151,1550 147,1550"/>
            <TextEquiv index="1" conf="0.9997132271528244">
              <Unicode>r</Unicode>
            </TextEquiv>
          </Glyph>
          <Glyph id="w2910g4">
            <Coords points="164,1497 164,1497 164,1550 164,1550"/>
            <TextEquiv index="1" conf="0.9998277276754379">
              <Unicode>e</Unicode>
            </TextEquiv>
          </Glyph>
          <Glyph id="w2910g5">
            <Coords points="176,1497 176,1497 176,1550 176,1550"/>
            <TextEquiv index="1" conf="0.91587333381176">
              <Unicode>,</Unicode>
            </TextEquiv>
          </Glyph>
          <TextEquiv index="1" conf="0.8072603252822237">
            <Unicode>udore,</Unicode>
          </TextEquiv>
        </Word>
        <Word id="w2911">
          <Coords points="205,1497 325,1497 325,1550 205,1550"/>
          <Glyph id="w2911g0">
            <Coords points="205,1497 209,1497 209,1550 205,1550"/>
            <TextEquiv index="1" conf="0.6947720050811766">
              <Unicode>c</Unicode>
            </TextEquiv>
          </Glyph>
          <Glyph id="w2911g1">
            <Coords points="222,1497 226,1497 226,1550 222,1550"/>
            <TextEquiv index="1" conf="0.9990580081939697">
              <Unicode>o</Unicode>
            </TextEquiv>
          </Glyph>
          <Glyph id="w2911g2">
            <Coords points="242,1497 242,1497 242,1550 242,1550"/>
            <TextEquiv index="1" conf="0.9998107701539993">
              <Unicode>m</Unicode>
            </TextEquiv>
          </Glyph>
          <Glyph id="w2911g3">
            <Coords points="259,1497 263,1497 263,1550 259,1550"/>
            <TextEquiv index="1" conf="0.9957506507635117">
              <Unicode>i</Unicode>
            </TextEquiv>
          </Glyph>
          <Glyph id="w2911g4">
            <Coords points="271,1497 271,1497 271,1550 271,1550"/>
            <TextEquiv index="1" conf="0.9439884424209595">
              <Unicode>t</Unicode>
            </TextEquiv>
          </Glyph>
          <Glyph id="w2911g5">
            <Coords points="279,1497 284,1497 284,1550 279,1550"/>
            <TextEquiv index="1" conf="0.9769194573163986">
              <Unicode>a</Unicode>
            </TextEquiv>
          </Glyph>
          <Glyph id="w2911g6">
            <Coords points="296,1497 296,1497 296,1550 296,1550"/>
            <TextEquiv index="1" conf="0.999644324183464">
              <Unicode>t</Unicode>
            </TextEquiv>
          </Glyph>
          <Glyph id="w2911g7">
            <Coords points="308,1497 308,1497 308,1550 308,1550"/>
            <TextEquiv index="1" conf="0.9999363124370575">
              <Unicode>e</Unicode>
            </TextEquiv>
          </Glyph>
          <Glyph id="w2911g8">
            <Coords points="325,1497 325,1497 325,1550 325,1550"/>
            <TextEquiv index="1" conf="0.9659363925457001">
              <Unicode>,</Unicode>
            </TextEquiv>
          </Glyph>
          <TextEquiv index="1" conf="0.6153089550199601">
            <Unicode>comitate,</Unicode>
          </TextEquiv>
        </Word>
        <Word id="w2912">
          <Coords points="350,1497 474,1497 474,1550 350,1550"/>
          <Glyph id="w2912g0">
            <Coords points="350,1497 350,1497 350,1550 350,1550"/>
            <TextEquiv index="1" conf="0.8450228571891785">
              <Unicode>ſ</Unicode>
            </TextEquiv>
          </Glyph>
          <Glyph id="w2912g1">
            <Coords points="358,1497 362,1497 362,1550 358,1550"/>
            <TextEquiv index="1" conf="0.9729412943124771">
              <Unicode>u</Unicode>
            </TextEquiv>
          </Glyph>
          <Glyph id="w2912g2">
            <Coords points="375,1497 379,1497 379,1550 375,1550"/>
            <TextEquiv index="1" conf="0.996533989906311">
              <Unicode>a</Unicode>
            </TextEquiv>
          </Glyph>
          <Glyph id="w2912g3">
            <Coords points="395,1497 399,1497 399,1550 395,1550"/>
            <TextEquiv index="1" conf="0.9335675835609436">
              <Unicode>v</Unicode>
            </TextEquiv>
          </Glyph>
          <Glyph id="w2912g4">
            <Coords points="408,1497 412,1497 412,1550 408,1550"/>
            <TextEquiv index="1" conf="0.9927371293306351">
              <Unicode>i</Unicode>
            </TextEquiv>
          </Glyph>
          <Glyph id="w2912g5">
            <Coords points="420,1497 420,1497 420,1550 420,1550"/>
            <TextEquiv index="1" conf="0.9996192455291748">
              <Unicode>t</Unicode>
            </TextEquiv>
          </Glyph>
          <Glyph id="w2912g6">
            <Coords points="428,1497 433,1497 433,1550 428,1550"/>
            <TextEquiv index="1" conf="0.5114030341307323">
              <Unicode>a</Unicode>
            </TextEquiv>
          </Glyph>
          <Glyph id="w2912g7">
            <Coords points="445,1497 445,1497 445,1550 445,1550"/>
            <TextEquiv index="1" conf="0.9989453703165054">
              <Unicode>t</Unicode>
            </TextEquiv>
          </Glyph>
          <Glyph id="w2912g8">
            <Coords points="457,1497 462,1497 462,1550 457,1550"/>
            <TextEquiv index="1" conf="0.9972239285707474">
              <Unicode>e</Unicode>
            </TextEquiv>
          </Glyph>
          <Glyph id="w2912g9">
            <Coords points="474,1497 474,1497 474,1550 474,1550"/>
            <TextEquiv index="1" conf="0.9866735339164734">
              <Unicode>.</Unicode>
            </TextEquiv>
          </Glyph>
          <TextEquiv index="1" conf="0.3815338327020103">
            <Unicode>ſuavitate.</Unicode>
          </TextEquiv>
        </Word>
        <TextEquiv index="1" conf="0.9483407115862694">
          <Unicode>udore, comitate, ſuavitate.</Unicode>
        </TextEquiv>
      </TextLine>
      <TextLine id="r0_l044">
        <Coords points="115,1689 10,1688 10,1740 115,1741 115,1689"/>
        <Word id="w2913">
          <Coords points="108,1688 115,1688 115,1741 108,1741"/>
          <Glyph id="w2913g0">
            <Coords points="108,1688 115,1688 115,1741 108,1741"/>
            <TextEquiv index="1" conf="0.256011168162028">
              <Unicode>-</Unicode>
            </TextEquiv>
          </Glyph>
          <TextEquiv index="1" conf="0.256011168162028">
            <Unicode>-</Unicode>
          </TextEquiv>
        </Word>
        <TextEquiv index="1" conf="0.256011168162028">
          <Unicode>-</Unicode>
        </TextEquiv>
      </TextLine>
      <TextLine id="r0_l045">
        <Coords points="921,1741 921,1716 810,1716 810,1741 921,1741"/>
        <TextEquiv index="1" conf="0.0">
          <Unicode></Unicode>
        </TextEquiv>
      </TextLine>
    </TextRegion>
  </Page>
</PcGts>
