1000 1743
323 81 737 125 PEZOPIILVS.

123 91 145 121 14

449 134 453 162 C
491 134 609 162 HRTS.

162 167 206 210 Fuit
226 167 314 210 quidem
338 167 414 210 amari
438 167 534 210 dignus,
558 167 614 210 fuit.

445 208 448 237 C
479 208 550 237 LEO
581 208 599 237 B.

168 242 185 273 Et
211 242 250 273 eſt.

433 281 437 311 C
465 281 591 311 HRYS.

163 316 220 359 Fuit,
243 316 353 359 inquam:
376 316 453 359 omnes
469 316 519 359 quas
536 316 722 359 commemoraſti
742 316 799 359 dotes
812 316 855 359 una
875 316 918 359 eor-

123 353 181 401 rupit
200 353 247 401 aleæ
269 353 394 401 cupiditas;
416 353 434 401 &
456 353 475 401 ex
497 353 555 401 ſuavi
566 353 720 401 iraeundum,
750 353 768 401 ex
794 353 918 401 hilaerimo-

124 389 215 419 roſum,
245 389 267 419 ex
285 389 376 419 liberali
394 389 507 419 ſordidum
533 389 591 419 fecit.

413 427 504 465 PAR.
557 427 629 465 parte.

163 460 222 498 Illum
251 460 355 498 deſcribit
375 460 492 498 graphicè.

451 502 613 539 CHRIS.

158 534 181 587 Ex
208 534 246 587 quo
265 534 334 587 ipſum
361 534 411 587 aleæ
426 534 510 587 inceſſit
530 534 606 587 furor,
621 534 771 587 urbanitatis,
794 534 912 587 amicitiæ,

117 570 274 619 humanitatis
296 570 354 619 etiam
384 570 450 619 oſficia
475 570 574 619 negligit
592 570 680 619 omnia.

440 611 443 639 C
474 611 545 639 LEO
576 611 594 639 B.

154 642 219 681 Amat
239 642 269 681 te,
296 642 315 681 &
338 642 403 681 colit,
426 642 468 681 hoc
491 642 545 681 ſeio:
583 642 598 681 Tu
633 642 682 681 mihi
702 642 774 681 erede.

437 685 441 712 C
467 685 595 712 HRYS.

158 717 223 766 Factis
239 717 311 766 credo.
342 717 403 766 Amat
426 717 449 766 me
468 717 564 766 ſeilicet,
590 717 640 766 qui,
663 717 686 766 ex
701 717 743 766 quo
774 717 820 766 uris
831 717 858 766 ſui
877 717 911 766 per

127 753 197 794 œtatem
228 753 298 794 factus
319 753 354 794 eſt,
386 753 487 794 conſilia,
515 753 606 794 preces,
641 753 721 794 minas,
753 753 830 794 monita
854 753 910 794 ſper-

115 789 147 835 nit
175 789 224 835 mea;
255 789 286 835 qui
311 789 335 835 diu
360 789 478 835 noctuque
496 789 604 835 aleatoria
628 789 705 835 circum
740 789 785 835 fora
810 789 907 835 curſitat;

116 826 175 870 quem
208 826 237 870 vix
259 826 329 870 habeo
351 826 479 870 præſentem
508 826 578 870 domi,
607 826 644 870 niſi
662 826 699 870 cùm
732 826 831 870 exhauſta
856 826 908 870 ludo

119 862 222 906 crumena
251 862 331 906 deficit;
361 862 394 906 qui
426 862 448 906 me
470 862 573 906 quotidie
591 862 701 906 ſolicitat,
719 862 796 906 angit,
818 862 836 906 &
854 862 909 906 curis

118 898 198 949 crueiat
220 898 378 949 amariſſimis;
414 898 447 949 qui
477 898 535 949 modò
565 898 682 949 pecuniam
726 898 766 949 meo
788 898 898 949 ſumptam

113 933 208 971 nomine
229 933 334 971 profudit

463 974 561 1004 PAR.

150 1006 172 1050 At
198 1006 235 1050 ego
253 1006 366 1050 nunquam
399 1006 439 1050 dixi
458 1006 571 1050 profuſam
593 1006 611 1050 ab
637 1006 677 1050 illo
696 1006 831 1050 pecuniam.

197 1043 334 1086 CHRIS.
362 1043 442 1086 ſurgi⸗,
477 1043 526 1086 manu
565 1043 691 1086 Parmenoni
715 1043 824 1086 minirans.

147 1079 168 1120 Id
189 1079 249 1120 etiam
273 1079 353 1120 negas,
388 1079 552 1120 mendaciorum
577 1079 675 1120 artiſex?

109 1124 274 1166 3YXX
210 1124 336 1166 X
240 1124 365 1166 X
304 1124 837 1166 XXXXXXXXXXX
866 1124 869 1166 X

292 1175 297 1226 S
369 1175 369 1226 C
497 1175 523 1226 N
584 1175 712 1226 AIV.

121 1218 497 1271 PÆZOPHILUS,
535 1218 535 1271 C
569 1218 906 1271 HRYSORIUS.

233 1254 237 1288 C
264 1254 515 1288 LEOBULUS,
551 1254 784 1288 PARMENO.

136 1297 216 1343 PEÆ.
242 1297 355 1343 egrediens
375 1297 379 1343 è
399 1297 512 1343 conclavi,
532 1297 552 1343 ut
568 1297 595 1343 ad
615 1297 671 1343 pedes
691 1297 764 1343 patrui
778 1297 877 1343 accidat.

113 1341 145 1392 ID
165 1341 241 1392 fruſtra
265 1341 345 1392 neget,
369 1341 428 1392 quod
444 1341 484 1392 ego
500 1341 576 1392 apertè
596 1341 719 1392 confiteor;
743 1341 755 1392 en
791 1341 815 1392 me
835 1341 891 1392 reum

142 1378 247 1408 fatentem
275 1378 338 1408 ſiſto.

414 1418 418 1446 C
446 1418 454 1446 H
485 1418 556 1446 RIS

152 1451 203 1490 Quid
220 1451 263 1490 ais,
297 1451 417 1490 Parmeno?

448 1492 542 1519 PAR.

138 1523 214 1561 Nihil:
241 1523 325 1561 neque.

11 1695 260 1741 l
