1000 1743
230 78 308 112 DRA
333 78 385 112 MA
454 78 540 112 COM
601 78 704 112 CM.

843 91 863 118 15

416 132 462 159 PE
501 132 516 159 Z.

107 161 126 205 An
157 161 172 205 te
191 161 241 205 juſſi
268 161 375 205 mendacia
398 161 532 205 inſtituere,
559 161 658 205 perſide?

297 203 390 235 PAR.
423 203 460 235 citò
486 203 599 235 recedens.

112 237 162 284 Vah]
185 237 196 284 ſi
223 237 246 284 me
265 237 360 284 unquam
391 237 425 284 tuâ
448 237 506 284 cauſâ
536 237 658 284 mendaeem
681 237 800 284 argueris,
830 237 857 284 oc-

73 271 149 320 cidito.

17 318 98 354 lx
156 318 156 354 X
506 318 506 354 X
728 318 728 354 X
758 318 761 354 X

273 375 351 413 SC
417 375 567 413 ENA
663 375 681 413 V.

128 426 457 463 PEZOPIIUS,
496 426 807 463 CIRVSORI0.

291 465 291 496 C
331 465 631 496 LEOBULUS.

428 522 476 552 PE
512 522 528 552 X.

127 547 131 601 o
73 547 157 601 N
180 547 219 601 ego
242 547 322 601 eulpam
349 547 421 601 verbis
444 547 570 601 exeuſatum
601 547 674 601 venio.
700 547 742 601 Sola
769 547 808 601 pro
834 547 857 601 me

137 594 214 640 cauſam
235 594 295 640 apud
315 594 329 640 te
350 594 378 640 tua
403 594 473 640 ipſius
490 594 539 640 agat
560 594 693 640 clementia,
721 594 798 640 patrue
815 594 857 640 om-

72 628 145 672 nium,
170 628 201 672 qui
219 628 306 672 usquam
327 628 390 672 ſunt,
411 628 442 672 vel
459 628 557 672 unquam
585 628 693 672 fuerunt,
718 628 861 672 elementiſſi-

80 671 113 712 me.
138 671 215 712 Neque
237 671 369 712 ſupplicium
399 671 461 712 quod
490 671 553 712 merui
578 671 699 712 deprecor;
729 671 740 712 en
769 671 809 712 tuis
828 671 861 712 pe-

76 706 138 749 dibus
153 706 289 749 advolutum
322 706 388 749 vides.
417 706 446 749 Ad
457 706 520 749 pedes
534 706 608 749 patrui
626 706 710 749 accidit.
743 706 784 749 Agc
820 706 861 749 ple-

74 740 118 788 cte,
145 740 229 788 pœnam
256 740 328 788 exige.

390 783 394 814 C
426 783 502 814 LEO
530 783 550 814 B.

107 814 140 858 Iſta
162 814 177 858 te
206 814 290 858 moveat
309 814 342 858 tam
364 814 441 858 aperta
470 814 540 858 delicti
562 814 668 858 confeſſio

389 858 393 884 C
419 858 547 884 HRYS.

106 889 190 932 Surge,
217 889 294 932 pœnas
309 889 397 932 forſitan
428 889 500 932 poſtea
531 889 611 932 exigam
642 889 657 932 &
676 889 764 932 quidem
799 889 856 932 meri-

73 918 96 968 tis
116 918 185 968 pares.
211 918 277 968 Nune
292 918 307 968 in
334 918 445 968 præſentia
464 918 476 968 ſi
491 918 549 968 quam
568 918 679 968 admiſiſti
694 918 794 968 culpam,
813 918 863 968 pro-

73 957 92 1005 bè
115 957 219 1005 noveris,
253 957 299 1005 mihi
318 957 433 1005 pœnarum
463 957 547 1005 dederis
567 957 620 1005 ſatis.
655 957 777 1005 Eloquere,
808 957 861 1005 quid

74 997 96 1035 eſt
118 997 176 1035 quod
195 997 312 1035 pecuniam
337 997 341 1035 à
370 997 476 1035 Geronte,
509 997 604 1035 homine
634 997 681 1035 mihi
703 997 791 1035 amieo,
824 997 857 1035 ſed

71 1067 210 1113 ſumpſeris?

82 1032 159 1075 mininè
181 1032 258 1075 cauto,
287 1032 305 1075 &
327 1032 393 1075 nimis
422 1032 528 1075 credulo,
579 1032 692 1075 opoſceris
722 1032 817 1075 mutuam
842 1032 857 1075 &

420 1098 520 1142 PZ.

115 1136 167 1184 Cauſa
195 1136 304 1184 poſcendi
325 1136 377 1184 juſta
398 1136 450 1184 fuit;
471 1136 562 1184 emenda
590 1136 632 1184 erat
649 1136 747 1184 equitum
772 1136 856 1184 turma.

74 1161 94 1223 Id
106 1161 166 1223 facilè
186 1161 206 1223 &
222 1161 349 1223 opportunè
365 1161 385 1223 ut
401 1161 477 1223 fieret,
497 1161 592 1223 pecuniâ
608 1161 716 1223 præſente
732 1161 772 1223 fuit
792 1161 856 1223 opus:

72 1212 111 1255 nec
130 1212 210 1255 habui,
229 1212 267 1255 nec
294 1212 366 1255 dabas.

381 1256 385 1284 C
411 1256 541 1284 HRIS.

120 1286 155 1328 Tibi
176 1286 291 1328 peeuniam
323 1286 428 1328 erederem
452 1286 550 1328 ſcilicet,
578 1286 613 1328 qui
631 1286 641 1328 ſi
662 1286 746 1328 venalis
767 1286 816 1328 eſſes
841 1286 858 1328 &

74 1314 208 1363 vendibilis,
235 1314 250 1363 te
269 1314 349 1363 jamdiu
380 1314 503 1363 addixiſſes
526 1314 610 1363 pretio,
644 1314 664 1363 &
683 1314 736 1363 aleæ
759 1314 859 1363 dediſſes.

71 1353 133 1402 Nune
151 1353 206 1402 illud
228 1353 297 1402 quæro
323 1353 341 1402 ex
359 1353 389 1402 te;
422 1353 451 1402 cur
473 1353 564 1402 pecunia
593 1353 604 1402 in
637 1353 670 1402 eos
692 1353 740 1402 uſus
762 1353 853 1402 expenſa

70 1393 104 1441 non
134 1393 188 1441 fuit,
211 1393 226 1441 in
257 1393 310 1441 quos
329 1393 371 1441 erat
382 1393 489 1441 aecepta?

414 1439 418 1465 P
459 1439 459 1465 E
509 1439 509 1465 .

101 1461 116 1507 In
143 1461 258 1507 aleatores
277 1461 330 1507 fortè
349 1461 433 1507 ineidi;
464 1461 506 1507 fato
525 1461 567 1507 ſum
601 1461 720 1507 obſecutus
754 1461 808 1507 meo,
838 1461 857 1507 &

78 1497 140 1550 r.

11 1687 64 1740 lu
