1000 1743
564 79 679 95 3A
212 78 711 112 DRAMA. COMLC.
836 91 870 118 I5
406 132 520 159 PÆ L.
24 161 665 205 An te juſſi mendacia inſtituere, perfide?
284 203 609 235 PAR. citò recedens.
98 237 884 284 Vah! ſi me unquam tuâ cauſâ mendacem argueris, oc-
18 271 155 320 cidito.
19 318 866 354 YX4ÆÆ
19 343 850 372 I RxÆ
254 375 678 413 SCENA V.
114 426 814 463 PEOPHILOS, CHRYSORTLS
273 465 631 496 CLEOBULUS.
417 522 530 552 PÆE.
21 547 865 601 ONego culpam verbis excuſatum venio. Sola pro me
21 594 910 640 cauſam apud te tua ipſius agat clementia, patrue om-
22 628 865 672 nium, qui usquam ſunt, vel unquam fuerunt, clementiſſi-
19 671 865 712 me. Neque ſupplicium quod merui deprecor; en tuis pe-
19 706 865 749 dibus advolutum vides. Ad pedes patrui accidit. Age, ple-
19 740 336 788 cte, pœnam exige.
375 783 552 814 CLEOB.
94 814 687 858 Iſta te moveat tam aperta delicti confeſſio.
375 858 556 884 CHRYS.
27 889 864 932 Surge, pœnas forſitan poſtea exigam & quidem meri-
21 918 866 968 tis pares. Nunc in præſentia ſi quam admiſiſti culpam, pro-
21 957 865 1005 bè noveris, mihi pœnarum dederis ſatis. Eloquere, quid
21 997 864 1035 eſt quod pecuniam à Geronte, homine mihi amico, ſed
22 1067 211 1113 ſuinpſeris?
22 1032 865 1075 mininè cauto, & nimis credulo, popoſceris mutuam &
349 1098 523 1142 PÆL.
100 1136 863 1184 Cauſa poſcendi juſta fuit; emenda erat equitum turma.
23 1161 863 1223 Id facilè & opportunè ut fieret, pecuniâ præſente fuit opus-
24 1212 373 1255 nec habui, nec dabas.
367 1256 544 1284 CHRYS.
108 1286 863 1328 Tibi pecuniam crederem ſcilicet, qui ſi venalis eſſes &
25 1314 862 1363 vendibilis, te jamdiu addixiſſes pretio, & aleæ dediſſes.
25 1353 883 1402 Nunc illud quæro ex te; cur pecunia in eos uſus expenſa
25 1393 498 1441 non fuit, in quos erat accepta?
370 1439 516 1465 PÆ .
26 1461 888 1507 In aleatores fortè incidi; fato ſum obſecutus meo, &
27 1497 139 1550 rri.
1 1687 263 1740 t
