1000 1743
251 70 445 110 DRAMA.
485 70 738 110 COMICOM.

876 81 897 122 27

443 131 490 168 PE
521 131 538 168 2.

123 159 150 210 Vis
173 159 303 210 eomeſter,
326 159 425 210 quidqui
461 159 474 210 in
506 159 555 210 cœlo
578 159 672 210 ſanctum
708 159 812 210 eſt?..

228 209 248 249 CH
276 209 344 249 RIS.
380 209 451 249 mnum
495 209 606 249 Pæeoplili
626 209 734 249 colibens.

120 244 228 298 Abſtine;
258 244 295 298 iam
329 244 420 298 nimium
454 244 508 298 ſæpe
533 244 608 298 etelum
637 244 733 298 oneraſti
758 244 883 298 eonviciis,

89 275 102 331 &
119 275 197 331 ſacrum
223 275 331 331 peruriis
357 275 461 331 obliaſti
491 275 564 331 eaput.

436 322 479 350 PAE
517 322 530 350 X.

126 354 155 402 Per
176 354 234 402 iſtum
259 354 358 402 amorem
383 354 425 402 erga
458 354 479 402 me
496 354 570 402 tuum,
591 354 633 402 quo
653 354 712 402 nihil
724 354 736 402 in
761 354 828 402 terris
849 354 882 402 mi-

82 382 99 440 hi
120 382 215 440 ſanctius
240 382 277 440 eſt,
302 382 431 440 prom.tto,
456 382 572 440 ſpondeo,
601 382 663 440 jur.

176 430 302 472 CHRIS.
329 430 405 472 iteriim
447 430 554 472 Peophilt
585 430 654 472 mnum
684 430 780 472 tohibet.

127 468 218 513 Omitte,
243 468 355 513 inquam,
384 468 534 513 ſaeramentis
551 468 696 513 adſtringere
717 468 746 513 te,
779 468 821 513 quæ
842 468 875 513 fal-

85 501 107 550 Is
129 501 209 550 brevi.

437 538 533 580 PE2.

121 579 133 619 Si
153 579 221 619 fallo;
245 579 257 619 ſi
281 579 337 619 quam
365 579 401 619 tibi
425 579 445 619 do
461 579 544 619 ſidem,
572 579 676 619 reſolvo,
712 579 732 619 de
768 579 792 619 me
812 579 876 619 quid-

82 602 132 655 Iibet
153 602 236 655 ſtatue,
273 602 294 655 me
324 602 390 655 domo
403 602 482 655 abige,
515 602 611 655 expelle,
636 602 732 655 abdica;
757 602 836 655 atque,
857 602 878 655 ut

86 654 154 698 omnia
178 654 222 698 uno
246 654 314 698 verbo
333 654 441 698 ſupplieia
465 654 617 698 eomplectar,
640 654 716 698 amare
744 654 768 698 me
808 654 860 698 eſine

405 690 405 725 C
474 690 565 725 RIS.

124 725 264 770 Pærophile,
284 725 340 770 quam
368 725 380 770 in
408 725 424 770 tèe
436 725 504 770 legem
536 725 628 770 ſtatuas,
648 725 708 770 etiam
728 725 792 770 atque
812 725 868 770 etiam

89 754 151 802 vide.

431 790 525 842 P2.

128 827 206 863 Video.

408 865 564 900 CiRYS.

123 902 175 945 Illam
203 902 215 945 ſi
239 902 374 945 violaveris,
406 902 442 945 ego
461 902 501 945 non
525 902 593 945 item.

434 944 466 971 PA
518 944 534 971 .

124 971 178 1023 Illam
205 971 214 1023 ſi
237 971 340 1023 violabo,
367 971 439 1023 neque
466 971 515 1023 mihi
533 971 565 1023 per
587 971 601 1023 te
623 971 713 1023 ignoſei
735 971 816 1023 velim,
834 971 879 1023 ipſe

88 1008 161 1057 neque
178 1008 291 1057 ignoſcam
325 1008 386 1057 mihi.

407 1053 569 1085 CIIRYS.

123 1080 215 1122 Aecipio
239 1080 410 1122 conditionem,
434 1080 502 1122 atque
522 1080 542 1122 ut
558 1080 578 1122 ab
598 1080 645 1122 aleâ
669 1080 769 1122 recedas,
801 1080 817 1122 te
845 1080 865 1122 mi

98 1108 136 1165 itiæ
152 1108 273 1165 addicam,
294 1108 335 1165 quo
356 1108 452 1165 nomine
477 1108 535 1165 decet
560 1108 573 1165 &
590 1108 652 1165 loco.

440 1160 536 1195 PÆ.

136 1191 211 1232 Quovis
232 1191 281 1232 loco
306 1191 377 1232 decet.

410 1228 570 1265 CARYS.

124 1261 160 1304 Jam
188 1261 212 1304 rei
232 1261 320 1304 hellicæ
336 1261 495 1304 adminiſtrum
527 1261 631 1304 eonveni,
650 1261 806 1304 jamequĩtum
842 1261 878 1304 na-

96 1297 176 1343 giſtrum
208 1297 280 1343 adivi,
311 1297 371 1343 nune
395 1297 475 1343 turmæ
499 1297 630 1343 præfectum
658 1297 738 1343 adibo,
770 1297 810 1343 cum
834 1297 858 1343 ill

89 1339 196 1389 paciſcar,
227 1339 242 1389 &
261 1339 376 1389 argentum
407 1339 445 1389 ipſi
468 1339 484 1389 de
514 1339 556 1389 meo
576 1339 721 1389 numeratum
752 1339 817 1389 dabo.

442 1375 485 1403 PÆ
520 1375 536 1403 E.

133 1403 165 1452 Te·
185 1403 221 1452 ne,
249 1403 341 1452 patrue,
365 1403 417 1452 adeò
445 1403 597 1452 cleinentem,
613 1403 669 1452 adeò
689 1403 833 1452 benefieum,
857 1403 877 1452 li-

89 1433 203 1490 beralem,
253 1433 372 1490 rodigum?
401 1433 431 1490 ut.
451 1433 451 1490 ·

407 1482 566 1511 CRIS.

131 1513 175 1562 Dum
207 1513 219 1562 te
239 1513 243 1562 à
271 1513 374 1562 damnoſâ
394 1513 494 1562 libidine
518 1513 645 1562 redimam,
673 1513 777 1562 quolibet
801 1513 873 1562 pretio

747 1557 752 1584 B

90 1549 142 1596 hene
165 1549 304 1596 raedemtum
332 1549 424 1596 putem.

99 1687 99 1740 -
