1000 1743
254 67 259 110 D
283 67 355 110 RAM
475 67 480 110 C
513 67 724 110 OMICVIM.

860 81 880 108 19

434 118 438 144 P
529 118 533 144 .

115 155 185 190 Erras,
218 155 331 190 Cleobule,
357 155 426 190 erras;
459 155 569 190 venenum
591 155 635 190 ipſo
653 155 712 190 vires
727 155 815 190 amittit
829 155 877 190 uſu.

81 192 118 235 Ego
140 192 180 235 ſum
206 192 359 235 Mithridates
374 192 443 235 alter;
473 192 557 235 nullum
582 192 619 235 jam
655 192 703 235 mihi
718 192 776 235 virus
791 192 875 235 nocere

82 231 163 285 roteſt.

402 266 513 300 CLEO
543 266 562 300 B.

121 300 198 343 Venena
232 300 297 343 tamen
332 300 401 343 fuge;
431 300 462 343 &,
496 300 557 343 quod
584 300 657 343 facere
680 300 764 343 ſolent,
795 300 829 343 qui
856 300 879 343 ex

85 334 155 376 morbo
180 334 362 376 convaluerunt,
393 334 449 376 cibos
470 334 558 376 aſſume
586 334 624 376 cum
666 334 764 376 delectu,
796 334 831 376 qui
852 334 876 376 ſa-

74 376 137 415 piant
155 376 250 415 pariter,
280 376 298 415 &
320 376 434 415 nutriant.
485 376 547 415 Unum
573 376 672 415 aliquod
701 376 731 415 vel
760 376 878 415 multiplex

74 413 139 451 ſtudii
166 413 181 451 &
204 413 304 451 exereitii
330 413 399 451 genus
426 413 491 451 elige,
529 413 567 451 quo
594 413 609 451 te
644 413 755 451 oblectes,
785 413 827 451 dum
858 413 873 451 te

75 444 170 495 bellieus
192 444 291 495 exereeat
313 444 390 495 lubr,

426 477 524 519 PÆZ.

113 516 163 559 Nam
190 516 232 559 quo
263 516 286 559 me
305 516 381 559 ſtudio
404 516 507 559 delectari
534 516 599 559 velis?

402 561 473 595 CLE
509 561 517 595 O
548 561 564 595 B.

112 590 141 625 Vis
152 590 192 625 unà
218 590 291 625 meeum
313 590 390 625 audire
408 590 533 625 eoncentus
555 590 657 625 muſicos?
683 590 774 625 Privatas
789 590 800 625 in
829 590 877 625 ædes

81 588 260 675 conveniemus,
277 588 378 675 aderunt
395 588 476 675 amici,
497 588 533 675 alii
550 588 635 675 cants,
652 588 688 675 alii
705 588 782 675 ſidium
802 588 880 675 periti.

420 671 424 702 P
464 671 468 702 E
500 671 516 702 Z.

89 686 181 776 vocum,
211 686 303 776 ſdium,
328 686 387 776 ima,
417 686 518 776 ſumma,
564 686 623 776 media
652 686 715 776 ſimul
745 686 871 776 canentium

125 699 216 744 Omitte.
242 699 286 744 Non
311 699 381 744 placet
399 699 557 744 ſymphonia,
586 699 622 744 non
652 699 703 744 ſapit
721 699 816 744 auribus
838 699 875 744 iſte

81 773 195 816 ſtrepitus.
235 773 268 816 Iſta
298 773 459 816 vocabulorum
495 773 554 816 modò
583 773 653 816 lentè,
690 773 748 816 modò
770 773 877 816 præeipi-

81 814 165 853 tanter,
186 814 239 853 ſæpe
253 814 382 853 promiſcuè
403 814 592 853 oecurrentiuin,
616 814 805 853 reeurrentium,
829 814 878 853 eon-

131 850 219 927 renium
250 850 350 927 colinio.

395 889 399 919 C
433 889 433 919 L
468 889 510 919 EO0
541 889 563 919 B.

119 920 184 959 Atqui
203 920 271 959 tamen
298 920 351 959 ſapit
382 920 461 959 multis.

433 962 437 992 P
512 962 533 992 .

120 993 166 1026 Non
199 993 257 1026 mihi.

406 1034 410 1069 C
443 1034 567 1069 LEOB.

129 1065 156 1100 Vis
179 1065 328 1100 urbaniorum
359 1065 477 1100 hominum
512 1065 600 1100 feſtivis
623 1065 726 1100 intereſſe
753 1065 841 1100 cireulis
864 1065 879 1100 &

149 1024 149 1163 u

436 1141 440 1172 P
483 1141 531 1172 Z.

122 1175 196 1215 Apage
210 1175 298 1215 infieeta
323 1175 353 1215 illa
382 1175 502 1215 otioſorum
532 1175 649 1215 hominum
682 1175 777 1215 ineptias
809 1175 879 1215 confe-

89 1207 180 1263 rentium
211 1207 340 1263 colloquia;
365 1207 413 1263 illas
427 1207 633 1263 confabulationes
651 1207 710 1263 tædii
734 1207 748 1263 &
766 1207 878 1263 oſcitatio-

90 1251 118 1289 nis
142 1251 230 1289 plenus:
265 1251 338 1289 iſthæe
359 1251 404 1289 ſane
439 1251 576 1289 muliereulis
600 1251 617 1289 &
642 1251 817 1289 Marchionibus
841 1251 880 1289 no-

90 1285 134 1329 ſtris
152 1285 317 1329 oblectamenta
342 1285 423 1329 ſuade,
449 1285 485 1329 non
518 1285 621 1329 viris..

406 1326 409 1359 C
444 1326 520 1359 EO
550 1326 569 1359 B.

136 1354 195 1394 Quod
210 1354 264 1394 viros
290 1354 396 1394 delectat,
418 1354 509 1394 ſuadeo.
546 1354 612 1394 Placet
630 1354 689 1394 villas
707 1354 725 1394 &
747 1354 828 1394 domos
842 1354 879 1394 ele-

94 1390 206 1434 gantiores
223 1390 234 1434 in
262 1390 373 1434 ſuburbiis
391 1390 471 1434 poſitas
489 1390 646 1434 ambulando,
677 1390 803 1434 equitando
820 1390 880 1434 invi-

87 1429 143 1468 ſere?
171 1429 251 1468 famem
279 1429 297 1468 &
314 1429 363 1468 ſitim
391 1429 464 1468 eundo
489 1429 611 1468 colligere,
642 1429 764 1468 utraimque
789 1429 834 1468 cibo
852 1429 880 1468 le-

105 1466 138 1503 are
168 1466 255 1503 modico
275 1466 385 1503 quidem,
408 1466 442 1503 ſed
462 1466 578 1503 jueuno,
608 1466 655 1503 quia
678 1466 742 1503 foris,
772 1466 815 1503 quia
838 1466 882 1503 for-

677 1543 681 1569 B
712 1543 716 1569 2

69 1684 69 1740 i

223 1711 223 1735 s

854 1710 854 1734 e
880 1710 898 1734 ta⸗

939 1718 978 1740 ii
