1000 1743
232 67 730 110 DRA M COMICUM.
853 81 886 108 I9
424 118 537 144 PÆ.
40 155 885 190 Erras, Cleobule, erras; venenum ipſo vires amittit uſu.
21 192 883 235 Ego ſum Mithridates alter; nullum jam mihi virus nocere
22 231 168 285 Poteſt.
388 266 593 300 LEOB.
107 300 883 343 Venena tamen fuge; &, quod facere ſolent, qui ex
21 334 881 376 morbo convaluerunt, cibos aſſume cum delectu, qui ſa-
21 376 882 415 piant pariter, & nutriant. Unum aliquod vel multiplex
22 413 881 451 ſtudii & exercitii genus elige, quo te oblectes, dum te
22 444 394 495 bellieus exerceat labur.
406 477 531 519 PÆ.
107 516 607 559 Nam quo me ſtudio delectari velis?
363 561 611 595 CLEOP.
99 590 885 625 Vis unà mecum audire concentus muſico? Privatas in ædes
20 588 883 675 conveniemus, aderunt amici, alii cantâs, alii fidium periti.
409 671 539 702 PL.
21 686 882 776 vocum, fidium, ima, ſumma, media ſimul canentium
112 699 883 744 Omitte. Non placet ſymphonia, non ſapit auribus iſte
21 773 881 816 ſtrepitus. Iſta vocabulorum modò lentè, modò præcipi-
21 814 883 853 tanter, ſæpe promiſcuè occurrentiui, recurrentium, eon-
22 850 349 927 urrentium colliſo.
385 889 575 919 CLEOâ.
113 920 469 959 Atqui tamen ſapit multis.
420 962 536 992 PÆ.
116 993 264 1026 Non mihi.
356 1034 623 1069 CLEOP.
115 1065 883 1100 Vis urbaniorum hominum feſtivis intereſſe circulis &
24 1024 335 1163 abuaonibu;
425 1141 538 1172 PÆ2.
117 1175 887 1215 Apage inficeta illa otioſorum hominum ineptias confe-
25 1207 886 1263 rentium colloquia; illas confabulationes tædii & oſcitatio-
26 1251 895 1289 nis plenas: iſthæc ſane mulierculis & Marchionibus no-
26 1285 647 1329 ſtris oblectamenta ſuade, non viris...
346 1326 573 1359 CLEOB.
120 1354 887 1394 Quod viros delectat, ſuadeo. Placet villas & domos ele-
27 1390 888 1434 gantiores in ſuburbiis poſitas ambulando, cquitando invi-
27 1429 888 1468 ſere? famem & ſitim eundo colligere, utramque cibo le-
28 1466 887 1503 vare modico quidem, ſed jucundo, quia foris, quia for-
28 1501 841 1692 v aûo rꝓ â faa fsvo bu-.
666 1543 723 1569 B a2
1 1684 119 1740 t
128 1711 261 1735 gti
813 1710 916 1734 âv-
876 1718 997 1740 i
