1000 1743
324 89 729 124 PEEOPHILUS.

116 84 138 115 22

121 140 171 190 due,
202 140 217 190 &
236 140 324 190 aeumen
359 140 474 190 eruentum
501 140 573 190 exere.
604 140 692 190 Atenim
719 140 769 190 quis
788 140 822 190 ille
845 140 914 190 homo

116 179 131 217 ſe
149 179 215 217 nobis
237 179 368 217 improvisò
394 179 434 217 huc
456 179 551 217 intulit?

210 224 914 278 TXXXXXXTXX,*F

283 276 367 319 SC
433 276 439 319 E
493 276 583 319 NA
679 276 769 319 VIII.

156 333 156 385 P
198 333 475 385 ÆZOPHILUS,
501 333 886 385 MISARGIRIDES.

470 382 569 422 MS.

179 415 255 475 oDDIE
277 415 309 475 bis
322 415 349 475 ad
367 415 385 475 te
407 415 484 475 venio.
515 415 591 475 Jamne
614 415 663 475 licet
681 415 784 475 alloqui?

472 471 567 518 PE.

166 505 226 539 Licet.

471 529 568 575 MIS.

163 576 207 627 Tibi
224 576 311 627 ſalntem
345 576 406 627 ofſert
428 576 519 627 familiæ
536 576 575 627 tuæ
592 576 714 627 addictus,
744 576 831 627 parenti
857 576 904 627 olim

115 615 150 655 tuo
165 615 321 655 amieiſſimus
336 615 439 655 Miſargy
454 615 523 655 rides.

458 655 553 693 PÆZ.

152 677 156 737 A
182 677 342 737 Miſareyride
373 677 477 737 quamvis
511 677 555 737 mihi
581 677 685 737 nondum
715 677 776 737 anteà
810 677 849 737 viſo
884 677 914 737 vel

114 725 209 765 eognito
228 725 316 765 ſalutem
345 725 444 765 libenter
462 725 565 765 accipio.

460 765 560 800 MIS.

147 797 187 836 Non
227 797 251 836 me
271 797 343 836 noſti?
371 797 407 836 non
438 797 526 836 vidiſti?
558 797 614 836 quem
642 797 690 836 heri
706 797 825 836 allocutus
845 797 873 836 es,
901 797 905 836 à

109 834 149 882 qno
169 834 181 882 in
209 834 241 882 tuâ
261 834 317 882 elade
337 834 453 882 nocturnâ
473 834 533 882 opem
557 834 697 882 popoſciſti;
721 834 805 882 iſlie..
825 834 829 882 ·
845 834 909 882 apud

128 869 237 905 .hem.
307 869 343 905 non
380 869 519 905 meminiſti?.

455 910 455 947 P
500 910 548 947 Z.

147 939 166 990 Ita
197 939 266 990 mente
289 939 361 990 eaptus
384 939 434 990 eram
465 939 476 990 &
499 939 580 990 oeulis,
607 939 630 990 it
649 939 714 990 qus,
744 939 775 990 vel
798 939 836 990 quà
855 939 871 990 de
890 939 905 990 re

105 979 253 1020 alloquerer,
280 979 318 1020 non
341 979 391 1020 iatis
410 979 562 1020 reſpicerem.

465 1018 562 1057 MIS.

151 1049 211 1096 Dolui
233 1049 293 1096 ſane,
324 1049 341 1096 &
363 1049 423 1096 doleo
449 1049 466 1096 te
488 1049 522 1096 iſtâ
548 1049 583 1096 tam
613 1049 700 1096 liberali
717 1049 782 1096 facie,
812 1049 847 1096 tam
868 1049 903 1096 bo-

107 1088 138 1132 nis
161 1088 180 1132 &
195 1088 306 1132 ingenuis
333 1088 444 1132 moribus,
471 1088 509 1132 tam
532 1088 627 1132 adverſâ
646 1088 677 1132 uti
696 1088 803 1132 fortunâ.

468 1130 516 1165 PE
568 1130 568 1165 .

144 1156 280 1200 Humaniter
304 1156 368 1200 facis,
392 1156 464 1200 aliena
488 1156 524 1200 qui
548 1156 619 1200 doleas
643 1156 787 1200 infortunia:
819 1156 855 1200 ſed
883 1156 895 1200 in

114 1197 144 1241 am
173 1197 253 1241 deveni
275 1197 444 1241 caolamitatem,
473 1197 531 1241 unde
550 1197 586 1241 non
615 1197 689 1241 poſſim
718 1197 846 1241 emergere;
879 1197 897 1241 eo

104 1233 140 1276 ſum
168 1233 232 1276 natus
248 1233 280 1276 ſub
300 1233 391 1276 ſydere,
415 1233 443 1276 cui
463 1233 503 1276 cum
527 1233 583 1276 bonâ
599 1233 690 1276 fortunâ
706 1233 762 1276 nihil
778 1233 830 1276 cong
846 1233 902 1276 ruat.

452 1273 552 1309 MIS.

141 1301 229 1348 Sapiens
250 1301 395 1348 dominabitur
412 1301 487 1348 aſtris.
520 1301 537 1348 Tu
558 1301 612 1348 fortè
624 1301 724 1348 arbitrio
737 1301 841 1348 fortunæ
857 1301 903 1348 per-

110 1342 171 1385 mittis
198 1342 286 1385 omnia;
312 1342 324 1385 tu
354 1342 408 1385 illam
434 1342 480 1385 arte
499 1342 537 1385 non
568 1342 636 1385 regis.

457 1380 551 1416 PÆ.

140 1409 244 1461 Fortunæ
265 1409 385 1461 permitto.
415 1409 460 1461 quæ
481 1409 577 1461 fortunæ
598 1409 660 1461 ſunt:
685 1409 760 1461 neque
777 1409 806 1461 ibi
823 1409 890 1461 artem

97 1450 215 1488 adhibeo,
242 1450 280 1488 ubi
299 1450 349 1488 artis
368 1450 418 1488 uſus
437 1450 476 1488 non
506 1450 544 1488 eſt.

442 1488 467 1523 M
496 1488 542 1523 IS.

138 1519 166 1566 Eſt
182 1519 278 1566 quædam
306 1519 357 1566 ratio
381 1519 537 1566 componendi
553 1519 621 1566 talos,
636 1519 652 1566 &
680 1519 784 1566 mittendi
796 1519 888 1566 aptè...

93 1560 200 1596 ſolerter.
258 1560 430 1596 induſtriè..
459 1560 518 1596 la.

871 1709 923 1741 r
