1000 1743
305 89 729 124 PÆEOPHILUS.
110 84 145 115 L
111 140 991 190 due, & acumen cruentum exere. Atenim quis ille homo
111 179 559 217 ſe nobis improvisò huc intulit?
113 229 159 246 4&
127 224 991 278 xx xxP2xxâx x,,
264 276 766 319 SCENA VIII.
137 333 890 385 PÆOPHILUS,MISARGYRIDES.
428 382 617 422 Mis.
47 415 849 475 HoDIE is ad te venio. Iamne licet allequi?
386 471 639 518 PÆ.
148 505 232 539 Licet.
447 529 623 575 MIS.
145 576 989 627 Tibi ſalntem offert familiæ tuæ addictus, parenti olim
109 615 558 655 tuo amiciſſimus Mifargyrides.
423 655 554 693 PÆ.
142 677 986 737 A Miſargyride quamvis mihi nondum anteà viſo vel
105 725 568 765 cognito ſalutem libenter accipio.
394 765 607 800 MIS.
140 797 984 836 Non me noſti? non vidiſti? quem heri allocutus es, à
102 834 984 882 quo in tuâ clade nocturnâ opem popoſciſti; iſlic... apud
104 869 593 905 -. hem... non meminiſti?.
441 910 581 947 PSI.
106 939 981 990 Ita mente captus eram & oculis, t quos, vel quâ do re
102 979 570 1020 alloquerer, non latis reſpicerem.
393 1018 618 1057 MLS.
137 1049 983 1096 Dolui ſane, & doleo te iſtâ tam liberali facie, tam bo-
101 1088 811 1132 nis & ingenuis moribus, tam adverſâ uri fortunâ-
454 1130 570 1165 PÆ.
133 1156 982 1200 Hummaniter facis, aliena qui doleas infortunia; ſed in
98 1197 982 1241 eam deveni calamitatem, unde non poſſim emergere; eo
97 1233 977 1276 ſum natus ſub ſydere, cui cum bonâ fortunâ nihil congruat.
393 1273 555 1309 MIS.
133 1301 981 1348 Sapiens domiuabitur aſtris. Tu fortè arbitrio fortunæ per-
96 1342 648 1385 mittis amnia; tu illam arte non regis.
424 1380 558 1416 PÆL.
127 1409 980 1461 Fortunæ permitto, quæ fortunæ ſunt; neque ibi artem
94 1450 579 1488 adhibeo, ubi artis uſus non eſt.
421 1488 545 1523 M IS.
95 1519 895 1566 Eſt quædam ratio componendi talos, & mittendi aptè...
88 1560 547 1596 ſolerter... induſtriè... la ...
1 1695 265 1741 eræaaa
809 1709 924 1741 eâ
