1000 1743
315 76 366 124 E
451 76 456 124 O
530 76 716 124 HIIVS.

132 81 136 121 t

112 123 132 176 &
151 123 246 176 prædia,
277 123 323 176 quæ
342 123 422 176 ignaro
445 123 521 176 patruo
563 123 651 176 endidi,
674 123 732 176 fortè
751 123 865 176 recepero.
888 123 904 176 Si

126 161 213 216 ecipiam
259 161 292 216 ab.
309 161 350 216 eius
371 161 479 216 iraeundâ
504 161 591 216 metuam
612 161 675 216 nihil,
691 161 691 216 ·
716 161 762 216 Tum
787 161 841 216 bene
853 161 903 216 aleæ

115 196 173 253 dicam
209 196 304 253 æternum
335 196 398 253 vale:
425 196 438 253 tu
488 196 591 253 aleatoria
618 196 721 253 deꝑonam
739 196 906 253 armavictor.

105 235 137 282 uti
161 235 233 282 deeet,
261 235 301 282 non
329 235 416 282 victus,
444 235 500 282 quod
524 235 592 282 dolet.

496 277 496 315 .
510 277 510 315 I
543 277 557 315 2·

157 308 198 355 Tibi
234 308 306 355 melius
337 308 347 355 ſſ
383 308 445 355 cris
461 308 461 355 .
492 308 554 355 vuls.

504 348 542 389 X.X

145 371 258 431 Expecta,
285 371 365 431 quæſo.
392 371 464 431 Mene
491 371 518 431 vis
541 371 554 431 &
576 371 635 431 potes
657 371 734 431 iuvare

506 424 534 462 IS

149 454 242 504 Poſſu.
257 454 288 504 net
308 454 396 504 aniss
473 454 473 504 ·
498 454 509 504 ſi
545 454 606 504 oless.
627 454 694 504 volo.

460 489 558 538 PXC.

138 515 174 571 Sed
198 515 222 571 ne
250 515 274 571 me
294 515 398 571 juvando
418 515 522 571 jugules.

446 568 471 606 M
530 568 550 606 S.

136 591 178 647 Non
215 591 239 647 me
262 591 332 647 noſti,
360 591 388 647 ſat
406 591 458 647 ſcio.
481 591 560 647 Neque
574 591 588 647 is
612 591 649 647 ego
667 591 728 647 ſum,
756 591 793 647 qi
817 591 896 647 exalie.

95 635 127 683 his
155 635 255 683 ærumnis
275 635 359 683 lucrum
395 635 451 683 velim
475 635 559 683 facere:
587 635 659 683 neue
679 635 691 683 tu
719 635 735 683 is
755 635 783 683 es,
811 635 847 683 qui
871 635 895 683 ex

93 673 177 724 alienis
198 673 277 724 opibus
306 673 381 724 debeas
402 673 502 724 damum
556 673 623 724 ti...
665 673 677 724 Tu
698 673 735 724 per
756 673 831 724 ætatem
852 673 885 724 iam

92 709 104 750 in
131 709 223 750 tutelam
257 709 333 750 veniſti
356 709 433 750 tuam,
460 709 551 750 nonne?

442 753 446 791 P

128 783 177 828 Mei
195 783 236 828 ſum
263 783 316 828 iucis
343 783 361 828 ·à
379 783 451 828 pris,
487 783 500 828 &
518 783 586 828 alieni
613 783 662 828 æis.

445 825 531 862 MIS

129 848 160 910 Iſti
190 848 280 910 debetur
306 848 354 910 ætati
375 848 513 910 reverentia.
526 848 526 910 ·
630 848 738 910 Chryſorii
755 848 824 910 hæres
841 848 876 910 prao

95 889 178 936 ximus?

449 922 491 976 E
545 922 550 976 .

131 960 143 1009 Et
164 960 260 1009 unicus.

439 993 538 1040 MIS.

124 1030 206 1085 Magna
232 1030 349 1085 prædicas.
388 1030 470 1085 Magni
496 1030 612 1085 faciendus
638 1030 660 1085 os.
703 1030 832 1085 Chryſorius
850 1030 884 1085 iſte

88 1072 148 1117 dives
171 1072 208 1117 eſt?

356 1103 356 1160 T
474 1103 623 1160 ſirſie.

131 1136 252 1191 Ditiſimus

441 1177 540 1224 MIS.

126 1218 196 1263 Tecum
225 1218 325 1263 profectò
350 1218 463 1263 agendum
496 1218 521 1263 eſt
546 1218 754 1263 elementiſſimè...
791 1218 883 1263 Chryſo-

79 1255 119 1304 cius
147 1255 199 1304 vultu
227 1255 315 1304 quidem
343 1255 407 1304 ſanus
431 1255 471 1304 eſt,
495 1255 531 1304 ſed
555 1255 623 1304 minùs
647 1255 711 1304 tamen
743 1255 803 1304 firmâ
831 1255 879 1304 dici-

76 1290 109 1325 tur
131 1290 161 1325 uti
190 1290 332 1325 valetudine.

433 1321 433 1369 P
479 1321 530 1369 EC.

122 1348 192 1411 Delili
210 1348 332 1411 admom
364 1348 392 1411 eſt
411 1348 513 1411 pectore,
546 1348 565 1411 &
593 1348 658 1411 erudo
681 1348 812 1411 ſtomacho.

430 1405 454 1441 M
514 1405 528 1441 .

108 1434 128 1476 Id
156 1434 208 1476 certè
240 1434 284 1476 mihi
308 1434 380 1476 dolet:
404 1434 448 1476 nam
480 1434 504 1476 eſt
524 1434 560 1476 ille
576 1434 656 1476 bonus
676 1434 716 1476 vir.
760 1434 800 1476 Tibi
824 1434 872 1476 vero

72 1474 131 1520 opera
152 1474 260 1520 nusquam
292 1474 358 1520 deerit
386 1474 435 1520 mea.
470 1474 557 1520 Tantùm
585 1474 645 1520 velim
666 1474 770 1520 reputes,
791 1474 868 1520 quanta

68 1504 91 1559 ſit
109 1504 176 1559 hoiè
203 1504 230 1559 rci
248 1504 392 1559 nummariæ
414 1504 531 1559 diſicultas
545 1504 545 1559 .

63 1695 63 1741 E
159 1695 233 1741 v

872 1712 901 1741 e
