1000 1743
305 78 709 113 PÆOPHILCS.

101 93 127 121 30

109 124 169 172 didæ,
197 124 241 172 Illæ
257 124 281 172 ad
305 124 405 172 virtutem
425 124 525 172 bellicam
553 124 637 172 faciunt
649 124 713 172 haud
733 124 825 172 parum.
849 124 893 172 Olim

104 167 209 208 rigehant
227 167 286 208 ferro
307 167 377 208 noſtri
398 167 531 208 bellatores.
590 167 636 208 odie
653 167 744 208 ſulgent
765 167 831 208 auro.
859 167 898 208 Au-

103 204 149 239 reos
169 204 216 239 verè
239 204 299 239 nume
323 204 436 239 habemus
463 204 533 239 duees.
569 204 683 239 Pergamus
703 204 773 239 ultra.
806 204 869 239 Item.

101 240 184 278 irem..
231 240 272 278 irem
307 240 344 278 pro
382 240 518 278 Purmenonis
547 240 635 278 veſtibus
657 240 698 278 ſexa
717 240 758 278 gint
824 240 897 278 ummi.

119 277 179 319 Quid,
223 277 311 319 maluml
343 277 379 319 pro
407 277 443 319 iſto
471 277 523 319 ſago
551 277 579 319 vel
603 277 679 319 potiùs
699 277 759 319 ſaeeo
783 277 899 319 ſexaginta

105 315 215 352 nummos
233 315 302 352 petis?

389 343 434 381 AC
470 343 623 381 ESTES.

145 385 220 429 Sagum
241 385 353 429 appellas?
378 385 499 429 adſtringe
524 385 636 429 globulos.
673 385 719 429 Vide
732 385 790 429 quàm
823 385 898 429 (Par-

112 421 202 461 menonis
215 421 282 461 veſtem
305 421 405 461 concinnè
418 421 588 461 acconmodat)
605 421 681 461 aptum
701 421 721 461 ſit
734 421 758 461 ad
771 421 898 461 ſtaturam,

109 460 165 501 quàm
193 460 265 501 habile
309 460 365 501 quùim
397 460 501 501 graphicè
521 460 537 501 te
561 460 649 501 deceat.

461 495 554 535 PAR.

142 527 186 576 Non
214 527 246 576 iſta
266 527 385 576 induſtriæ
405 527 445 576 tuæ
461 527 509 576 laus
529 527 565 576 eſt,
597 527 633 576 ſed
660 527 728 576 hujus
752 527 840 576 ſtaturæ
860 527 896 576 ele-

111 568 195 611 gantis,
223 568 339 611 coneinnæ
366 568 382 611 &
398 568 422 611 ad
446 568 574 611 dignitátem
598 568 717 611 appoſitæ.
757 568 833 611 Incedit
861 568 897 611 ſeſe

106 609 216 647 elegnnter
238 609 429 647 circumſpiciens.

382 638 609 676 ACESTES.

140 675 223 720 Statura
252 675 339 720 quidem
368 675 456 720 elegans
481 675 493 720 &
518 675 622 720 gracilis;
651 675 684 720 ſed
709 675 751 720 ipſa
784 675 846 720 veſtis
871 675 896 720 ad

106 719 237 757 elegantiam
270 719 368 757 corporis
390 719 478 757 exacta.

463 750 555 781 PAR.

154 785 169 828 Ut
192 785 268 828 palpat
295 785 464 828 molliter:.
487 785 548 828 Nolo
571 785 609 828 tibi
628 785 686 828 litem
720 785 816 828 movere,
850 785 900 828 Ace-

102 822 135 861 ſte.
164 822 208 861 Hue
237 822 329 861 denique
343 822 428 861 ſumma
446 822 585 861 ſummarum
607 822 669 861 redit.
702 822 728 861 Bis
742 822 793 861 mille
815 822 896 861 ſeptua-

108 859 156 900 ginra
178 859 244 900 novem
270 859 343 900 libræ,
369 859 402 900 ſex
424 859 486 900 aſſes,
512 859 585 900 novem
618 859 699 900 denarii
732 859 834 900 Francici.
860 859 897 900 Ni-

101 897 165 935 hilne
181 897 373 935 ſubdueendum?

384 930 608 962 ACESTES.

140 966 168 1008 Ne
188 966 304 1008 teruntius
324 966 428 1008 quidem.

457 1004 552 1046 PAR.

151 1037 251 1088 Quoniam
275 1037 299 1088 ita
323 1037 422 1088 conſtant
442 1037 554 1088 rationes,
574 1037 630 1088 nihil
649 1037 797 1088 reſecabitur.
821 1037 893 1088 (Scri-

102 1075 128 1120 bii
146 1075 157 1120 in
186 1075 241 1120 tergo
263 1075 340 1120 cbartæ
358 1075 457 1120 luſoriæ,
497 1075 526 1120 uæ
545 1075 607 1120 unius
632 1075 695 1120 Regis
720 1075 786 1120 eſſigie
804 1075 896 1120 inſigni-

103 1111 161 1159 rur.)
191 1111 264 1159 Aceſtæ
290 1111 385 1159 debentur
407 1111 433 1159 bis
466 1111 502 1159 uille
524 1111 660 1159 ſeptuaginta
682 1111 748 1159 novem
766 1111 840 1159 libræ,
862 1111 873 1159 ſe

100 1154 160 1196 aſſes,
188 1154 254 1196 novem
286 1154 366 1196 denarii
401 1154 499 1196 Francici.
531 1154 583 1196 Abi.

381 1188 426 1224 AC
461 1188 608 1224 ESTES.

152 1223 208 1268 Quam
232 1223 244 1268 tu
276 1223 324 1268 mihi
344 1223 436 1268 chartam
472 1223 548 1268 offers?

451 1264 544 1290 PAR.

143 1292 235 1337 Chartam
267 1292 355 1337 Regiam
383 1292 399 1337 &
431 1292 555 1337 Cæſaream.
583 1292 683 1337 Reſpiee.

376 1334 422 1369 AC
457 1334 526 1369 EST
556 1334 606 1369 ES.

134 1371 156 1411 At
182 1371 295 1411 pecuniam
328 1371 391 1411 volo.

452 1406 456 1441 P
485 1406 548 1441 AR.

143 1439 171 1482 Vis
195 1439 337 1482 peeuniam?

370 1479 370 1512 A
412 1479 412 1512 C
447 1479 595 1512 ESTT2S.

134 1518 190 1548 Mx
198 1518 254 1548 imè:

26 1696 60 1734 l

940 1718 990 1740 i
