1000 1743
290 98 722 130 PÆEOPHILUS.
391 152 645 179 ATYCHES.
151 175 988 235 Neutiquam: nequedum eò me adegit improba neceſfi-
116 231 271 253 tas, ut...
387 259 641 297 PAR. à parte.
151 293 988 343 Bene eſt, occurrit tandem vit probus, qui nihil petat pe-
112 334 987 371 cuniæ. Ad Atycbem: Ignoſce, quæſo. Is ipſe, quem quæris,!
113 366 992 416 eſt mihi dominus, homo æqui & recti apprimè tenax, qui
117 406 987 444 nihil metuat magis, quàm ne quid cuiquam debeat; & pe-
112 441 987 495 cuniam ultro potiùs obtrudat creditoribus, ſi qui ſunt)
112 478 693 518 quùm ab illis quidquam expoſtulari ſinat.
396 517 641 546 ATYCHES.
149 549 991 599 Laudo mores domii probos. Ipſum, niſi forte mole-
113 588 448 624 ſtum eſt, paucis velim.
461 627 574 654 PAR.
151 661 652 692 Illum monebo. Tu nmen edoce.
396 699 684 735 ATYCHES.
148 729 989 782 Nihil opus eſt meum reſciat nomen. Ipſi me indicabo
112 771 181 796 ſatis.
110 805 988 865 ,.,
225 861 769 902 SCENA VIII.
338 862 437 885 â
127 916 837 962 ATYCHES, PHILOCLES.
388 962 640 999 ArYCHES.
114 1004 629 1042 UCCEDE, Philocles, ingredere.
447 1041 584 1072 PHIL.
146 1075 982 1128 Ab! quàm Iaxæ ſunt ædes iſtæ. patet! quantùm ab iis
61 1115 685 1153 diſcrepat exigua, quam incolimus, caſa!
391 1154 640 1181 ATCHES.
71 1180 981 1223 Sat bene habitat, nate, qui cum virtute habitat. A p-
69 1220 981 1273 te. HeuI ædema hâc ampliorem incolere debuit inſelix
115 1259 268 1287 adoleſcens.
401 1287 600 1325 PHI2.
145 1326 978 1368 Si bene memini, tu quoque hâc in urbe vixiſti diu:
109 1362 979 1416 quâ in regione urbis poſita tibi domus fuit? ubinam illa
110 1403 268 1438 eſt, pater?
391 1439 640 1468 ATYCHES.
145 1469 977 1514 Ex quo diſceſſ, magna, uti dominoram, ſic domorum
109 1511 976 1559 facta mutatio eſt, nate. A parte. Mene domam avitam
108 1546 619 1593 potuiſſe tradere in alienas manus!
1 1696 264 1741 ltu
813 1703 997 1740 ettâ
