1000 1743
323 98 722 130 PEEOPIIILUS.

397 152 588 179 ATYCHE
618 152 637 179 S.

158 175 314 235 Neutiquam:
342 175 470 235 nequedum
506 175 522 235 eòô
550 175 574 235 me
590 175 670 235 adegit
694 175 802 235 improba
826 175 914 235 neeẽſſi.

116 231 142 253 taS
209 231 262 253 .

401 259 492 297 PAR.
542 259 542 297 à
561 259 633 297 parte.

165 293 215 343 Bene
230 293 268 343 eſt,
295 293 391 343 occurrit
410 293 490 343 tandem
521 293 548 343 vir
563 293 663 343 probus,
682 293 716 343 qui
731 293 789 343 nihil
808 293 865 343 petat
881 293 915 343 pe-

122 334 195 371 cuniæ.
222 334 256 371 Ad
272 334 387 371 Atchen:
410 334 517 371 Ignoſcee,
532 334 613 371 quæſo.
639 334 724 371 Isipſe,
743 334 804 371 quem
827 334 915 371 quæris,

123 366 146 416 eſt
173 366 223 416 mihi
246 366 365 416 dominus,
391 366 464 416 homo
491 366 537 416 æqui
560 366 575 416 &
594 366 648 416 recti
660 366 763 416 apprimè
778 366 855 416 tenax,
882 366 916 416 qui

123 406 177 444 nihil
207 406 284 444 metuast
314 406 387 444 magis,
418 406 475 444 quàm
498 406 521 444 ne
536 406 590 444 quid
605 406 704 444 euiquam
731 406 819 444 debeat;
849 406 868 444 &
880 406 914 444 pe-

123 441 203 495 cuniam
255 441 295 495 ltro
319 441 391 495 potiùs
414 441 522 495 obtrudat
546 441 713 495 creditoribus,
733 441 761 495 (ſi
781 441 817 495 qui
841 441 913 495 ſunt)

122 478 184 518 quàm
207 478 226 518 ab
253 478 291 518 illis
314 478 433 518 quidquam
468 478 606 518 expoſtulari
625 478 690 518 ſinat.

401 517 634 546 ATTCHES.

162 549 232 599 Laudo
261 549 328 599 mores
353 549 440 599 domii
461 549 552 599 probos.
589 549 685 599 Ipſum,
710 549 747 599 niſi
764 549 822 599 forte
851 549 913 599 mole

116 588 169 624 ſtum
196 588 231 624 eſt,
261 588 334 624 paucis
361 588 441 624 velim.

472 627 566 654 PAR.

159 661 215 692 Illum
253 661 358 692 monebo.
414 661 431 692 Tu
456 661 536 692 nomen
568 661 648 692 edoce.

403 699 641 735 ATYGHES.

156 729 219 782 Nihil
239 729 289 782 opus
314 729 335 782 eſt
372 729 431 782 meum
460 729 534 782 reſciat
555 729 651 782 nomen.
688 729 730 782 Ipſi
763 729 788 782 me
804 729 912 782 indicabo

116 771 174 796 ſatis.

227 805 803 865 .....A...A.A.
865 805 901 865 ..

292 861 370 902 SC
436 861 442 902 E
496 861 520 902 N
580 861 586 902 A
682 861 772 902 VIII.

200 916 444 962 ATYCHES
508 916 832 962 PIILOCLES.

396 962 637 999 ATYCHES.

165 1004 296 1042 UCCEDE,
328 1004 452 1042 Philocles,
483 1004 623 1042 ingredere.

466 1041 530 1072 VIHI
530 1041 582 1072 IL.

154 1075 175 1128 Ah
225 1075 284 1128 quàm
313 1075 363 1128 laxæ
384 1075 429 1128 ſunt
458 1075 504 1128 ædes
525 1075 579 1128 iſtæ,
608 1075 683 1128 patet?
712 1075 812 1128 quantùm
846 1075 862 1128 ab
892 1075 917 1128 iis

118 1115 224 1153 diſcrepat
246 1115 341 1153 exigu,
370 1115 428 1153 quam
454 1115 593 1153 incolimus,
622 1115 659 1153 caſa

397 1154 618 1181 ACHES

150 1180 181 1223 Sat
196 1180 254 1223 bene
273 1180 372 1223 habitat,
399 1180 460 1223 nate,
483 1180 518 1223 qui
541 1180 583 1223 cum
613 1180 694 1223 virtute
713 1180 809 1223 habitat.
843 1180 912 1223 Appr-

116 1220 140 1273 te.
184 1220 220 1273 Heu
284 1220 340 1273 ædem
371 1220 407 1273 hâe
435 1220 567 1273 ampliorem
595 1220 694 1273 incolere
730 1220 802 1273 debuit
830 1220 914 1273 infelix

117 1259 261 1287 adoleſcens.

456 1287 574 1325 PHI.

151 1326 167 1368 Si
190 1326 247 1368 bene
274 1326 373 1368 memini,
408 1326 408 1368 t
450 1326 542 1368 quoque
565 1326 603 1368 hâc
630 1326 641 1368 in
679 1326 733 1368 urbe
760 1326 836 1368 vixiſti
863 1326 909 1368 diu:

118 1362 155 1416 quâ
172 1362 184 1416 in
218 1362 313 1416 regione
330 1362 388 1416 urbis
409 1362 476 1416 poſita
501 1362 538 1416 tibi
563 1362 647 1416 domus
668 1362 722 1416 fuit?
759 1362 847 1416 ubinam
880 1362 909 1416 illa

118 1403 155 1438 eſt,
183 1403 261 1438 pater?

398 1439 638 1468 ATTCRES.

156 1469 180 1514 Ex
204 1469 244 1514 quo
268 1469 360 1514 diſceſſi,
396 1469 463 1514 magna
507 1469 535 1514 uti
563 1469 726 1514 dominorum,
746 1469 770 1514 ſie
786 1469 902 1514 domorum

115 1511 169 1559 facta
200 1511 292 1559 mutatio
318 1511 357 1559 eſt,
383 1511 441 1559 nate.
529 1511 583 1559 arre.
617 1511 690 1559 Mene
717 1511 801 1559 domum
824 1511 904 1559 avitam

113 1546 212 1593 potuiſſe
234 1546 322 1593 rradere
337 1546 352 1593 in
377 1546 465 1593 alienas
491 1546 572 1593 manus:

11 1696 101 1741 -

887 1703 887 1740 r
