1000 1743
299 73 704 112 PEEOPIIILS,

100 76 106 103 4

461 128 556 166 PÆ.

150 156 230 205 Dole,
249 156 307 205 quòd
333 156 344 205 in
373 156 388 205 te
410 156 498 205 fortuna
520 156 619 205 poſuerit
641 156 740 205 levitatis
762 156 886 205 exemplum

107 192 153 234 ſuæ.
184 192 222 234 Sed
241 192 276 234 qui
295 192 394 234 fortunæ
417 192 479 234 culpâ
502 192 555 234 miſer
578 192 617 234 eſt,
647 192 682 234 non
708 192 754 234 ſuâ,
781 192 816 234 hic
842 192 896 234 miſe-

104 228 136 264 riæ
157 228 216 264 parte
240 228 327 264 levatur
359 228 463 264 maximâ.

391 273 622 312 ATYCHES.

155 291 231 350 Utinam
262 291 323 350 culpâ
350 291 457 350 vacarem.
491 291 529 350 Sed
548 291 567 350 ita
594 291 705 350 fortunam
732 291 816 350 arguo,
850 291 892 350 ipſe

111 340 133 381 me
155 340 173 381 ut
191 340 286 381 incuſem
323 340 400 381 magis.

456 384 498 411 PE
532 384 547 411 Z.

140 409 185 452 Non
210 409 220 452 tu
248 409 269 452 ex
287 409 329 452 illis
350 409 381 452 es,
413 409 465 452 quos
479 409 549 452 aliena
567 409 661 452 felicitas
686 409 784 452 ærumnis
798 409 892 452 immer-

105 445 124 490 ſit
153 445 266 490 maximis:
296 445 339 490 qui,
361 445 423 490 quòd
442 445 540 490 reliquos
562 445 657 490 viderint
679 445 731 490 nuro
760 445 837 490 ditatos
859 445 891 490 In-

107 482 167 537 dieo,
205 482 247 537 dum
279 482 324 537 opes
349 482 447 537 amplas,
482 482 524 537 ſpes
548 482 674 537 ampliores
695 482 765 537 infido
797 482 891 537 credunt

111 519 173 559 mari,
199 519 305 559 utrasque
323 519 389 559 ſimul
407 519 535 559 amiſerunt

370 563 601 602 ATYCHES.

138 593 285 641 Fortunarum
316 593 414 641 equidem
438 593 578 641 nauſragium
606 593 658 641 feci,
690 593 721 641 ſed
742 593 823 641 oceano
837 593 886 641 pro-

104 629 141 670 cul.
170 629 247 670 Neque
276 629 298 670 me
320 629 422 670 quæſtum
448 629 517 670 facere
543 629 576 670 hac
605 629 675 670 decuit
700 629 741 670 viâ.
788 629 810 670 Eo
839 629 876 670 ſum

101 671 178 710 genere
199 671 266 710 natus
294 671 308 710 &
325 671 388 710 loco.
427 671 427 710 ·
448 671 514 710 pareo
539 671 619 710 dicere.

453 712 457 740 P
497 712 501 740 Æ
533 712 553 740 Z.

135 728 175 785 Hâc
197 728 256 785 etiam
285 728 310 785 viâ
332 728 435 785 quæſtum
464 728 552 785 facinnt
574 728 614 785 viri
639 728 723 785 nobiles
745 728 800 785 haud
822 728 884 785 igno-

94 768 213 818 bilem...
241 768 321 818 Neque
342 768 352 818 tu
377 768 429 818 illos
440 768 544 818 imitatus
562 768 590 818 es,
610 768 645 818 qui
670 768 747 818 equos,
774 768 830 818 canes
855 768 883 818 ve-

92 811 189 854 naticos,
216 811 325 854 impenſis
345 811 412 854 alunt
435 811 572 854 grandibus,
598 811 701 854 ferasque
728 811 881 854 conſectando

91 846 148 892 agris
175 846 190 892 &
206 846 313 892 agricolis
332 846 474 892 perniciem,
508 846 543 892 ſibi
566 846 581 892 &
608 846 635 892 rei
662 846 788 892 domeſticæ
807 846 876 892 labem

92 880 210 912 inferunt?

371 925 605 957 ATYCHES.

140 941 238 1001 Venatum
266 941 357 1001 exereeo
375 941 480 1001 quidem;
501 941 532 1001 ſed
553 941 627 1001 venatu
651 941 718 1001 cibum
742 941 833 1001 quæro,
851 941 882 1001 ne-

92 994 129 1041 que
158 994 180 1041 me
202 994 235 1041 tam
268 994 282 1041 eò
308 994 410 1041 voluptas
429 994 545 1041 impellit,
575 994 629 1041 quàm
659 994 783 1041 neceſſitas.

442 1038 446 1075 P
485 1038 485 1075 X
536 1038 536 1075 .

128 1066 205 1107 Neque
223 1066 278 1107 illud
296 1066 337 1107 tibi
359 1066 472 1107 contigit,
505 1066 564 1107 quod
586 1066 645 1107 viros
670 1066 755 1107 nobiles
780 1066 824 1107 ruri
850 1066 880 1107 de-

93 1103 166 1142 gentes
184 1103 236 1142 ſæpe
257 1103 369 1142 perdidit,
397 1103 432 1142 qui
457 1103 540 1142 vicinos
561 1103 568 1142 ſi
589 1103 687 1142 habeant
705 1103 757 1142 juris
778 1103 806 1142 ſui
831 1103 876 1142 reti-

88 1137 169 1185 nentes
186 1137 235 1185 plus
263 1137 329 1185 æquo,
361 1137 389 1185 vel
399 1137 469 1185 alieni
483 1137 633 1185 appetentes,
654 1137 773 1185 jurgantur
790 1137 878 1185 verbis,

90 1177 127 1220 rem
150 1177 223 1220 agunt
243 1177 280 1220 lite
307 1177 330 1220 vel
350 1177 420 1220 ferro,
450 1177 563 1220 alterutro
583 1177 693 1220 pereunt,
730 1177 747 1220 &
773 1177 797 1220 vel
827 1177 877 1220 pro-

84 1205 187 1254 fundunt
211 1205 267 1254 vitam
304 1205 387 1254 miſerè,
420 1205 447 1254 vel
470 1205 606 1254 patrimonia
623 1205 636 1254 in
663 1205 729 1254 forum
749 1205 866 1254 nunquam

85 1244 184 1279 reditura
206 1244 271 1279 ſtultè
297 1244 432 1279 conferunt?

365 1289 599 1327 ATYCHES.

128 1318 170 1360 Cum
198 1318 275 1360 vicinis
306 1318 394 1360 maxims
425 1318 474 1360 mihi
495 1318 579 1360 ſemper
600 1318 642 1360 fuit
656 1318 792 1360 concordia:
813 1318 872 1360 unus

79 1353 126 1397 ipſe
152 1353 200 1397 mihi
218 1353 317 1397 infenſus
335 1353 372 1397 fui.
416 1353 467 1397 Unus
489 1353 511 1397 me
525 1353 624 1397 perdidi.
661 1353 679 1397 Et
697 1353 800 1397 quoniam
829 1353 866 1397 mea

82 1392 173 1424 exoptas
190 1392 242 1424 ſcire
260 1392 413 1424 infortunia..

434 1434 478 1462 PÆ
514 1434 530 1462 Z.

121 1461 156 1507 D.
177 1461 261 1507 quæſo,
282 1461 376 1507 veniam.
404 1461 541 1507 Imprudens
558 1461 642 1507 forſitan
666 1461 701 1507 ego
719 1461 747 1507 fui
764 1461 859 1507 nimium

78 1496 231 1543 inquirendo.
276 1496 315 1543 Sed
338 1496 426 1543 alienos
456 1496 510 1543 caſus
529 1496 609 1543 audire
636 1496 674 1543 hoc
705 1496 766 1543 vulgò
793 1496 865 1543 inagis

98 1536 189 1578 mamus,
217 1536 259 1578 quò
290 1536 416 1578 miſeramur
448 1536 521 1578 magis.
