1000 1743
232 86 425 120 DRAMA.
465 86 712 120 COMICUM.
838 86 865 120 43

418 136 466 169 PÆ
517 136 517 169 .

107 172 160 216 Nota
183 172 283 216 prorſus,
313 172 329 216 &
352 172 432 216 noſtris
447 172 573 216 annalibus
600 172 726 216 conſignata
753 172 803 216 belli
822 172 864 216 ful-

87 211 151 259 mina.

350 252 467 285 APYC
496 252 507 285 H
540 252 587 285 ES.

110 287 152 324 Hos
170 287 226 324 inter
247 287 299 324 avos
320 287 432 324 numero,
456 287 491 324 ille
509 287 572 324 inter
589 287 705 324 proavos.

421 326 424 358 P
466 326 466 358 Æ
500 326 515 358 .

125 358 181 406 Talem
206 358 332 406 juvenem,
356 358 395 406 tali
419 358 513 406 genitum
534 358 608 406 patre,
636 358 719 406 talibus
740 358 859 406 oriundum

85 392 206 438 majoribus
224 392 294 438 prima
316 392 371 438 belli
400 392 462 438 munia
492 392 550 438 decet
561 392 686 438 appetere.

351 437 511 462 ATYCCH
544 437 547 462 E
577 437 591 462 S.

123 461 170 506 Olim
207 461 313 506 decuerit;
346 461 405 506 nune
434 461 482 506 verò
507 461 683 506 haudquaquam
713 461 771 506 licet.
823 461 870 506 Con.

78 495 152 543 tractis
173 495 250 543 rebus,
278 495 320 543 vota
348 495 505 543 contrahimus
526 495 600 543 ſimul.
645 495 789 543 Voluntarios
810 495 873 543 inter

83 542 163 586 equites
182 542 240 586 illum
266 542 375 586 admittas
394 542 485 586 precor;
518 542 558 586 hoe
580 542 646 586 unum
679 542 715 586 erit
741 542 803 586 ſatis,
829 542 869 586 hoc

82 589 145 623 unum
174 589 224 623 oro.

447 608 447 653 P
489 608 540 653 Æ.

119 651 196 688 Iniqua
214 651 298 688 poſcis,
328 651 372 688 quia
405 651 482 688 minora
504 651 570 688 petis.
595 651 654 688 Illum
683 651 735 688 certè
753 651 874 688 ſubcentu-

87 685 153 729 rionis
182 685 266 729 munere
288 685 299 729 in
328 685 401 729 caſtris
419 685 485 729 funi
503 685 540 729 par
562 685 598 729 eſt.

361 726 519 761 ATYCH
548 726 599 761 ES.

129 759 160 797 Par
186 759 270 797 quidem
305 759 339 797 ſit,
362 759 400 797 niſi
423 759 534 797 ſaciendis
561 759 610 797 eſſet
633 759 709 797 impar
736 759 881 797 ſumptibus.,

108 796 159 833 Quàm
188 796 287 833 ſimplici
309 796 357 833 cultu
386 796 404 833 ſit
430 796 532 833 ornatus,
550 796 616 833 vides.
646 796 712 833 Hune
726 796 792 833 tamen
814 796 836 833 ut
847 796 884 833 pa-

92 831 152 871 rarem
176 831 221 871 aliis
239 831 302 871 rebus
316 831 452 871 pareendum
483 831 574 871 malignè
591 831 640 871 fuit.
658 831 707 871 Satis
720 831 808 871 itaque,
829 831 871 871 dum

98 869 179 905 meliora
203 869 277 905 ſuperi
294 869 378 905 ſinant,
399 869 445 905 ſatis
473 869 522 905 mihi
546 869 560 905 &
574 869 606 905 illi
623 869 707 905 fuerit,
728 869 739 905 ſi
756 869 805 905 tuos
823 869 879 905 intex

249 889 816 978 XXXXXXX.

444 981 448 1007 P
489 981 542 1007 EZ.

132 1014 190 1051 Illum
216 1014 319 1051 habebo,
341 1014 381 1051 quo
403 1014 502 1051 numero
524 1014 594 1051 decet,
623 1014 641 1051 &
656 1014 722 1051 loco.

373 1053 602 1080 ATYCHES.

133 1087 291 1123 Magiſtrum,
315 1087 406 1123 dueem,
424 1087 567 1123 patronum,
588 1087 647 1123 nate,
675 1087 770 1123 reſpice,
801 1087 889 1123 venera-

120 1114 120 1220 s
224 1114 224 1220 .
341 1114 396 1220 es0..
445 1114 513 1220 is.

436 1160 558 1188 PHIIL.

139 1196 169 1232 Illi
198 1196 223 1232 me
249 1196 395 1232 diſcipulum,
424 1196 527 1232 militem,
549 1196 669 1232 clientem,
691 1196 771 1232 ſponte
790 1196 812 1232 ac
826 1196 892 1232 lætus

109 1229 184 1266 offero.

442 1270 488 1296 PÆÆ
537 1270 541 1296 .

154 1304 171 1336 Te
196 1304 241 1336 mihi
265 1304 468 1336 commilitonem,
496 1304 513 1336 te
534 1304 548 1336 in
586 1304 652 1336 caſtris
677 1304 851 1336 convictorem,
876 1304 893 1336 te

108 1328 203 1378 laborum
232 1328 247 1378 &
273 1328 342 1378 gloriæ
368 1328 467 1378 eomitem
496 1328 584 1378 aecipio
602 1328 701 1378 lubens.

446 1378 572 1405 PHIIL.

151 1411 190 1448 Duc
218 1411 256 1448 me,
281 1411 316 1448 due
330 1411 470 1448 quocunque
484 1411 588 1448 libuerit.
616 1411 630 1448 En
651 1411 725 1448 adſum
746 1411 833 1448 paratus
847 1411 903 1448 quò-

109 1448 159 1482 libet
179 1448 295 1482 comitari,
322 1448 411 1482 præire,
445 1448 471 1482 vel
491 1448 567 1482 ſequi.

470 1485 470 1512 P
512 1485 516 1512 E
551 1485 565 1512 ..

160 1518 209 1554 Quid
255 1518 288 1554 per
317 1518 399 1554 medios
420 1518 507 1554 hoſtes?

951 1698 988 1718 .

209 1711 220 1735 i

843 1710 843 1734 a
855 1710 855 1734 e
890 1710 890 1734 a

939 1718 978 1740 ii
