1000 1743
274 90 731 128 PÆEOPHILUS.
112 98 151 123 4
422 146 557 173 PHIL.
128 177 906 221 Per medios enſes, per medios ignes gladius hic inveniet
106 216 625 256 viam, aut faciet tibi. Enſem ſtringit.
384 258 628 292 ATYCHES.
139 297 909 339 Quid agis, nate, vel loqueris? Ferrum reconde, lin-
102 334 883 377 guam cohibe! Ad Pæaophilum. Tu, quæſo, da veniam.
454 375 564 401 PÆL.
137 407 906 446 Placet hic animus, placet hic ſermo non veniâ, ſed lau-
101 442 740 484 de dignus. Dexteram junge, animoſe juvenis!
384 483 630 511 ATYCHES.
109 517 405 545 Dexteram oſculare.
390 556 587 583 PÆL.
134 590 669 630 Fidem jam nunc tibi adſtringo meam.
430 629 566 657 PHIL.
133 662 486 692 Tibi hanc animam dedo.
442 703 554 730 PÆL.
129 736 892 776 Te Chryſorio tamen patruo meo, qui in emendâ equi-
93 772 875 815 tum turmâ mihi operam impendit, fiſti & offerri velim.
339 808 615 837 ATYCHES.
124 842 893 881 Siſtam illum & offeram. Nec ſilebo, uterque noſtrâm
90 881 888 917 quantùm debeat tibi: quantùm ille tuis debeat lætari mo-
90 918 895 954 ribus. Te ſemper valere Atyches pater, Philocles filius,
89 953 529 1001 ambo votis orant communibus.
430 1001 544 1029 PÆL.
121 1036 309 1064 Ambo valete.
770 1085 882 1101 V
335 1085 753 1102 &
100 1087 864 1116 , x P æ Æ Æ
310 1129 404 1148 T
619 1132 667 1149 UT
245 1131 701 1164 SCENA XII.
309 1189 651 1228 PÆLOPHILUS, ſolus.
83 1220 879 1270 rhic ſanè & ille dignus eſt, quorum me miſereat; &
82 1265 897 1306 eertè miſeret. Atqui mutato nomine de me abula nar-
79 1302 876 1342 ratur. Dives fuit Atyches. Aleæ rem & operam dedit; ex
78 1338 876 1378 divite factus eſt pauper. Pol! nimium bellè mecum iſta con-
31 1374 872 1420 gruunt omnia. Per fortuna, par culpa, par exitus. Quan-
76 1413 872 1449 quam hoc diſcrepat uterque noſtrùm. Ille nullum ærumnis
74 1449 871 1485 habuit perfugium ſuis. Mihi domus patrui opulenta por-
74 1485 426 1523 tus eft. In portu navigo.
1 1696 120 1741 t-
813 1710 910 1734 iaa t
130 1710 261 1735 te
867 1718 997 1740 i
