1000 1743
317 90 725 128 PEEOPHILUS,

118 98 141 123 44

433 146 551 173 PHIL.

154 177 184 221 Per
211 177 291 221 medios
314 177 383 221 enſes,
406 177 440 221 per
471 177 547 221 medios
562 177 623 221 ignes
642 177 726 221 gladius
742 177 772 221 hic
795 177 898 221 inveniet

116 216 185 256 viam,
204 216 239 256 aut
258 216 323 256 faciet
346 216 392 256 tibi.
430 216 492 256 Enſem
519 216 622 256 ſtringit.

392 258 625 292 ATYCHES.

154 297 206 339 Quid
226 297 290 339 agis,
314 297 374 339 nate,
406 297 434 339 vel
450 297 570 339 loqueris?
606 297 690 339 Ferrum
726 297 838 339 reconde,
866 297 906 339 lin-

111 334 170 377 guam
199 334 276 377 cohibe
320 334 349 377 Ad
386 334 528 377 Pæzopbilum.
569 334 601 377 Tu,
623 334 711 377 quæſo,
733 334 748 377 da
770 334 876 377 veniam.

464 375 510 401 PE
556 375 560 401 .

146 407 216 446 Placet
234 407 267 446 hie
282 407 384 446 animus,
413 407 483 446 nlacet
501 407 534 446 hic
553 407 622 446 ſermo
644 407 681 446 non
706 407 780 446 veniâ,
802 407 838 446 ſed
853 407 901 446 lau-

110 442 128 484 de
154 442 242 484 dignus.
275 442 384 484 Dexteram
410 442 494 484 junge,
512 442 611 484 animoſe
629 442 717 484 juvenis

390 483 542 511 ATYCH
577 483 622 511 ES.

148 517 258 545 Dexteram
291 517 401 545 oſculare.

457 556 499 583 PÆ
548 556 548 583 .

148 590 213 630 Fidem
244 590 279 630 jam
305 590 363 630 nune
382 590 421 630 tibi
436 590 555 630 adſtringo
585 590 666 630 meum.

440 629 562 657 PHIL.

151 662 193 692 Tibi
216 662 269 692 hane
288 662 384 692 animam
414 662 479 692 dedo.

453 703 547 730 PEZ.

145 736 164 776 Te
193 736 306 776 Chryſorio
328 736 394 776 tamen
423 736 504 776 patruo
533 736 584 776 meo,
617 736 650 776 qui
672 736 686 776 in
716 736 811 776 emendâ
833 736 880 776 equi

98 772 135 815 tum
164 772 234 815 turmâ
270 772 314 815 mihi
340 772 420 815 operam
442 772 570 815 impendit,
592 772 633 815 ſiſti
655 772 673 815 &
695 772 768 815 offerri
790 772 867 815 velim.

368 808 607 837 ATYCHES.

130 842 199 881 Siſtam
234 842 291 881 illum
318 842 337 881 &
356 842 460 881 offeram.
486 842 528 881 Nec
555 842 636 881 ſilebo,
662 842 762 881 uterque
781 842 877 881 noſtrûm

98 881 199 917 quantùm
231 881 304 917 debeat
318 881 370 917 tibi:
402 881 506 917 quantùm
531 881 566 917 ille
583 881 625 917 tuis
646 881 723 917 debeat
743 881 813 917 lætari
845 881 880 917 mo-

95 918 165 954 ribus.
216 918 235 954 Te
253 918 337 954 ſemper
363 918 433 954 valere
458 918 550 954 Atyehes
572 918 645 954 pater,
674 918 784 954 Philoeles
810 918 883 954 filius,

92 953 162 1001 ambo
182 953 235 1001 votis
258 953 318 1001 orant
341 953 520 1001 communibus.

441 1001 445 1029 P
485 1001 485 1029 E
525 1001 537 1029 Z.

126 1036 199 1064 Ambo
225 1036 301 1064 valete.

774 1085 869 1101 4XX

339 1085 526 1102 4AXXRV
558 1085 589 1102 VX
619 1085 619 1102 4
649 1085 649 1102 X
712 1085 712 1102 2

137 1087 185 1116 X*
450 1087 513 1116 XX

633 1132 636 1149 V

264 1131 270 1164 S
341 1131 341 1164 C
407 1131 555 1164 ENA
627 1131 704 1164 XII.

320 1189 556 1228 PEZOPHILUS,
584 1189 648 1228 ſolus.

135 1220 139 1270 T
158 1220 189 1270 hic
208 1220 258 1270 ſanè
281 1220 296 1270 &
316 1220 350 1270 ille
377 1220 454 1270 dignus
476 1220 515 1270 eſt,
538 1220 630 1270 quorum
668 1220 691 1270 me
718 1220 825 1270 miſereat;
856 1220 875 1270 &

156 1265 196 1306 ertè
222 1265 312 1306 miſeret.
349 1265 416 1306 Atqui
439 1265 516 1306 mutato
532 1265 616 1306 nomine
642 1265 659 1306 de
686 1265 706 1306 me
739 1265 799 1306 abula
822 1265 872 1306 nar-

87 1302 153 1342 ratur.
195 1302 255 1342 Dives
272 1302 311 1342 fuit
328 1302 430 1342 Atyehes.
465 1302 517 1342 Aleæ
538 1302 576 1342 rem
601 1302 618 1342 &
632 1302 716 1342 operam
748 1302 821 1342 dedit;
849 1302 870 1342 ex

87 1338 153 1378 divite
171 1338 241 1378 factus
256 1338 278 1378 eſt
292 1338 384 1378 pauper.
421 1338 461 1378 Poll
483 1338 575 1378 nimium
593 1338 648 1378 bellè
670 1338 747 1378 mecum
765 1338 802 1378 iſta
824 1338 871 1378 con-

88 1374 164 1420 gruunt
190 1374 270 1420 omnia.
303 1374 333 1420 Per
355 1374 461 1420 fortuna,
479 1374 512 1420 par
537 1374 611 1420 cslpa,
633 1374 665 1420 par
687 1374 764 1420 exitus.
801 1374 863 1420 Quan-

81 1413 140 1449 quam
162 1413 202 1449 hoc
224 1413 330 1449 diſcrepat
348 1413 443 1449 uterque
462 1413 575 1449 noſtrùm.
604 1413 637 1449 Ille
652 1413 736 1449 nullum
765 1413 864 1449 ærumnis

79 1449 156 1485 habuit
175 1449 303 1485 perfugium
329 1449 376 1485 ſuis.
406 1449 464 1485 Mihi
490 1449 567 1485 domus
589 1449 662 1485 patrui
692 1449 794 1485 opulenta
816 1449 867 1485 por-

77 1485 111 1523 tus
130 1485 165 1523 eſt.
196 1485 207 1523 In
234 1485 295 1523 portu
322 1485 422 1523 navigo.

951 1718 951 1740 t
