1000 1743
314 65 724 124 PAÆOPHILUS,

119 75 139 114 52

143 124 892 171 .A.A.V...*.....A..A..A..A.

290 172 368 210 SC
434 172 578 210 ENA
662 172 752 210 XIX.

164 222 492 263 PÆZOPHILUS,
531 222 859 263 ASTRAGALUS.

234 259 300 297 PSE
332 259 519 297 UDOLUS,
552 259 789 297 PARMENO.

201 311 265 351 PEZ.
301 311 385 351 mantile
409 311 485 351 geſtans
501 311 556 351 quaſi
576 311 668 351 egreſſus
688 311 692 351 à
712 311 828 351 prndio,

340 348 367 384 ad
383 348 437 384 quod
460 348 517 384 breti
540 348 666 384 rediturus.

259 391 347 437 ASTR.
376 391 434 437 ruens
456 391 467 437 in
489 391 606 437 amplexum
643 391 760 437 Pæzopbili,

130 436 130 485 D
163 436 363 485 EOOPHILM
384 436 467 485 faciant
488 436 562 485 ſuperi
579 436 662 485 beatum

451 475 547 502 PE.

147 507 266 544 Aſtragalo
285 507 350 544 fauſta
373 507 454 544 precor
473 507 561 544 omnia.

432 546 562 573 ASTR.

148 579 152 625 E
171 579 263 625 prædiis
282 579 367 625 ruſticis
394 579 417 625 me
439 579 547 625 recentem
581 579 654 625 vides,
681 579 715 625 ubi
750 579 773 625 me
803 579 899 625 detinuit

106 616 178 656 aliqua
201 616 231 656 res
250 616 379 656 familiaris.

460 655 554 682 PE.

141 678 248 724 Mirabar
267 678 282 724 te
298 678 317 724 ab
343 678 385 724 hoc
401 678 477 724 noſtro
496 678 546 724 foro
557 678 630 724 abeſſe
649 678 744 724 tamdiu.
783 678 802 724 Te
817 678 893 724 ehartæ

107 725 195 766 luſoriæ
216 725 324 766 abſentem
352 725 520 766 deſiderabant;
548 725 562 766 te
579 725 652 766 fritilli
666 725 775 766 languido
799 725 897 766 murmu-

107 761 124 804 re
144 761 290 804 revocabant.
320 761 367 804 Nam
390 761 484 804 ahſente
504 761 517 804 te
544 761 614 804 omnis
634 761 700 804 friget
720 761 781 804 alea.

433 800 509 827 AST
539 800 562 827 R.

153 833 172 877 Te
191 833 298 877 præſente
317 833 402 877 ſemper
425 833 482 877 calet.
524 833 539 877 Tu
566 833 623 877 illius
643 833 727 877 tutela,
746 833 891 877 præſidium,

106 868 176 911 decus.
216 868 252 911 Tibi
271 868 355 911 primas
373 868 432 911 ultro
457 868 563 911 concedo.
593 868 651 911 Mihi
673 868 779 911 ſecundas
805 868 893 911 obtine-

103 904 118 943 re
140 904 162 943 ſat
184 904 217 943 eſt.
257 904 272 943 Ut
290 904 422 943 obtineam,
440 904 517 943 redeo;
542 904 557 943 &
583 904 605 943 me
619 904 659 943 tibi
678 904 828 943 adverſarium
850 904 890 943 im-

103 941 191 988 pnrem,
217 941 260 988 raro
290 941 411 988 victorem,
432 941 513 988 ſæpius
535 941 634 988 victum,
656 941 725 988 hodie
747 941 883 988 vineendum

107 981 192 1008 offero.

453 1018 547 1046 PAR.

138 1051 200 1086 Solos
222 1051 280 1086 nune
299 1051 372 1086 hoſtes
397 1051 521 1086 vincimus.

331 1090 374 1122 PAÆ
424 1090 424 1122 .
451 1090 478 1122 ad
508 1090 677 1122 Parmenonem.

146 1122 194 1167 Tunꝰ
210 1122 294 1167 audeas
310 1122 418 1167 obloqui?
434 1122 466 1167 Ad
482 1122 630 1167 Aſiragalum.
642 1122 746 1167 Nondum
766 1122 886 1167 prandiſti?

425 1164 558 1192 ASTR.

145 1194 195 1240 Quid
214 1194 332 1240 prandium
359 1194 474 1240 loqueris?
496 1194 561 1240 nobis
580 1194 657 1240 ludere
676 1194 749 1240 vivere
771 1194 806 1240 eſt.
836 1194 882 1240 Fau-

102 1231 126 1274 ces
144 1231 210 1274 tamen
242 1231 311 1274 caffæo
332 1231 413 1274 prolui.
448 1231 549 1274 Expectat
577 1231 598 1274 me
615 1231 626 1274 in
647 1231 682 1274 illo
699 1231 744 1274 foro
769 1231 881 1274 Panoletri

96 1267 205 1310 proximo
222 1267 271 1310 lecta
299 1267 403 1310 ſociorum
431 1267 504 1310 turms
543 1267 595 1310 Illue
616 1267 728 1310 convolo.

441 1308 537 1334 PZ.

131 1338 175 1379 Non
204 1338 215 1379 tu
252 1338 325 1379 morari
343 1338 449 1379 tantiſper
467 1338 544 1379 potes?

426 1380 558 1406 ASTR.

130 1410 173 1461 Non
199 1410 303 1461 poſſum,
329 1410 348 1461 &
368 1410 452 1461 ſocios,
478 1410 559 1461 quibus
582 1410 689 1461 condixi,
716 1410 773 1461 fortè
792 1410 827 1461 jam
846 1410 876 1461 ni-

100 1448 154 1476 mium
193 1448 274 1476 moror.

151 1484 214 1526 PAR.
244 1484 311 1526 berum
337 1484 434 1526 extremi
464 1484 540 1526 manicæ
557 1484 620 1526 parte
637 1484 663 1526 ad
680 1484 693 1526 ſe
713 1484 836 1526 aitrahens.

125 1519 192 1558 Here,
223 1519 342 1558 expectant
360 1519 377 1558 te
398 1519 510 1558 convivæ.

941 1718 950 1740 ii
