1000 1743
246 79 255 112 D
283 79 399 112 RAMA
473 79 714 112 COMICUM.

850 94 870 118 57

80 129 136 171 tatur
156 129 204 171 ille,
236 129 272 171 vim
300 129 368 171 parat.
412 129 460 171 Quid
480 129 592 171 facerem?
616 129 668 171 huie
688 129 724 171 ego
752 129 804 171 dedi.
836 129 876 171 Sta.

78 168 210 208 timhomo
232 168 371 208 imperioſus
393 168 462 208 omnia
492 168 561 208 gerere
580 168 616 208 pro
627 168 737 208 arbirio:
785 168 832 208 gros
843 168 873 208 ſe-

81 205 136 247 races
155 205 298 247 infœcundis
316 205 440 247 arlioribus
459 205 591 247 conſerere;
616 205 693 247 hortos
715 205 829 247 deſignare
847 205 873 247 ad

81 241 188 280 delicias;
224 241 272 280 ædes
298 241 378 280 veteres
411 241 521 280 disjicere,
561 241 631 280 moliri
649 241 730 280 novas;
755 241 770 280 in
796 241 873 280 fronte

78 279 162 315 ſeutum
193 279 326 315 gentilitium
351 279 498 315 apponere..
533 279 624 315 tres...
645 279 662 315 ni
680 279 760 315 fallor,
785 279 841 315 tres.
855 279 855 315 ·

82 314 166 353 fungos
189 314 250 353 geſtat
270 314 281 353 in
312 314 380 353 ſeuto.
415 314 453 353 Sed
476 314 530 353 nihil
549 314 572 353 ad
595 314 644 353 rem.
683 314 732 353 Nam
755 314 817 353 apud
832 314 874 353 nos

81 344 101 393 ut
121 344 213 393 quisque
237 344 297 393 dies
321 344 361 393 eſt;
385 344 409 393 ita
433 344 469 393 ſuo
489 344 509 393 fit
529 344 617 393 nobilis
633 344 745 393 arbitrio.

322 388 326 425 C
357 388 486 425 HRIS.
559 388 620 425 urie.

116 423 192 453 Audax
212 423 312 453 facinusl

417 463 519 489 AGR.

127 496 142 529 Oh
188 496 211 529 eſt
234 496 353 529 hominum
383 496 441 529 multò
460 496 625 529 audaciſſimus
640 496 735 529 omnium
758 496 793 529 iſte
820 496 873 529 Pſeu-

87 531 191 571 dogenes;
219 531 275 571 nihil
303 531 397 571 veretur.
439 531 516 571 Omnes
537 531 586 571 pagi
606 531 694 571 incolas
708 531 781 571 verbis
798 531 812 571 &
830 531 872 571 ver-

83 567 171 612 heribus
204 567 248 612 malè
270 567 357 612 accipit.
394 567 442 612 Dum
460 567 500 612 nos
529 567 591 612 necat
610 567 679 612 fame,
697 567 756 612 lautè
771 567 840 612 vivit,
855 567 873 612 &

84 606 123 642 uni
144 606 200 642 vivit
221 606 266 642 ſibi.
304 606 343 642 Ego
367 606 461 642 eredidi,
489 606 549 642 quod
570 606 720 642 afſirmabant
744 606 832 642 omnes,
853 606 874 642 il-

83 642 121 682 lum
152 642 217 682 reipſa
247 642 297 682 villæ
324 642 454 682 dominum.
489 642 535 682 Nam
566 642 600 682 qui
619 642 711 682 ſuſpicio
730 642 807 682 pouit
826 642 876 682 inji-

88 679 111 717 ci,
134 679 204 717 aliena
231 679 364 717 quemquam
390 679 427 717 tam
450 679 603 717 impudenter
616 679 726 717 invadere
743 679 816 717 auſum
836 679 872 717 bo-

163 623 278 754 Scqu00
325 623 351 754 ae
366 623 491 754 aſorſi.
533 623 564 754 enc
584 623 673 754 evomet
735 623 777 754 lum
803 623 876 754 ao.

89 751 166 789 omnes
187 751 263 789 cireùm
288 751 372 789 ineolas
389 751 407 789 &
417 751 504 789 accolas
522 751 669 789 convocabo,
689 751 707 789 &
721 751 787 789 ipſum
815 751 875 789 ſtrin-

398 827 402 856 C
430 827 560 856 H.RYS.

130 860 214 901 Conſilia
245 860 325 901 omitte
348 860 425 901 ſtulta;
459 860 474 901 &
497 860 559 901 quod
581 860 696 901 ferendum
727 860 761 901 eſt,
788 860 819 901 fac
838 860 876 901 pa-

86 894 166 938 tienter
189 894 253 938 feras.

424 931 527 962 AGR.

124 965 243 1008 Hominem
274 965 414 1008 mendacem,
435 965 565 1008 perfidum,
586 965 652 1008 alieni
666 965 796 1008 prædonem
824 965 876 1008 præ-

92 1000 117 1044 dii
128 1000 242 1044 feramus?
260 1000 296 1044 non
322 1000 359 1044 ita.
395 1000 439 1044 Dum
465 1000 520 1044 vivet
538 1000 618 1044 Agrio,
637 1000 750 1044 nunquam
772 1000 805 1044 ille
823 1000 878 1044 rem,

89 1041 133 1076 quæ
151 1041 181 1076 tua
210 1041 243 1076 eſt,
272 1041 349 1076 fecerit
367 1041 441 1076 ſuam.

405 1081 567 1108 CHRYS.

126 1112 185 1153 Illum
214 1112 306 1153 onerare
328 1112 416 1153 probris
434 1112 533 1153 abſtine;
566 1112 625 1153 quod
646 1112 764 1153 credidiſti
782 1112 844 1153 priùs
859 1112 881 1153 il-

89 1149 129 1188 Ium
155 1149 188 1188 eſſe
213 1149 264 1188 villæ
290 1149 425 1188 dominum,
444 1149 462 1188 id
476 1149 539 1188 nune
561 1149 623 1188 multò
648 1149 710 1188 magis
732 1149 824 1188 eredito.
853 1149 875 1188 Il-

93 1180 125 1226 lam
153 1180 232 1226 ſeilicet
256 1180 360 1226 vendidit
383 1180 535 1226 Pærophilus.

436 1223 486 1250 AG
512 1223 537 1250 R.

139 1256 251 1296 Vendidit?
284 1256 371 1296 conſilio
392 1256 466 1296 igitur
487 1256 516 1296 vel
532 1256 582 1296 juſſu
607 1256 661 1296 tuo?

408 1297 412 1324 C
442 1297 572 1324 HRYS.

127 1327 190 1366 Amat
208 1327 239 1366 ille
257 1327 271 1366 in
299 1327 351 1366 urbe
376 1327 435 1366 vitam
467 1327 558 1366 degere;
586 1327 642 1366 illum
670 1327 722 1366 ruris
743 1327 820 1366 piget;
845 1327 880 1366 aut

90 1350 158 1403 huius
178 1350 234 1403 fortè
254 1350 362 1403 pœnituit
386 1350 454 1403 villæ,
490 1350 550 1403 quòd
570 1350 622 1403 hine
642 1350 706 1403 paulò
730 1350 814 1403 abeſſet
838 1350 886 1403 lon-

102 1401 160 1449 ei.

443 1439 544 1466 AGR.

133 1472 213 1513 Factum
244 1472 297 1513 malè.
324 1472 374 1513 Nam
393 1472 423 1513 illa
446 1472 485 1513 fuit
508 1472 614 1513 amœna,
645 1472 725 1513 magnis
744 1472 790 1513 olim
817 1472 882 1513 poſita

96 1494 237 1548 ſumptihus,
250 1494 266 1548 ab
291 1494 337 1548 eius
350 1494 408 1548 patre
429 1494 550 1548 diligenter
570 1494 662 1548 exculta.
704 1494 737 1548 Tu,
758 1494 862 1548 obſecro,
878 1494 891 1548 ſi

661 1553 702 1589 D5

954 1698 954 1719 r

940 1718 951 1740 it
