<PcGts xmlns="http://schema.primaresearch.org/PAGE/gts/pagecontent/2019-07-15" xmlns:xsi="http://www.w3.org/2001/XMLSchema-instance" xsi:schemaLocation="http://schema.primaresearch.org/PAGE/gts/pagecontent/2019-07-15 http://schema.primaresearch.org/PAGE/gts/pagecontent/2019-07-15/pagecontent.xsd">
  <Metadata>
    <Creator>OCR4all</Creator>
    <Created>2022-01-21T16:17:15</Created>
    <LastChange>2022-01-21T16:17:15</LastChange>
  </Metadata>
  <Page imageFilename="0068.png" imageHeight="1743" imageWidth="1000">
    <TextRegion id="r0" type="paragraph" orientation="0.125">
      <Coords points="1,1 998,1 998,1741 1,1741"/>
      <TextLine id="r0_l001">
        <Coords points="246,141 772,140 772,96 246,97 246,141"/>
        <TextEquiv index="1" conf="0.8457753383977846">
          <Unicode>PÆOPHILUS,</Unicode>
        </TextEquiv>
      </TextLine>
      <TextLine id="r0_l002">
        <Coords points="125,132 159,132 159,103 125,103 125,132"/>
        <TextEquiv index="1" conf="0.8350873216986656">
          <Unicode>S</Unicode>
        </TextEquiv>
      </TextLine>
      <TextLine id="r0_l003">
        <Coords points="995,186 997,184 996,181 997,180 997,144 996,143 995,143 994,142 989,142 988,142 988,147 988,148 679,149 677,147 462,147 461,146 457,146 456,147 217,148 215,150 130,150 129,151 128,151 127,151 127,153 127,154 125,154 124,154 124,155 124,156 123,156 122,156 122,159 122,160 120,160 119,160 119,173 119,174 118,174 117,174 118,175 119,175 120,176 123,176 124,175 155,175 156,174 222,174 223,173 516,172 516,179 517,180 522,180 523,178 523,176 524,176 833,175 833,176 833,182 835,183 838,183 839,184 987,184 988,184 988,185 988,186 995,186"/>
        <TextEquiv index="1" conf="0.9819878357751616">
          <Unicode>fortè ad nbs diverteris æſtate proximâ, iſtum Pſeudogenem</Unicode>
        </TextEquiv>
      </TextLine>
      <TextLine id="r0_l004">
        <Coords points="992,229 993,228 994,228 997,225 997,189 996,188 996,186 995,186 799,186 798,185 726,186 725,185 487,185 487,184 486,183 484,183 483,184 211,185 210,186 210,194 209,195 186,195 185,196 129,196 128,197 121,197 120,198 118,198 118,211 118,212 201,212 202,212 202,213 202,214 297,213 298,214 298,220 304,220 305,220 305,219 305,218 437,218 438,218 438,217 438,216 439,216 441,214 687,214 688,213 987,212 988,212 988,228 988,229 992,229"/>
        <TextEquiv index="1" conf="0.9872308759173999">
          <Unicode>mone, ut nobiſcum agat humano more, &amp; ſe hominem</Unicode>
        </TextEquiv>
      </TextLine>
      <TextLine id="r0_l005">
        <Coords points="134,263 135,262 135,249 145,249 146,248 164,248 165,248 165,251 165,252 177,252 178,252 178,253 178,254 179,254 180,253 180,252 205,252 206,251 206,247 240,247 242,248 242,261 242,262 243,262 245,260 245,247 288,246 289,247 378,247 379,248 379,251 381,251 382,250 424,250 425,250 425,247 425,246 443,246 444,247 445,247 446,246 459,246 460,245 484,245 486,244 486,241 484,239 473,239 473,233 472,232 472,231 471,230 471,228 470,227 470,228 470,229 469,229 446,229 446,223 444,221 442,221 441,222 400,222 399,221 397,224 397,230 396,230 376,230 375,229 374,230 345,230 345,225 344,224 342,224 342,225 342,230 341,230 309,230 309,224 305,220 298,220 297,221 287,221 286,222 284,222 284,223 284,230 283,230 223,231 223,230 223,224 221,223 212,223 211,224 186,224 185,223 168,223 167,222 167,231 166,232 155,232 154,231 152,231 150,233 127,233 127,232 127,224 126,224 125,224 124,223 123,223 122,224 118,224 117,225 118,226 118,248 118,249 133,249 134,249 134,262 134,263"/>
        <TextEquiv index="1" conf="0.9483486941208443">
          <Unicode>hominibus dòminari ſciat.</Unicode>
        </TextEquiv>
      </TextLine>
      <TextLine id="r0_l006">
        <Coords points="432,289 650,288 650,258 432,259 432,289"/>
        <TextEquiv index="1" conf="0.7983115102563586">
          <Unicode>CHRYS.</Unicode>
        </TextEquiv>
      </TextLine>
      <TextLine id="r0_l007">
        <Coords points="127,337 289,337 289,293 127,293 127,337"/>
        <TextEquiv index="1" conf="0.9638873462875684">
          <Unicode>Mqebo.</Unicode>
        </TextEquiv>
      </TextLine>
      <TextLine id="r0_l008">
        <Coords points="397,360 573,359 573,330 397,331 397,360"/>
        <TextEquiv index="1" conf="0.9804717153310776">
          <Unicode>AGR.</Unicode>
        </TextEquiv>
      </TextLine>
      <TextLine id="r0_l009">
        <Coords points="153,400 646,399 646,367 153,368 153,400"/>
        <TextEquiv index="1" conf="0.9653214401401141">
          <Unicode>Vale tu, &amp; ille. Ambo bene vivite.</Unicode>
        </TextEquiv>
      </TextLine>
      <TextLine id="r0_l010">
        <Coords points="586,433 586,432 586,428 587,428 589,428 590,426 588,426 587,425 587,421 586,420 567,420 566,419 566,415 564,415 563,415 563,419 563,420 525,420 524,419 355,419 354,420 292,420 291,421 292,422 292,423 294,425 294,426 300,431 329,431 330,432 522,432 523,433 586,433"/>
        <TextEquiv index="1" conf="0.5805322527885437">
          <Unicode>PV</Unicode>
        </TextEquiv>
      </TextLine>
      <TextLine id="r0_l011">
        <Coords points="989,462 990,461 991,461 992,460 993,460 995,457 995,456 996,455 996,431 997,430 996,430 995,429 995,421 994,420 993,420 992,419 991,419 990,418 988,418 987,419 681,420 680,419 672,419 671,420 609,420 608,420 608,425 608,426 606,426 605,426 605,432 605,433 302,433 301,433 301,432 301,431 300,431 294,425 271,425 270,425 270,421 270,420 145,421 144,420 143,421 136,421 134,422 134,425 134,426 133,426 132,426 132,432 132,433 119,433 118,433 118,437 118,438 116,438 115,438 115,440 117,442 118,442 118,447 119,448 125,448 125,462 126,463 127,463 127,462 127,453 128,453 196,453 196,452 196,448 197,448 573,447 573,450 574,451 575,451 576,450 661,450 661,449 661,448 662,448 987,447 987,461 988,462 989,462"/>
        <TextEquiv index="1" conf="0.6020897841701905">
          <Unicode>,a Pxxxa ,,,,</Unicode>
        </TextEquiv>
      </TextLine>
      <TextLine id="r0_l012">
        <Coords points="283,507 800,506 800,461 283,462 283,507"/>
        <TextEquiv index="1" conf="0.8786858171224594">
          <Unicode>SCENA III.</Unicode>
        </TextEquiv>
      </TextLine>
      <TextLine id="r0_l013">
        <Coords points="195,556 196,555 269,555 269,554 269,553 270,552 390,552 391,551 463,551 463,545 464,544 517,544 518,543 794,542 795,541 797,541 798,540 828,540 829,539 844,539 846,537 846,535 847,534 847,533 846,533 845,532 834,532 833,532 833,518 832,516 831,516 830,515 793,515 792,515 792,514 792,513 334,514 333,513 305,513 304,513 304,507 304,506 193,507 192,506 191,506 191,516 191,517 151,517 149,518 149,519 150,520 187,520 187,533 188,534 188,536 189,537 189,538 192,541 193,541 193,555 194,556 195,556"/>
        <TextEquiv index="1" conf="0.9189953780874159">
          <Unicode>CHRYSORIUS, CLEOBULUS.</Unicode>
        </TextEquiv>
      </TextLine>
      <TextLine id="r0_l014">
        <Coords points="473,604 474,603 636,603 636,602 474,602 473,602 474,601 643,601 643,600 474,600 473,600 474,599 481,599 482,598 564,598 564,597 564,595 565,595 591,595 592,594 599,594 599,593 599,591 600,591 607,591 609,588 609,587 608,586 595,586 594,585 594,575 593,574 592,574 591,573 448,573 444,570 444,569 443,567 432,567 430,569 429,569 428,570 428,571 426,573 426,576 425,577 425,598 408,598 407,599 408,599 440,599 473,604"/>
        <TextEquiv index="1" conf="0.8362002585615432">
          <Unicode>CHRYS.</Unicode>
        </TextEquiv>
      </TextLine>
      <TextLine id="r0_l015">
        <Coords points="142,653 143,652 144,652 145,651 145,644 147,644 148,643 148,642 149,642 151,640 152,640 154,638 361,637 362,636 763,635 764,636 986,636 986,638 987,639 993,639 993,638 993,637 994,636 994,632 995,631 995,622 996,622 997,622 997,621 997,616 995,616 994,615 994,610 993,609 993,608 992,607 991,607 990,606 989,606 988,605 866,605 865,605 865,602 864,600 714,601 713,600 713,598 701,598 700,598 700,601 700,602 503,602 502,603 128,604 127,603 127,599 124,599 123,599 123,604 123,605 114,605 112,606 113,649 113,650 122,650 123,650 123,652 123,653 142,653"/>
        <TextEquiv index="1" conf="0.8992278500097908">
          <Unicode>oLORE, quamdiu iſte hic adfuit, compreſſ ſinu;</Unicode>
        </TextEquiv>
      </TextLine>
      <TextLine id="r0_l016">
        <Coords points="991,679 993,677 993,660 994,659 994,655 995,654 994,653 994,645 993,644 992,640 991,639 900,639 899,638 489,639 488,640 349,640 348,641 349,649 348,649 181,650 179,652 144,652 143,653 122,653 122,654 123,654 124,654 124,668 124,669 292,668 293,669 293,672 294,672 295,673 984,672 985,672 985,677 985,678 989,678 990,679 991,679"/>
        <TextEquiv index="1" conf="0.9819985331594944">
          <Unicode>at nunc prodeat, &amp; effundat ſe oportet. Eſt quod de</Unicode>
        </TextEquiv>
      </TextLine>
      <TextLine id="r0_l017">
        <Coords points="75,721 987,719 988,718 989,718 992,715 992,714 993,714 994,713 994,711 995,710 995,698 994,698 993,698 993,697 993,680 991,679 990,679 989,678 886,678 886,676 885,675 73,677 73,676 73,672 72,672 42,672 42,673 42,674 70,674 71,674 71,697 72,698 75,721"/>
        <TextEquiv index="1" conf="0.9363263266414036">
          <Unicode>Pæophilo conquerar nimium quidem: at de te, Cleobule,</Unicode>
        </TextEquiv>
      </TextLine>
      <TextLine id="r0_l018">
        <Coords points="432,750 433,750 433,748 435,746 435,744 435,743 729,742 730,743 730,745 732,747 734,747 735,748 739,748 740,747 741,747 742,746 744,746 746,744 985,744 986,743 986,742 987,741 987,719 985,718 895,718 895,714 894,713 894,712 893,711 892,712 706,713 705,714 228,715 227,716 227,722 226,723 132,723 131,724 116,724 115,725 114,725 113,726 113,728 112,729 112,731 113,732 113,734 114,735 114,737 114,738 115,738 116,739 130,739 131,739 131,747 131,748 428,747 430,749 430,750 432,750"/>
        <TextEquiv index="1" conf="0.964815029493201">
          <Unicode>conqueri etiam licet, qui amicum à tanto flagitio non ab-</Unicode>
        </TextEquiv>
      </TextLine>
      <TextLine id="r0_l019">
        <Coords points="258,789 259,788 259,787 329,786 330,786 330,784 330,783 393,783 394,782 410,782 411,781 698,781 699,780 699,778 725,778 729,774 729,773 728,772 728,771 727,771 726,771 725,770 714,770 714,769 714,763 713,762 713,761 711,760 710,760 710,759 710,756 708,754 708,753 705,751 654,751 653,750 651,750 650,751 378,751 377,750 120,751 119,752 119,759 118,760 117,760 116,761 114,761 112,763 112,764 111,765 111,770 112,771 112,772 113,773 113,774 113,775 115,775 116,776 119,776 120,776 120,781 120,782 165,782 166,783 206,783 207,784 230,784 231,785 254,785 255,785 255,788 255,789 258,789"/>
        <TextEquiv index="1" conf="0.9679465206960837">
          <Unicode>duxeris, qui e ſaltem non monueris illicò.</Unicode>
        </TextEquiv>
      </TextLine>
      <TextLine id="r0_l020">
        <Coords points="522,822 523,821 590,821 591,820 591,813 593,813 594,812 594,809 601,809 603,807 603,805 601,804 600,804 599,803 589,803 589,802 589,796 588,795 588,794 586,793 583,793 582,792 445,792 445,790 443,788 442,788 441,787 433,787 432,788 431,788 430,789 429,789 428,791 428,792 426,794 426,795 425,796 425,806 426,806 427,807 427,808 428,808 430,810 463,810 464,811 469,811 470,812 470,814 471,814 472,813 585,813 586,813 586,819 585,820 521,820 521,819 521,814 520,814 519,814 518,815 518,816 519,816 520,816 520,821 520,822 522,822"/>
        <TextEquiv index="1" conf="0.7963874489068985">
          <Unicode>CLEO.B.</Unicode>
        </TextEquiv>
      </TextLine>
      <TextLine id="r0_l021">
        <Coords points="987,861 988,860 989,860 991,858 991,848 992,847 992,845 993,844 993,821 992,820 992,816 989,814 988,814 987,813 986,813 985,812 984,813 983,813 983,814 982,815 799,815 798,817 798,820 797,820 343,821 342,820 337,820 336,821 286,821 284,823 147,824 146,825 145,825 145,846 146,848 228,848 229,848 229,854 229,855 435,854 436,855 436,856 437,857 438,857 438,855 438,854 982,853 983,853 983,857 984,858 984,860 984,861 987,861"/>
        <TextEquiv index="1" conf="0.970987428051348">
          <Unicode>Nam quo illud potui modo conſilium prævertere, cujus</Unicode>
        </TextEquiv>
      </TextLine>
      <TextLine id="r0_l022">
        <Coords points="984,893 984,892 984,891 985,890 985,889 986,888 986,861 985,861 880,861 880,859 878,857 701,858 700,857 664,857 663,858 358,858 357,857 356,857 355,856 354,856 353,855 352,855 350,857 182,858 178,862 178,865 177,866 177,867 176,868 133,868 132,869 110,869 109,870 109,884 110,885 114,885 114,887 115,888 157,888 157,892 158,893 158,894 159,895 161,895 161,894 161,893 162,893 444,892 445,891 446,891 446,890 447,889 476,889 477,888 486,888 803,887 803,888 803,890 805,891 983,891 983,892 984,893"/>
        <TextEquiv index="1" conf="0.950072039598492">
          <Unicode>non fui particeps? aut qui admonere te facinoris, quod ha-</Unicode>
        </TextEquiv>
      </TextLine>
      <TextLine id="r0_l023">
        <Coords points="35,934 35,896 36,895 37,895 42,900 43,900 48,905 49,905 54,910 55,910 60,915 61,915 66,920 67,920 71,924 72,924 75,927 200,927 201,926 381,925 381,924 381,923 380,923 379,923 379,897 378,896 378,894 377,892 376,892 375,891 35,892 34,893 34,894 34,934 35,934"/>
        <TextEquiv index="1" conf="0.9839512478364142">
          <Unicode>ctenus latuit mihi?</Unicode>
        </TextEquiv>
      </TextLine>
      <TextLine id="r0_l024">
        <Coords points="419,963 601,962 601,930 419,931 419,963"/>
        <TextEquiv index="1" conf="0.7833456552055266">
          <Unicode>CHRYS.</Unicode>
        </TextEquiv>
      </TextLine>
      <TextLine id="r0_l025">
        <Coords points="691,1001 692,999 692,993 693,993 981,992 981,993 982,994 986,989 986,988 987,987 987,986 988,985 988,961 987,960 987,959 986,958 986,957 983,954 982,954 982,955 981,956 981,963 981,964 908,964 907,965 664,966 663,967 661,967 660,968 391,968 389,966 245,967 244,968 228,968 227,968 227,969 227,970 149,970 146,972 146,974 144,976 144,985 143,986 143,988 143,989 137,989 136,989 137,990 143,990 145,992 145,993 146,994 151,994 151,998 152,999 179,999 179,1001 180,1002 349,1001 349,1000 350,999 397,999 619,999 621,1001 691,1001"/>
        <TextEquiv index="1" conf="0.9825923807489184">
          <Unicode>Superi! nihili pudere juvenem, ſe poſtquam aleæ dedit?</Unicode>
        </TextEquiv>
      </TextLine>
      <TextLine id="r0_l026">
        <Coords points="990,1039 990,1038 990,997 989,996 981,996 980,996 980,1000 981,1001 981,1002 981,1003 872,1003 871,1004 422,1005 421,1004 393,1004 392,1003 387,1003 386,1004 315,1004 314,1005 120,1006 119,1007 115,1007 112,1009 112,1010 109,1013 109,1014 108,1015 108,1018 107,1019 108,1020 108,1023 109,1024 109,1025 113,1029 113,1030 114,1031 117,1031 117,1034 118,1035 118,1036 120,1038 195,1038 196,1039 441,1038 442,1039 443,1039 444,1038 578,1038 579,1037 981,1036 983,1038 985,1038 986,1039 990,1039"/>
        <TextEquiv index="1" conf="0.9677751511996496">
          <Unicode>Omnem pecuniam, ſibi quam reliquerat moriens pater, jam</Unicode>
        </TextEquiv>
      </TextLine>
      <TextLine id="r0_l027">
        <Coords points="991,1077 991,1076 991,1045 990,1044 990,1039 986,1039 985,1038 983,1038 982,1039 706,1040 705,1039 702,1039 701,1040 637,1040 636,1041 258,1042 256,1040 255,1040 253,1038 252,1038 251,1037 250,1038 249,1038 248,1038 248,1040 248,1041 216,1041 215,1042 162,1042 161,1042 161,1050 161,1051 111,1051 110,1052 107,1052 106,1052 106,1074 107,1075 108,1075 109,1076 115,1076 116,1075 117,1075 117,1074 117,1072 118,1072 444,1071 444,1072 444,1074 445,1074 453,1074 454,1073 454,1072 455,1071 754,1070 755,1071 859,1071 859,1072 859,1075 860,1075 983,1075 984,1076 988,1076 989,1077 991,1077"/>
        <TextEquiv index="1" conf="0.96436515006057">
          <Unicode>perdidiſſe? ornamenta, quibus ornata hæc fuit domus, quæ</Unicode>
        </TextEquiv>
      </TextLine>
      <TextLine id="r0_l028">
        <Coords points="982,1116 983,1115 984,1115 985,1114 986,1114 990,1110 990,1104 991,1103 990,1091 991,1090 991,1077 989,1077 988,1076 984,1076 983,1075 860,1075 859,1074 858,1074 855,1077 855,1079 854,1079 853,1080 853,1081 852,1082 852,1083 528,1084 527,1083 527,1078 264,1079 263,1078 262,1078 261,1077 198,1077 197,1078 195,1078 194,1079 144,1079 143,1079 143,1086 143,1087 133,1087 132,1088 108,1088 107,1088 107,1090 109,1092 109,1094 110,1095 110,1099 111,1100 112,1100 113,1100 113,1101 113,1102 131,1102 132,1103 169,1103 170,1103 170,1108 170,1109 171,1109 172,1110 174,1110 176,1108 654,1107 655,1107 655,1109 655,1110 765,1109 766,1110 766,1111 980,1111 981,1111 981,1115 981,1116 982,1116"/>
        <TextEquiv index="1" conf="0.991720292365776">
          <Unicode>vel ipſi dederam vel emerat de meo, quæcunque auferre</Unicode>
        </TextEquiv>
      </TextLine>
      <TextLine id="r0_l029">
        <Coords points="110,1150 111,1149 111,1147 115,1147 116,1146 574,1145 575,1146 583,1146 584,1145 584,1144 602,1144 603,1143 603,1139 609,1139 610,1138 865,1137 866,1138 866,1144 875,1144 876,1144 876,1142 876,1141 981,1141 982,1140 982,1116 981,1116 905,1116 905,1114 904,1113 903,1113 902,1112 833,1112 832,1111 831,1111 830,1110 793,1110 792,1111 764,1111 763,1112 348,1113 346,1111 342,1111 341,1112 254,1113 253,1114 232,1114 231,1115 173,1115 173,1121 172,1122 143,1122 141,1124 107,1124 106,1125 105,1125 105,1144 104,1145 104,1146 104,1147 106,1147 107,1148 109,1148 110,1148 110,1149 110,1150"/>
        <TextEquiv index="1" conf="0.9770402333508897">
          <Unicode>potuit, abſtuliſſe? nec ſatis! etiam prædium vendidiſſe opti-</Unicode>
        </TextEquiv>
      </TextLine>
      <TextLine id="r0_l030">
        <Coords points="986,1190 987,1189 988,1189 990,1187 990,1150 991,1149 991,1148 990,1147 990,1142 988,1141 981,1141 981,1144 980,1145 980,1154 979,1155 653,1156 653,1155 653,1152 652,1151 652,1150 651,1150 552,1150 551,1149 377,1149 375,1147 374,1147 373,1146 371,1146 370,1147 182,1148 181,1149 181,1150 180,1151 109,1151 109,1159 108,1160 104,1160 103,1161 103,1174 103,1175 112,1175 113,1175 113,1179 113,1180 207,1180 208,1180 208,1181 208,1182 210,1182 211,1183 417,1182 418,1183 622,1183 623,1182 978,1181 979,1181 979,1183 980,1184 980,1189 980,1190 986,1190"/>
        <TextEquiv index="1" conf="0.9624085079878568">
          <Unicode>mum? quanti verò? Scire nil refert, qui quantum quantum</Unicode>
        </TextEquiv>
      </TextLine>
      <TextLine id="r0_l031">
        <Coords points="103,1220 803,1219 803,1184 103,1185 103,1220"/>
        <TextEquiv index="1" conf="0.9673907102303619">
          <Unicode>ex illo accepit pretii, totum id projecit malè.</Unicode>
        </TextEquiv>
      </TextLine>
      <TextLine id="r0_l032">
        <Coords points="133,1270 134,1269 134,1267 257,1267 258,1266 258,1264 529,1263 530,1263 530,1267 530,1268 531,1268 532,1267 666,1267 668,1265 668,1264 763,1263 764,1262 886,1262 887,1262 887,1260 887,1259 979,1259 981,1257 981,1256 982,1255 982,1254 983,1253 983,1230 982,1229 982,1228 981,1227 981,1226 979,1225 979,1230 978,1231 797,1231 795,1233 701,1234 700,1235 668,1235 667,1236 363,1236 362,1235 269,1236 268,1235 231,1235 230,1234 228,1236 199,1236 199,1240 198,1241 197,1241 196,1242 196,1249 195,1250 183,1250 182,1251 157,1251 156,1252 126,1252 125,1253 109,1253 109,1254 109,1255 115,1255 116,1255 116,1258 118,1260 118,1263 119,1264 119,1265 119,1266 128,1266 129,1266 129,1269 129,1270 133,1270"/>
        <TextEquiv index="1" conf="0.6852969353397688">
          <Unicode>t,,</Unicode>
        </TextEquiv>
      </TextLine>
      <TextLine id="r0_l033">
        <Coords points="230,1324 729,1323 729,1275 230,1276 230,1324"/>
        <TextEquiv index="1" conf="0.8803364738821984">
          <Unicode>SCENA IV.</Unicode>
        </TextEquiv>
      </TextLine>
      <TextLine id="r0_l034">
        <Coords points="199,1369 199,1368 199,1359 200,1359 273,1358 274,1357 281,1357 281,1358 281,1360 282,1360 282,1358 283,1357 401,1357 402,1358 422,1358 424,1360 425,1360 426,1361 427,1360 486,1360 486,1358 487,1357 657,1357 658,1356 781,1355 782,1356 783,1356 784,1357 818,1357 819,1358 873,1358 874,1357 875,1357 878,1354 878,1352 877,1351 877,1350 877,1349 876,1349 875,1349 875,1348 875,1347 865,1347 864,1347 864,1335 861,1331 860,1331 859,1330 856,1330 855,1331 791,1331 790,1330 762,1330 761,1329 696,1330 695,1331 619,1331 618,1332 600,1332 599,1331 599,1323 598,1323 596,1323 596,1331 596,1332 553,1332 552,1333 442,1333 441,1332 378,1332 377,1331 367,1331 366,1332 308,1332 307,1331 272,1331 271,1330 270,1331 269,1332 235,1332 234,1332 234,1333 234,1334 147,1334 146,1335 141,1335 139,1337 138,1337 136,1338 136,1339 134,1341 134,1345 133,1346 133,1353 140,1360 141,1360 141,1363 142,1364 148,1364 149,1365 155,1365 156,1363 156,1360 157,1360 178,1360 179,1359 191,1359 191,1368 192,1369 199,1369"/>
        <TextEquiv index="1" conf="0.8846340697163192">
          <Unicode>CHRYSORIUS, MEGACHRYSUS,</Unicode>
        </TextEquiv>
      </TextLine>
      <TextLine id="r0_l035">
        <Coords points="349,1399 656,1398 656,1367 349,1368 349,1399"/>
        <TextEquiv index="1" conf="0.8720681704580784">
          <Unicode>CLEOBULUS.</Unicode>
        </TextEquiv>
      </TextLine>
      <TextLine id="r0_l036">
        <Coords points="440,1449 564,1448 564,1418 440,1419 440,1449"/>
        <TextEquiv index="1" conf="0.9116834680239361">
          <Unicode>M EG.</Unicode>
        </TextEquiv>
      </TextLine>
      <TextLine id="r0_l037">
        <Coords points="258,1497 258,1496 258,1486 259,1486 364,1485 364,1484 368,1480 449,1480 450,1479 450,1478 449,1477 449,1476 448,1474 440,1474 438,1473 438,1472 438,1471 436,1471 435,1471 435,1470 434,1469 435,1468 509,1468 509,1467 509,1466 435,1466 432,1463 416,1463 415,1462 396,1462 395,1462 395,1456 393,1453 293,1453 292,1453 292,1450 291,1449 291,1448 291,1447 290,1447 289,1448 289,1449 288,1450 284,1450 281,1453 281,1454 262,1455 261,1456 120,1456 119,1457 118,1457 117,1458 116,1458 114,1459 114,1469 113,1470 113,1472 112,1473 112,1476 111,1477 111,1478 110,1479 110,1481 108,1483 108,1486 107,1487 108,1488 251,1488 251,1491 252,1492 255,1492 255,1493 256,1494 256,1496 257,1497 258,1497"/>
        <TextEquiv index="1" conf="0.8668323027525554">
          <Unicode>A8OS ſalvere jubeo.</Unicode>
        </TextEquiv>
      </TextLine>
      <TextLine id="r0_l038">
        <Coords points="415,1519 596,1518 596,1491 415,1492 415,1519"/>
        <TextEquiv index="1" conf="0.8374043690661589">
          <Unicode>CHRIS.</Unicode>
        </TextEquiv>
      </TextLine>
      <TextLine id="r0_l039">
        <Coords points="62,1563 479,1563 479,1519 62,1519 62,1563"/>
        <TextEquiv index="1" conf="0.961706703123839">
          <Unicode>Salvus ſis, Megechryſe.</Unicode>
        </TextEquiv>
      </TextLine>
      <TextLine id="r0_l040">
        <Coords points="124,1740 124,1697 9,1698 9,1741 124,1740"/>
        <TextEquiv index="1" conf="0.3335761030515035">
          <Unicode>â-</Unicode>
        </TextEquiv>
      </TextLine>
    </TextRegion>
  </Page>
</PcGts>