1000 1743
326 96 727 141 PECOPHILUS,

135 103 152 132 58

124 142 180 186 forte
196 142 220 186 ad
236 142 276 186 nos
292 142 411 186 diverteris
439 142 503 186 æſtate
519 142 639 186 proximâ,
655 142 714 186 iſtuim
746 142 910 186 Pſeudogenem

131 183 204 229 mone,
233 183 251 229 ut
270 183 390 229 nobiſcum
412 183 460 229 agat
485 183 588 229 humano
613 183 686 229 more,
719 183 734 229 &
760 183 774 229 ſe
796 183 909 229 hominem

122 220 258 263 hominibus
284 220 401 263 dominari
419 220 481 263 ſciat.

444 258 610 289 CAHRYS.

159 293 279 337 Moebo.

463 330 566 360 AGR.

167 367 209 400 Vale
228 367 262 400 tu,
289 367 300 400 &
319 367 361 400 ilfe.
392 367 464 400 Ambo
483 367 536 400 bene
563 367 639 400 vivite.

482 415 482 433 X

143 418 296 463 *.̃.nnc
412 418 753 463 XXXXXXXXXXA.VX.
784 418 910 463 .*A*..

307 461 313 507 S
383 461 389 507 C
453 461 459 507 E
517 461 605 507 NA
692 461 751 507 III.

204 506 518 556 cHRYSORIUS,
559 506 842 556 CLEOBULUS.

442 567 442 604 C
516 567 604 604 RIS.

176 598 203 653 0
226 598 329 653 oEE,
356 598 460 653 quamdiu
487 598 523 653 iſte
545 598 577 653 hie
595 598 685 653 adfuit,
712 598 824 653 compreſſ
856 598 919 653 ſinu;

178 638 198 679 at
217 638 278 679 nune
297 638 405 679 prodeat,
431 638 447 679 &
470 638 573 679 efundat
589 638 604 679 ſe
627 638 727 679 oportet.
757 638 784 679 Eſt
807 638 868 679 quod
895 638 914 679 de

125 672 251 721 Pærophilo
277 672 402 721 conquerar
420 672 515 721 nimium
537 672 645 721 quidem:
662 672 680 721 at
706 672 723 721 de
736 672 766 721 te,
797 672 914 721 Cieobule.

120 711 228 750 conqueri
246 711 305 750 etiam
333 711 396 750 licet,
424 711 458 750 qui
472 711 570 750 amicum
595 711 595 750 à
619 711 678 750 tanto
699 711 787 750 ſlagitio
811 711 849 750 non
874 711 909 750 ab-

121 750 221 789 duxeris
247 750 282 789 qui
305 750 331 789 me
351 750 419 789 ſaltem
450 750 488 789 non
523 750 633 789 monueris
649 750 721 789 illicò.

438 787 442 822 C
479 787 550 822 LEO
583 787 600 822 B.

152 812 200 861 Nam
228 812 268 861 quo
284 812 340 861 illud
360 812 423 861 potui
451 812 511 861 modo
535 812 647 861 eonſilium
675 812 826 861 prævertere,
854 812 910 861 euius

114 855 151 895 non
180 855 206 895 fui
228 855 353 895 particeps:
382 855 418 895 aut
433 855 470 895 qui
481 855 613 895 admonere
627 855 642 895 te
660 855 785 895 facinoris,
803 855 862 895 quod
876 855 913 895 ha-

121 891 196 934 ctenus
216 891 283 934 latuit
312 891 374 934 mihi?

430 930 434 963 C
462 930 598 963 HRIS.

151 954 231 1002 Superi
263 954 331 1002 nihili
343 954 426 1002 pudere
454 954 570 1002 uvenem,
590 954 606 1002 ſe
622 954 741 1002 poſtquam
761 954 813 1002 aleæ
837 954 909 1002 dedit?

123 996 211 1039 Omnem
233 996 365 1039 uecuniam,
379 996 420 1039 ſibi
434 996 496 1039 quam
522 996 646 1039 reliquerat
672 996 763 1039 moriens
774 996 851 1039 pater,
873 996 902 1039 am

111 1037 251 1077 perdidiſſe?
269 1037 423 1077 nornamenta,
445 1037 526 1077 quibus
544 1037 617 1077 ornata
636 1037 680 1077 hæe
698 1037 735 1077 fuit
757 1037 845 1077 domus,
867 1037 911 1077 quæ

112 1074 145 1116 vel
164 1074 200 1116 ipſi
226 1074 321 1116 dederam
354 1074 383 1116 vel
409 1074 489 1116 emerat
522 1074 537 1116 de
566 1074 621 1116 meo,
654 1074 793 1116 quæcunque
815 1074 910 1116 auferre

110 1110 198 1150 notuit,
217 1110 347 1150 abſtuliſſe?
363 1110 401 1150 nec
416 1110 474 1150 ſatis:
496 1110 554 1150 etiam
577 1110 695 1150 prædium.
711 1110 837 1150 vendidiſſe
856 1110 909 1150 opti-

118 1141 186 1190 mum?
210 1141 290 1190 qnanti
310 1141 374 1190 verò?
397 1141 457 1190 Scire
473 1141 501 1190 nil
517 1141 597 1190 refert,
617 1141 649 1190 qui
665 1141 772 1190 quantum
796 1141 900 1190 quantum

110 1184 130 1220 ex
150 1184 186 1220 illo
202 1184 290 1220 aecepit
318 1184 397 1220 pretii,
413 1184 485 1220 totum
509 1184 533 1220 id
553 1184 648 1220 projecit
676 1184 740 1220 malè.

189 1225 378 1270 ..A...*.
426 1225 885 1270 A.AA..A.X..A.A.

301 1275 382 1324 SC
447 1275 452 1324 E
511 1275 732 1324 NAIV.

155 1323 155 1369 C
189 1323 463 1369 HRI.SORIUS,
502 1323 872 1369 MEGACIRISUS,

366 1367 366 1399 C
400 1367 574 1399 LEOBUL
637 1367 656 1399 S.

445 1418 471 1449 M
501 1418 557 1449 EG.

169 1447 238 1497 IBOS
260 1447 342 1497 ſaſvere
364 1447 446 1497 iubeo.

430 1491 594 1519 CRIS.

141 1519 220 1563 Salvus
241 1519 278 1563 ſis,
307 1519 473 1563 Megaehryſe.

67 1697 67 1741 E
