1000 1743
555 91 652 106 YTY

243 92 251 119 D
279 92 395 119 RA
367 92 407 119 MA
475 92 475 119 C
506 92 510 119 O
534 92 582 119 I
690 92 714 119 Vi.

849 99 871 143 S59

415 143 439 168 M
470 143 526 168 EG.

127 178 259 217 Opportunè
279 178 307 217 te,
343 178 454 217 Chryſori,
474 178 606 217 præſentem
633 178 713 217 habeo.
745 178 773 217 Eſt
797 178 869 217 eni,

78 212 92 258 in
121 212 161 258 quo
187 212 300 258 eonſilium
329 212 443 258 expoſeam
468 212 545 258 tuum.

394 254 398 285 C
432 254 557 285 LEOOB.

117 287 155 321 Me
174 287 262 321 fortaſſe
277 287 330 321 hinc
346 287 456 321 abſentem
487 287 548 321 velis?

418 327 532 358 MEG.

120 348 188 398 Immo
212 348 316 398 conſiſte,
344 348 455 398 Cleobule.
487 348 547 398 Pauea
571 348 599 398 te,
631 348 746 398 Chryſori,
770 348 830 398 ſuper
850 348 878 398 il-

81 385 105 441 lis
129 385 217 441 ædibus,
233 385 276 441 quæ
296 385 372 441 fratris
388 385 416 441 tui
432 385 535 441 fuerant,
559 385 651 441 rogitem
675 385 735 441 ſine.

397 436 402 470 C
431 436 559 470 HRIS.

134 468 183 511 Quas
204 468 307 511 loqueris
332 468 394 511 ædes?

419 510 447 539 M
479 510 535 539 EG.

119 541 163 582 Illas
193 541 237 582 ædes
251 541 339 582 amplas
357 541 372 582 in
405 541 515 582 proximo
540 541 624 582 ſtantes
646 541 694 582 foro
712 541 760 582 altis
782 541 873 582 portiei-

87 568 123 622 bus
139 568 271 622 inſtructas.
299 568 391 622 Stupes?
411 568 459 622 illas
475 568 547 622 annon
583 568 671 622 deſigno
691 568 755 622 ſatis?

401 618 405 650 C
433 618 445 650 H
480 618 564 650 RYS.

121 654 171 695 Satis
190 654 312 695 ſuperque.
347 654 400 695 Ouid
419 654 488 695 autem
523 654 538 695 de
557 654 603 695 illis
618 654 767 695 interrogas?

418 693 441 722 M
475 693 479 722 E
513 693 532 722 G.

120 724 237 763 Nunquid
255 724 266 763 in
288 724 310 763 iis
324 724 386 763 lateat
408 724 467 763 vitii?
485 724 503 763 an
533 724 580 763 malè
595 724 631 763 ſint
657 724 788 763 materiatæ?
807 724 821 763 an
843 724 880 763 pa-

89 757 159 804 rietes
185 757 232 804 malè
254 757 423 804 coagmentati,
445 757 478 804 aut
511 757 581 804 minùs
599 757 672 804 ſolido
694 757 797 804 impoſiti
823 757 882 804 ſolo?

94 794 114 842 Id
138 794 182 842 verò
206 794 258 842 ſcire
274 794 366 842 iniereſt
394 794 446 842 meâ:
466 794 538 842 neque
558 794 570 842 tu
594 794 670 842 apertè
690 794 706 842 &
722 794 834 842 candidè,
850 794 882 842 id.

98 834 190 875 opinor,
218 834 282 875 dicere
302 834 406 875 abnuas?

409 874 413 908 C
441 874 567 908 HRYS.

124 906 146 948 An
172 906 187 948 tu
212 906 260 948 illas
286 906 333 948 ædes
355 906 406 948 velis
428 906 579 948 conducere?

431 946 455 978 M
486 946 542 978 EG.

141 979 181 1021 Quin
209 979 285 1021 potiùs
309 979 381 1021 emere
401 979 480 1021 velim,
500 979 520 1021 &
540 979 588 1021 aliis
608 979 700 1021 loeare.

394 1019 398 1049 C
426 1019 438 1049 H
466 1019 554 1049 RYS.

133 1051 273 1095 Pærophilus
293 1051 340 1095 illas
356 1051 372 1095 an
404 1051 503 1095 deerevit
523 1051 635 1095 vendere?

427 1092 488 1120 ME
522 1092 541 1120 G.

127 1125 169 1160 Non
196 1125 230 1160 ille
253 1125 356 1160 quidem.
391 1125 471 1160 Neque
494 1125 540 1160 verò
563 1125 594 1160 his
616 1125 697 1160 vendat
712 1125 781 1160 idem.
815 1125 854 1160 Sed
873 1125 888 1160 is

101 1154 186 1198 venales
205 1154 331 1198 proponit,
350 1154 385 1198 qui
400 1154 419 1198 ab
442 1154 480 1198 illo
500 1154 572 1198 nuper
595 1154 660 1198 emit.

410 1199 415 1241 C
443 1199 571 1241 HRRS.

147 1232 190 1269 Quis
207 1232 242 1269 ille
263 1232 328 1269 veròô?

428 1270 453 1307 M
487 1270 487 1307 E
524 1270 537 1307 G.

146 1294 176 1344 Qui
196 1294 322 1344 contiguam
341 1294 383 1344 illis
398 1294 448 1344 ipſis
471 1294 543 1344 ædibus
563 1294 627 1344 habet
650 1294 777 1344 ædiculam;
803 1294 830 1344 vir
845 1294 887 1344 toto

100 1334 203 1384 corporis
222 1334 272 1384 eultu
299 1334 417 1384 ſordidus,
440 1334 459 1384 &
479 1334 536 1384 dives
547 1334 616 1384 auro,
639 1334 773 1384 qui
685 1334 785 1384 ·
697 1334 800 1384 ·
712 1334 815 1384 ·
854 1334 892 1384 uo-

108 1374 172 1416 modo
192 1374 304 1416 appellas?
328 1374 440 1416 neminem
468 1374 528 1416 noſti
556 1374 632 1416 magis.

418 1416 422 1456 C
458 1416 458 1456 L
494 1416 494 1456 E
525 1416 533 1456 O
565 1416 581 1456 B.

140 1447 261 1483 Harpagus
282 1447 386 1483 fortaſſe?

438 1486 466 1518 M
497 1486 552 1518 EG.

140 1519 182 1564 Ipſe
198 1519 331 1564 Harpagns.
356 1519 369 1564 Is
385 1519 410 1564 ad
439 1519 464 1564 me
489 1519 547 1564 venit
568 1519 651 1564 hodie,
681 1519 697 1564 &
718 1519 764 1564 quia
793 1519 839 1564 mihi
859 1519 897 1564 nu-

13 1689 261 1741 lte
