1000 1743
331 91 737 126 PEAOPHILUS,

128 91 152 128 6o

132 138 227 182 meratam
256 138 304 182 heri
322 138 439 182 pecuniam
461 138 549 182 andiit,
567 138 611 182 illas
633 138 680 182 ædes
702 138 794 182 obtulit.
830 138 911 182 Timui,

121 178 158 221 ne,
178 178 211 221 qui
225 178 261 221 tam
288 178 321 221 citò
341 178 365 221 ex
378 178 485 221 emptore
505 178 538 221 fiat
558 178 671 221 venditor,
691 178 755 221 (nam
785 178 835 221 emit
851 178 855 221 à
875 178 914 221 die-

119 213 159 258 bus
177 213 331 258 quindecim)
353 213 434 258 timui,
448 213 470 258 ne
489 213 540 258 quid
554 213 606 258 fortè
617 213 745 258 adverterit
763 213 825 258 vitii;
847 213 910 258 venio

118 250 143 294 ad
158 250 187 294 te,
209 250 228 294 &
246 250 334 294 quæro,
356 250 403 294 num
432 250 476 294 ædes
491 250 535 294 illas
557 250 582 294 me
593 250 637 294 tutò
655 250 714 294 poſſe
729 250 805 294 eredas
820 250 908 294 emere.

436 292 440 319 C
508 292 594 319 RYS.

156 324 199 371 Hae
225 324 245 371 de
264 324 283 371 re
310 324 463 371 Pæzophilus,
490 324 524 371 qui
543 324 620 371 habuit
643 324 662 371 &
685 324 800 371 vendidit,
838 324 911 371 melius

127 361 204 400 docere
222 361 240 400 te
262 361 346 400 poteſt.

458 401 568 428 MEG.

167 433 225 479 Quod
250 433 342 479 dederis,
362 433 383 479 id
404 433 441 479 ego
458 433 537 479 ſponte
562 433 670 479 conſilium
699 433 787 479 ſequar.

437 474 597 505 CHRYS.

154 508 239 549 Ipſum,
266 508 377 549 inquam,
396 508 515 549 alloquere
545 508 710 549 Pæzophilum.

449 548 506 574 ME
543 548 557 574 G.

150 579 212 623 Illum
231 579 296 623 aiunt
307 579 383 623 abeſſe.
414 579 452 623 Sed
467 579 555 623 redibo,
578 579 597 623 &
605 579 723 623 alloquar.
754 579 788 623 Vos
804 579 842 623 ego
865 579 903 623 mc-

117 616 157 659 rari
175 616 282 659 pluribus
300 616 381 659 nolim.
410 616 483 659 Ambo
505 616 557 659 ſalvi
586 616 597 659 &
615 616 696 659 hilares
718 616 799 659 vivite.

434 659 475 686 CH
506 659 592 686 RIS.

154 690 320 733 Megaehryſe,
354 690 408 733 vale.

672 740 672 761 A
766 740 766 761 4
828 740 828 761 X

142 741 205 757 4X
235 741 235 757 X
265 741 265 757 X
296 741 296 757 Y
326 741 326 757 X

159 744 563 775 XXX
531 744 531 775 X
626 744 655 775 XX

301 788 306 831 S
374 788 380 831 C
448 788 454 831 E
510 788 533 831 N
590 788 595 831 A
692 788 708 831 V.

141 837 511 876 CIRRSORIUS,
546 837 886 876 CLEOBULUS.

424 894 588 921 CHHRYS.

154 928 177 974 IX
200 928 238 974 ſum
261 928 323 974 apud
353 928 384 974 me.
414 928 437 974 Ita
468 928 586 974 diſerucior
602 928 694 974 animol
720 928 739 974 ita
770 928 793 974 me
804 928 862 974 alius
877 928 896 974 ex

163 964 203 1007 alio
225 964 324 1007 nuneius
339 964 423 1007 obruitl
453 964 530 1007 Neque
548 964 563 1007 tu
596 964 610 1007 de
629 964 662 1007 illâ
684 964 819 1007 venditione
834 964 897 1007 quid-

109 998 165 1040 quam
193 998 300 1040 inaudiſti
319 998 395 1040 priùs?

424 1041 428 1073 C
461 1041 540 1073 LEO
573 1041 590 1073 B.

145 1072 171 1116 Ne
202 1072 294 1116 vivam,
325 1072 336 1116 ſi
355 1072 409 1116 quid
424 1072 524 1116 audivi,
555 1072 589 1116 aut
608 1072 620 1116 ſi
639 1072 674 1116 qua
704 1072 777 1116 oborta
800 1072 896 1116 ſuſpicio

102 1111 153 1153 fuit.

424 1141 428 1178 C
457 1141 584 1178 HRIS.

144 1180 271 1225 Perſidum,
290 1180 413 1225 infndum
440 1180 516 1225 caputl
555 1180 612 1225 Quod
635 1180 681 1225 mihi
697 1180 792 1225 præſens
804 1180 885 1225 utinam

107 1218 165 1248 detur
193 1218 269 1248 modol

420 1259 420 1287 C
456 1259 532 1287 LEO
560 1259 580 1287 B.

155 1284 184 1339 Quò
209 1284 297 1339 pergis?

416 1328 420 1356 C
448 1328 576 1356 HRYS.

144 1363 248 1403 Quoniam
272 1363 324 1403 furit
348 1363 395 1403 ille;
431 1363 455 1403 me
475 1363 535 1403 juvat
555 1363 670 1403 inſanire,
694 1363 710 1403 &
730 1363 786 1403 illum
814 1363 878 1403 palam

100 1400 212 1435 quærere,
240 1400 303 1435 palam
328 1400 429 1435 alloqui.

422 1439 426 1468 C
458 1439 584 1468 LEOB.

144 1472 185 1509 Quin
214 1472 291 1509 potiùs
313 1472 415 1509 expecta,
445 1472 489 1509 dum
514 1472 551 1509 ille
569 1472 584 1509 ſe
606 1472 686 1509 referat
704 1472 811 1509 domum:
836 1472 877 1509 dum

96 1508 142 1551 tuus
165 1508 242 1551 reſidat
265 1508 380 1551 paululùm
418 1508 491 1551 dolor,
530 1508 545 1551 &
568 1508 606 1551 ille
633 1508 775 1551 tempeſtivis
806 1508 886 1551 corrigi

104 1543 192 1579 monitis
214 1543 290 1579 quear.

35 1696 97 1741 i-

210 1707 237 1735 eita
