1000 1743
258 80 267 123 D
293 80 418 123 RAMA
483 80 521 123 CO
625 80 724 123 CCM.

859 102 878 143 61

402 146 441 171 CH
478 146 561 171 RIS.

134 169 182 220 Quid
204 169 335 220 tempeſtiva
357 169 459 220 loqueris
489 169 580 220 monita?
613 169 693 220 corrigi
712 169 730 220 an
759 169 817 220 etiam
839 169 876 220 po-

87 206 137 258 teſt,
160 206 194 258 qui
213 206 229 258 ſe
244 206 339 258 fortunis
355 206 397 258 ipſe
412 206 519 258 ſpoliavit
538 206 645 258 omnibus
676 206 710 258 qui
733 206 756 258 me
771 206 809 258 jam
828 206 874 258 ſpo-

83 249 118 297 liat
146 249 206 297 meis?
230 249 279 297 Nam
307 249 310 297 à
335 249 429 297 Geronte
450 249 509 297 quem
530 249 618 297 aceepit
635 249 680 297 heri
698 249 831 297 pecuniam,
852 249 873 297 il-

87 281 122 331 lam
152 281 237 331 oportet
260 281 348 331 Geronti
371 281 497 331 reſtituam.
520 281 528 331 ſi
547 281 647 331 liber.lis
670 281 750 331 fungar
777 281 869 331 offieium

93 321 129 374 viri
157 321 173 374 &
185 321 277 374 fungar.
297 321 321 374 At
333 321 393 374 iſtum
413 321 585 374 proſligatorem
609 321 669 374 opum
693 321 781 374 uleiſcar
797 321 877 374 probè.

401 364 405 393 C
441 364 551 393 LEOB

124 393 204 444 Peecata
231 393 277 444 ſunt
300 393 354 444 iſta,
377 393 461 444 fateor,
488 393 503 444 &
526 393 595 444 gravia
622 393 729 444 quidem,
756 393 791 444 ſed
814 393 871 444 venia

85 414 155 472 hodie
172 414 206 472 per
232 414 245 472 te
271 414 310 472 data
332 414 362 472 illi
384 414 436 472 fuit.

406 474 406 503 C
434 474 564 503 HRYS.

123 503 142 553 An
172 503 184 553 ea
207 503 303 553 ignovi,
333 503 376 553 quæ
402 503 525 553 ignorvi?
556 503 598 553 quæ
617 503 652 553 ille
678 503 724 553 clam
767 503 786 553 mo
813 503 874 553 fecit,

85 532 129 584 quæ
155 532 177 584 me
199 532 246 584 dolo
268 532 345 584 celvit
367 532 432 584 mialo;
462 532 542 584 quihus
557 532 593 584 nee
611 532 648 584 ulla
677 532 717 584 dari
736 532 809 584 venia,
834 532 871 584 nec

92 574 118 622 am
143 574 209 622 ullum
235 574 312 622 afferri
330 574 451 622 remedium
477 574 562 622 poteſt.

405 619 409 648 C
445 619 563 648 LEOB.

132 649 189 698 Quod
208 649 270 698 reſtat
285 649 369 698 unum,
388 649 407 698 id
426 649 518 698 præſtat.
549 649 618 698 Aleam
637 649 729 698 abjicit;
767 649 843 698 militiæ
855 649 870 698 ſe

83 678 181 728 addieit,
213 678 251 728 cùm
279 678 339 728 novo
363 678 440 728 genere
465 678 510 728 vitæ
538 678 601 728 mores
629 678 745 728 meditatur
766 678 853 728 novos.

403 722 564 757 CIRIS.

126 757 144 806 At
166 757 203 806 ego
221 757 254 806 jam
291 757 412 806 meditatum
437 757 522 806 habeo,
551 757 610 806 quod
635 757 650 806 de
668 757 705 806 illo
723 757 804 806 ſumam
826 757 874 806 ſup-

103 786 145 841 licii
183 786 248 841 enus.

400 836 404 867 C
437 836 557 867 LEOB.

119 866 218 911 Suecedit
236 866 328 911 aliquis.
357 866 397 911 Hos
416 866 489 911 animi
522 866 584 911 motus
603 866 695 911 preme.

152 901 272 942 XXXXX
304 901 334 942 XX
397 901 397 942 X

675 927 863 945 XX

488 924 488 940 4
580 924 580 940 X

290 929 757 958 XXTTTTXX

267 964 343 1017 SC
407 964 559 1017 ENA
652 964 693 1017 VI.

114 1006 462 1063 CIRYSORIUS
517 1006 517 1063 C
552 1006 557 1063 L
592 1006 851 1063 EOBULUS.

350 1062 354 1092 A
510 1062 562 1092 HE
594 1062 610 1092 S.

360 1112 474 1142 ATIC
499 1112 591 1142 HES.

143 1127 356 1202 ERmoleſts
372 1127 529 1202 a0ci0.

409 1187 413 1225 C
441 1187 453 1225 H
485 1187 565 1225 RIS.

121 1214 212 1259 Semper
227 1214 348 1259 commodè
359 1214 465 1259 advenis,
476 1214 487 1259 ſi
502 1214 553 1259 quid
572 1214 634 1259 operâ
649 1214 689 1259 tibi
718 1214 759 1259 pus
773 1214 799 1259 eſt
821 1214 869 1259 meâ.

365 1258 519 1297 ATICH
548 1258 596 1297 ES.

119 1287 245 1327 Miſerum,
270 1287 399 1327 infelicem,
420 1287 472 1327 luctu
507 1287 657 1327 exanimatum
688 1287 758 1327 vides,
783 1287 800 1327 &
818 1287 863 1327 ideò

93 1315 254 1368 miſerrimum,
284 1315 328 1368 quia
350 1315 463 1368 benefieio
485 1315 518 1368 non
548 1315 595 1368 licet
614 1315 643 1368 uti
661 1315 712 1368 tuo.

399 1367 403 1397 C
431 1367 442 1397 H
474 1367 557 1397 RYS.

120 1392 166 1434 Nam
200 1392 242 1434 eur?
272 1392 390 1434 eloquere.

359 1437 588 1466 ATICHES.

126 1465 164 1514 Ego
178 1465 192 1514 te
213 1465 259 1514 cuii
273 1465 318 1514 filio
332 1465 364 1514 adi
378 1465 392 1514 vi
416 1465 483 1514 mane;
504 1465 560 1514 illum
584 1465 595 1514 tu
616 1465 714 1514 paterno
731 1465 812 1514 exeipis
822 1465 871 1514 ani-

95 1492 133 1548 mo,
160 1492 214 1548 bene
233 1492 321 1548 ſperare
348 1492 363 1548 de
382 1492 398 1548 te
417 1492 432 1548 &
455 1492 474 1548 de
497 1492 620 1548 Pæzophilo
635 1492 704 1548 jubes.
731 1492 819 1548 Recedo
835 1492 869 1548 ſpe

11 1687 64 1740 llC

861 1710 922 1741 eXa.
