1000 1743
340 87 746 126 PÆÆOPIIILUS,

142 101 166 133 64

462 138 462 170 C
504 138 619 170 HRIS.

170 180 232 221 Mora
258 180 294 221 non
331 180 364 221 erit
386 180 467 221 Ionga.

416 216 647 245 ATICHES.

172 249 252 294 Stupet
264 249 372 294 animus,
404 249 471 294 hæret
503 249 587 294 ingua,
611 249 687 294 neque
707 249 770 294 quod
798 249 830 294 hie
850 249 926 294 ſentit,

138 292 167 338 illa
192 292 266 338 poteſt
287 292 373 338 eloqui.

456 324 460 354 C
488 324 616 354 HRTS.

179 351 256 405 Patrem
283 351 444 405 amplectere,
474 351 593 405 Philocles,
624 351 639 405 &
666 351 731 405 dicito
754 351 808 405 vale.

358 396 435 437 PHIL.
460 396 586 437 amplectens
610 396 708 437 patrem.

184 435 187 477 O
208 435 271 477 pater
285 435 457 477 aimantiſſime,
481 435 537 477 bene
558 435 611 477 vale.

318 468 487 511 ATYCHES
516 468 574 511 flium
600 468 739 511 amplectens.

183 495 191 543 O
214 495 240 543 fli
263 495 382 543 cariſſime,
401 495 458 543 hene
473 495 535 543 vive,
554 495 569 543 &
580 495 638 543 bene
649 495 699 543 age.
733 495 764 543 Per
787 495 810 543 me
825 495 898 543 factus
913 495 928 543 es

146 539 208 581 miſer.
245 539 274 581 Per
292 539 351 581 illum
377 539 410 581 fies
432 539 516 581 beatus.
560 539 622 581 Utrum
652 539 714 581 magis
725 539 802 581 amare
820 539 835 581 te
857 539 930 581 deceat

143 583 201 623 vide,
227 583 241 623 &
256 583 300 623 ama
322 583 380 623 illum
420 583 493 623 magis.

459 618 576 645 PHIL.

178 639 206 689 Eſt
222 639 266 689 hic,
290 639 314 689 eſt
326 639 418 689 animus
438 639 530 689 utrique
546 639 650 689 amando
666 639 714 689 par;
734 639 826 689 utrique
846 639 922 689 faeiam

140 700 201 730 ſatis.

459 726 463 765 C
492 726 620 765 ARIS.

172 762 268 797 Interiùs
291 762 352 797 ſubi,
387 762 506 797 Philocles,
532 762 548 797 &
571 762 670 797 quieſce.

472 799 591 826 PHIL.

182 828 220 876 Tibi
243 828 358 876 (patrone
381 828 461 876 dicam,
488 828 507 876 an
534 828 614 876 pater)
637 828 759 876 obſequor.

261 878 820 921 XXX.***.*...X*...σ.n.*.*.*X

830 861 865 898 xX

298 923 304 966 S
377 923 377 966 C
445 923 592 966 ENNA
688 923 779 966 VIII.

173 971 173 1030 C
203 971 542 1030 RRSORIUS,.
577 971 911 1030 CLEOBULUS.

462 1021 466 1055 C
494 1021 505 1055 H
533 1021 624 1055 RYS.

175 1047 181 1133 Q
415 1047 749 1133 l.
364 1047 490 1133 a
471 1047 560 1133 e
623 1047 623 1133 i
623 1047 749 1133 nx.
737 1047 749 1133 v,
775 1047 844 1133 ve.
920 1047 920 1133 0

451 1127 455 1160 C
488 1127 563 1160 LE0
596 1127 612 1160 B.

180 1158 242 1204 Video
271 1158 287 1204 &
316 1158 386 1204 doleo.

459 1201 459 1233 C
531 1201 617 1233 RIS.

177 1223 229 1282 Ergo
245 1223 261 1282 &
285 1223 353 1282 mirari
377 1223 456 1282 deſine,
476 1223 536 1282 quòd
556 1223 700 1282 Pæzophilum
727 1223 803 1282 genere
819 1223 915 1282 nobilem

133 1267 199 1317 nemo
218 1267 338 1317 admittere
360 1267 371 1317 in
404 1267 506 1317 familiam
532 1267 587 1317 velit.
616 1267 675 1317 Nulla
697 1267 719 1317 eſt
741 1267 847 1317 nimirum
880 1267 916 1317 tam

132 1303 188 1353 bene
209 1303 296 1353 fundata
324 1303 405 1353 opibus
429 1303 520 1353 domus,
548 1303 604 1353 quam
635 1303 670 1353 non
705 1303 789 1353 aleator
817 1303 921 1353 ludendo

136 1339 220 1384 evertat
234 1339 314 1384 brei:
342 1339 377 1384 hei
409 1339 464 1384 mihi.
492 1339 569 1384 alienis
594 1339 632 1384 hoc
653 1339 761 1384 exemplis
782 1339 800 1384 an
828 1339 866 1384 non
898 1339 922 1384 di-

138 1370 226 1428 diceram
250 1370 310 1428 ſatis;
338 1370 350 1428 ſi
366 1370 402 1428 non
434 1370 450 1428 &
466 1370 510 1428 ipſe
530 1370 670 1428 Pærophilus
686 1370 790 1428 exemplo
818 1370 926 1428 docuiſſet

134 1410 180 1461 ſuo?
211 1410 245 1461 qui
268 1410 326 1461 rem,
349 1410 383 1461 qui
402 1410 498 1461 famam,
529 1410 563 1461 tam
601 1410 636 1461 citò
659 1410 774 1461 perdidit;
804 1410 862 1461 quem
892 1410 923 1461 illi

133 1443 225 1500 fugiunt
246 1443 283 1500 ipſi
308 1443 345 1500 ejus
370 1443 403 1500 ope
424 1443 457 1500 qui
478 1443 603 1500 indigent:
640 1443 673 1500 qui
694 1443 773 1500 (quod
794 1443 806 1500 in
840 1443 919 1500 miſeriâ

131 1482 212 1533 reputo
238 1482 369 1533 miſeriarum
402 1482 537 1533 maximam)
563 1482 600 1533 qui
618 1482 720 1533 nemini,
746 1482 830 1533 etiamſi
852 1482 921 1533 velit,

131 1530 266 1571 henefacere
284 1530 322 1571 jam
346 1530 430 1571 poteſt.

808 1546 910 1601 C.02

64 1692 260 1741 E

891 1709 891 1741 r
