1000 1743
241 87 435 120 DRAMA.
475 87 718 120 COMICIM.

848 94 863 128 69

74 138 168 179 Mordet
192 138 301 179 petaſum,
325 138 447 179 obviamquo
465 138 479 179 in
507 138 566 179 ſedem
594 138 653 179 ruens
671 138 733 179 hæret
761 138 863 179 meditans

67 174 249 214 aliquantutùm.
280 174 368 214 Fortuna
396 174 486 214 mendax
528 174 553 214 ſic
581 174 602 214 me
616 174 735 214 ineſcabas
752 174 829 214 luero,
840 174 864 214 ut

77 212 102 250 me
130 212 231 250 graviore
256 212 333 250 damno
361 212 406 250 mox
420 212 592 250 poſſumdares.
623 212 704 250 Surgit.
739 212 854 250 Fortunam

68 247 169 287 accuſas?
194 247 235 287 Ipſe
256 247 274 287 te
284 247 358 287 accuſa
375 247 476 287 perſidel
501 247 550 287 Men
581 247 644 287 toties
665 247 752 287 ejuratæ
773 247 854 287 rurſum

75 284 156 323 dediſſe
174 284 292 323 peeuniam
317 284 369 323 aleæ
424 284 534 323 Decuſſatis
556 284 662 323 hracbiis,
684 284 754 323 oculos
779 284 790 323 in
823 284 864 323 rer-

74 322 111 358 rm
141 322 237 358 demittit,
274 322 304 358 Sic
324 322 397 358 fallere
414 322 483 358 nuſum
510 322 600 358 juratam
626 322 710 358 patruo
729 322 789 358 fidem
843 322 863 358 at

77 357 140 397 certè,
165 357 241 397 mutans
257 357 310 397 ſitum
336 357 434 397 corporis
452 357 490 397 cùm
522 357 642 397 vehementi
674 357 727 397 nimi
746 357 860 397 perturba-

75 393 142 431 tione,
159 393 278 431 beneficiis
306 393 348 431 ejus
376 393 492 431 pareeres;
527 393 548 431 &
569 393 600 431 illa
635 393 744 431 retineres
779 393 849 431 melſus

79 428 163 472 Perjura
186 428 274 472 lingua?
294 428 393 472 ſcelerata
420 428 524 472 dextera:
551 428 669 472 infandum
704 428 765 472 caput
811 428 865 472 Reci.

78 467 98 506 dit
121 467 131 506 in
158 467 294 506 catledram,
317 467 337 506 d&
357 467 444 506 obliquo
464 467 534 506 ſedens
554 467 654 506 corpore,
680 467 730 506 mianu
757 467 817 506 caput
837 467 864 506 fu-

72 503 131 549 ſtinet
145 503 164 549 ac
186 503 262 549 vultum
288 503 376 549 obtegit.
412 503 500 549 Perdidi
526 503 606 549 omnia.
643 503 727 549 Vulium
756 503 862 549 convertit

69 541 97 579 ad
114 541 254 579 ſpectatores,
272 541 370 579 attollens
387 541 401 579 in
422 541 485 579 cœlum
510 541 594 579 oculos:
622 541 636 579 Et
660 541 720 579 vivol
741 541 818 579 Juvat,
842 541 863 579 u-

79 577 107 615 vat
125 577 205 615 parieti
226 577 313 615 illidere
330 577 432 615 inſanum
463 577 529 615 eaput.
575 577 676 615 Frendens
700 577 721 615 ac
742 577 815 615 furens
836 577 861 615 c-

73 613 105 656 put
126 613 196 656 petſo
213 613 325 656 obvolvens
346 613 455 656 irrumpit
476 613 486 656 in
514 613 654 656 catbedrum,
672 613 710 656 qud
731 613 794 656 tectus
819 613 864 656 Pnr-

79 651 129 682 meno
148 651 243 682 latebt.

81 682 147 729 PAR.
173 682 231 729 caput
246 682 349 729 erigens,
374 682 389 729 &
404 682 477 729 brachi
506 682 550 729 ſupr
583 682 701 729 catbedram
726 682 866 729 protendens.

112 723 182 753 Here,
210 723 259 753 easve
280 723 318 753 tibi
339 723 356 753 &
384 723 444 753 mihi.

191 756 254 796 PEL.
284 756 401 796 cathiedram
428 756 507 796 furioſo
531 756 604 796 impetu
631 756 747 796 amovens.

125 794 175 830 Quid
196 794 225 830 hie
246 794 333 830 latitas,
358 794 463 830 ſceleſte?
508 794 563 830 Tune
588 794 679 830 elauſiſti
709 794 779 830 fores?
821 794 855 830 Tun

86 828 107 868 me
138 828 173 868 meâ
194 828 302 868 exeluſum
337 828 424 868 voluiſti
448 828 525 868 domo?

346 871 441 911 PAR.
485 871 590 911 Hremens.

113 906 220 940 Ignoſee.

432 942 472 967 PE
509 942 528 967 Z.

115 976 226 1014 Ignoſeo,
249 976 291 1014 dum
326 976 371 1014 mihi
390 976 482 1014 reddas,
513 976 574 1014 quod
593 976 631 1014 tibi
650 976 773 1014 argentum
803 976 864 1014 dedi.

427 1015 523 1046 PAAR.

120 1049 193 1080 Paree.

428 1085 523 1113 PÆZ.

120 1121 196 1156 Pareo,
219 1121 330 1156 inquam,
353 1121 383 1156 ſed
402 1121 482 1156 redde.

428 1159 524 1188 PAAR.

119 1191 138 1228 Id
160 1191 222 1228 paree
240 1191 339 1228 repetere
379 1191 485 1228 quod...

416 1231 420 1259 P
461 1231 461 1259 E
510 1231 510 1259 .

123 1263 156 1300 Pro
178 1263 262 1300 centum
288 1263 391 1300 nummis
416 1263 468 1300 mille
486 1263 534 1300 pòſt
552 1263 640 1300 reddam
666 1263 720 1300 tibi.

435 1303 469 1330 PA
507 1303 529 1330 R.

114 1335 160 1369 Non
186 1335 292 1369 poſſum.

430 1374 434 1402 P
510 1374 526 1402 2.

118 1405 161 1447 Non
191 1405 260 1447 dabis,
279 1405 383 1447 fureifer?
410 1405 448 1447 per
467 1405 563 1447 ſuperos
582 1405 620 1447 ego
643 1405 697 1447 te..
727 1405 789 1447 Collum
815 1405 869 1447 ſervi

97 1439 241 1481 pprehondit.

434 1481 528 1510 PAR.

119 1514 161 1552 Ahy
206 1514 264 1552 Ahyl
289 1514 327 1552 Me
347 1514 493 1552 ſtrangulas.

657 1555 700 1589 E3

204 1711 234 1735 teta
