<PcGts xmlns="http://schema.primaresearch.org/PAGE/gts/pagecontent/2019-07-15" xmlns:xsi="http://www.w3.org/2001/XMLSchema-instance" xsi:schemaLocation="http://schema.primaresearch.org/PAGE/gts/pagecontent/2019-07-15 http://schema.primaresearch.org/PAGE/gts/pagecontent/2019-07-15/pagecontent.xsd">
  <Metadata>
    <Creator>OCR4all</Creator>
    <Created>2022-01-21T16:17:15</Created>
    <LastChange>2022-01-21T16:17:15</LastChange>
  </Metadata>
  <Page imageFilename="0127.png" imageHeight="1743" imageWidth="1000">
    <TextRegion id="r0" type="paragraph" orientation="0.25">
      <Coords points="1,1 998,1 998,1741 1,1741"/>
      <TextLine id="r0_l001">
        <Coords points="336,116 604,115 604,86 336,87 336,116"/>
        <TextEquiv index="1" conf="0.7585455317582402">
          <Unicode>P TRUA.</Unicode>
        </TextEquiv>
      </TextLine>
      <TextLine id="r0_l002">
        <Coords points="819,122 873,122 873,95 819,95 819,122"/>
        <TextEquiv index="1" conf="0.6676206129292648">
          <Unicode>III</Unicode>
        </TextEquiv>
      </TextLine>
      <TextLine id="r0_l003">
        <Coords points="278,171 667,170 667,132 278,133 278,171"/>
        <TextEquiv index="1" conf="0.8677926053189569">
          <Unicode>DOLOPHILU.</Unicode>
        </TextEquiv>
      </TextLine>
      <TextLine id="r0_l004">
        <Coords points="288,212 289,211 290,211 292,208 292,206 293,205 293,204 292,203 292,202 293,202 378,202 379,201 381,201 381,200 381,196 380,195 379,195 378,194 366,194 365,193 365,187 364,187 363,186 334,186 333,185 333,181 334,180 334,177 333,177 330,177 329,178 329,185 329,186 323,186 322,185 287,185 286,184 286,176 287,175 287,174 288,173 288,171 287,171 283,171 283,174 282,175 281,175 281,177 280,178 242,178 241,177 240,177 240,178 240,180 242,182 242,183 241,183 221,183 221,184 210,184 209,185 178,185 177,186 122,187 121,186 121,183 124,180 124,179 125,178 124,178 120,178 120,177 120,170 119,170 119,177 118,178 95,178 94,179 94,181 93,182 93,183 93,184 94,184 95,184 95,199 95,200 93,200 92,200 92,202 94,204 99,204 99,205 101,207 101,206 101,204 102,204 162,203 163,204 164,203 278,203 278,204 277,205 277,209 278,210 279,210 281,212 288,212"/>
        <TextEquiv index="1" conf="0.9984137589732806">
          <Unicode>Me voeat Eugenius.</Unicode>
        </TextEquiv>
      </TextLine>
      <TextLine id="r0_l005">
        <Coords points="305,240 619,239 619,213 305,214 305,240"/>
        <TextEquiv index="1" conf="0.9508079017202059">
          <Unicode>PATRICIUS.</Unicode>
        </TextEquiv>
      </TextLine>
      <TextLine id="r0_l006">
        <Coords points="94,287 611,285 611,249 94,251 94,287"/>
        <TextEquiv index="1" conf="0.9799567596877322">
          <Unicode>Cave reſpondeas. Sequere, propera.</Unicode>
        </TextEquiv>
      </TextLine>
      <TextLine id="r0_l007">
        <Coords points="317,315 608,314 608,288 317,289 317,315"/>
        <TextEquiv index="1" conf="0.8904287426008118">
          <Unicode>EUGENIUS.</Unicode>
        </TextEquiv>
      </TextLine>
      <TextLine id="r0_l008">
        <Coords points="94,359 347,358 347,324 94,325 94,359"/>
        <TextEquiv index="1" conf="0.9452483005006798">
          <Unicode>Heus, Dolophile.</Unicode>
        </TextEquiv>
      </TextLine>
      <TextLine id="r0_l009">
        <Coords points="16,401 16,394 16,393 82,393 84,391 84,390 104,390 105,389 130,389 132,387 133,387 138,382 138,377 136,376 92,376 92,375 92,372 91,372 16,372 16,364 15,363 13,363 13,364 13,365 13,403 16,401"/>
        <TextEquiv index="1" conf="0.0">
          <Unicode>x</Unicode>
        </TextEquiv>
      </TextLine>
      <TextLine id="r0_l010">
        <Coords points="870,392 871,391 872,391 875,389 875,387 874,386 874,384 873,383 873,382 872,381 872,380 870,378 870,375 869,374 868,374 867,373 864,373 863,372 776,373 775,372 774,373 708,373 707,372 609,373 608,374 551,374 550,375 351,376 350,377 319,377 319,381 318,382 317,382 317,383 316,384 317,386 319,386 320,386 320,390 320,391 383,390 384,391 417,391 418,390 559,390 560,391 566,391 567,390 726,389 727,390 728,390 729,389 830,389 831,390 850,389 851,390 851,391 868,391 869,392 870,392"/>
        <TextEquiv index="1" conf="0.3837845176458359">
          <Unicode>NV2Æ V &amp; A 6 Æ.</Unicode>
        </TextEquiv>
      </TextLine>
      <TextLine id="r0_l011">
        <Coords points="17,416 17,408 16,407 16,406 16,405 214,404 215,405 334,405 335,406 413,405 414,406 415,406 415,405 415,404 528,404 529,403 752,402 753,403 783,403 784,404 840,404 841,404 841,411 842,412 842,411 842,404 842,403 844,403 845,404 855,404 856,404 856,399 856,398 857,398 858,397 859,397 859,396 858,395 857,395 856,394 854,394 854,392 853,391 849,391 847,389 822,390 821,389 792,389 792,388 792,387 791,387 790,388 744,388 743,389 601,390 599,388 594,388 593,387 592,387 592,388 591,389 527,389 526,390 375,391 374,390 240,390 239,389 146,390 145,389 140,389 140,388 140,383 139,383 137,383 136,384 136,385 135,386 134,386 133,387 132,387 130,389 130,390 129,391 87,391 86,392 83,392 81,394 78,394 77,395 77,396 80,399 80,400 79,401 15,401 13,404 13,413 17,416"/>
        <TextEquiv index="1" conf="0.6717614248394966">
          <Unicode>Æ&amp;&amp; ÆÆ</Unicode>
        </TextEquiv>
      </TextLine>
      <TextLine id="r0_l012">
        <Coords points="172,455 746,452 746,418 172,421 172,455"/>
        <TextEquiv index="1" conf="0.933310380648999">
          <Unicode>SCENA XVIII.</Unicode>
        </TextEquiv>
      </TextLine>
      <TextLine id="r0_l013">
        <Coords points="111,517 830,514 830,478 111,481 111,517"/>
        <TextEquiv index="1" conf="0.8987761330273416">
          <Unicode>EUGENIUS cum arculâ quam geſtat ſub axillâ.</Unicode>
        </TextEquiv>
      </TextLine>
      <TextLine id="r0_l014">
        <Coords points="472,560 473,560 473,558 474,557 474,555 474,554 477,554 478,554 478,551 478,550 541,550 542,551 547,551 548,550 611,550 612,551 616,550 617,549 669,549 670,550 672,550 673,549 708,549 709,550 727,550 728,551 760,551 761,550 801,550 802,551 803,550 866,549 867,550 868,550 869,551 870,551 872,549 873,549 874,549 874,527 874,526 873,525 873,524 873,523 871,523 870,522 851,522 850,523 849,523 847,525 848,530 847,530 810,531 810,530 810,526 808,525 808,524 807,523 803,523 802,523 803,529 802,530 801,530 799,532 785,532 785,533 784,534 748,534 747,533 720,533 719,526 718,524 715,524 714,525 712,525 711,526 712,533 711,533 611,534 610,533 555,533 555,532 554,526 553,525 513,525 512,524 507,524 506,525 480,525 478,528 478,533 477,533 424,533 423,527 422,525 416,525 415,526 414,526 411,530 411,533 409,534 357,535 356,536 274,536 273,535 272,535 271,536 225,536 225,531 224,530 224,529 223,528 222,527 222,526 221,526 220,525 218,525 216,527 217,537 216,537 179,537 179,536 178,535 155,535 155,530 153,529 151,529 151,533 150,534 99,534 99,533 99,528 98,528 62,528 61,527 61,525 58,527 59,537 58,538 56,538 56,540 56,541 60,541 61,541 61,545 62,546 62,553 63,554 63,557 63,558 94,558 95,557 95,553 114,553 115,552 150,552 151,553 154,553 155,553 218,553 219,554 220,554 221,555 223,554 223,553 223,552 402,551 403,550 445,550 446,551 446,558 447,559 470,559 471,560 472,560"/>
        <TextEquiv index="1" conf="0.9739641677774489">
          <Unicode>IRIlates? nemo ne eſt qui de Irenæo me doceat? ubi</Unicode>
        </TextEquiv>
      </TextLine>
      <TextLine id="r0_l015">
        <Coords points="15,586 17,585 17,573 17,572 121,572 122,572 121,573 121,574 119,576 119,577 121,577 122,578 124,578 125,577 125,576 130,576 131,575 131,567 134,567 135,566 135,564 134,564 133,564 132,563 95,563 95,562 95,558 94,558 17,558 17,556 16,555 16,545 15,544 14,544 14,545 14,586 15,586"/>
        <TextEquiv index="1" conf="0.0">
          <Unicode></Unicode>
        </TextEquiv>
      </TextLine>
      <TextLine id="r0_l016">
        <Coords points="743,596 744,595 747,595 748,594 748,587 866,586 867,585 868,585 869,584 870,584 872,583 872,581 873,580 873,576 872,575 872,572 871,571 869,571 868,570 822,571 822,570 822,561 821,561 787,561 786,562 769,562 769,569 768,570 750,570 749,571 699,571 697,569 690,569 690,563 689,562 687,562 686,564 686,571 685,571 652,571 651,570 629,570 629,563 628,562 628,561 627,560 626,560 625,561 621,561 619,564 619,566 618,567 618,569 617,569 570,570 569,569 568,569 566,571 519,571 518,570 479,570 479,566 477,564 477,563 476,562 476,563 476,570 475,570 470,570 469,571 384,571 384,567 383,566 383,563 382,563 378,563 378,571 377,572 332,572 332,571 332,564 331,564 327,564 327,571 326,572 304,572 304,573 303,574 264,574 263,573 204,573 203,572 202,572 201,573 181,573 180,574 144,575 143,573 143,572 142,572 141,572 141,573 140,574 131,574 131,575 130,576 130,577 129,578 122,578 122,585 120,587 120,588 120,589 154,589 155,589 155,592 157,592 160,589 384,588 385,587 492,587 493,586 533,586 534,586 534,594 534,595 542,595 543,594 543,588 563,588 564,587 648,586 649,587 709,587 710,588 710,589 711,590 737,590 738,590 738,594 738,595 740,595 741,596 743,596"/>
        <TextEquiv index="1" conf="0.9737768885162141">
          <Unicode>nt, utrum verba de me cum patre fecerit, quid ab eo</Unicode>
        </TextEquiv>
      </TextLine>
      <TextLine id="r0_l017">
        <Coords points="16,637 17,637 17,634 17,633 104,633 105,632 105,630 278,629 281,626 343,626 344,625 619,623 620,624 620,630 621,631 626,631 627,631 627,625 627,624 868,623 869,624 872,624 875,622 875,621 874,620 873,620 873,601 874,600 874,598 873,597 374,600 373,599 372,600 17,601 17,596 15,594 15,595 15,604 14,605 14,606 15,607 15,637 16,637"/>
        <TextEquiv index="1" conf="0.9871830565056631">
          <Unicode>reſponſi tulerit, hoc ſe renunciaturum promiſerat. Nihil</Unicode>
        </TextEquiv>
      </TextLine>
      <TextLine id="r0_l018">
        <Coords points="211,673 211,672 212,671 263,671 263,664 264,663 388,662 389,661 647,660 647,661 647,667 648,667 650,667 651,668 825,668 826,669 835,669 836,667 836,666 838,665 869,664 870,663 872,663 873,662 874,662 874,660 875,659 875,654 873,651 861,651 860,651 860,645 860,644 856,644 855,644 855,643 855,642 848,642 847,642 847,637 845,635 793,636 791,634 764,634 763,633 762,633 761,634 760,634 759,635 501,636 500,635 352,636 351,635 349,635 348,636 16,637 16,638 16,640 15,641 15,674 16,674 211,673"/>
        <TextEquiv index="1" conf="0.9738317836581923">
          <Unicode>retulit. Quid putem? ah! nimium intelligo. Nihil egit,</Unicode>
        </TextEquiv>
      </TextLine>
      <TextLine id="r0_l019">
        <Coords points="141,708 142,707 339,706 339,705 339,701 340,701 488,700 491,697 841,696 842,697 873,696 874,695 875,695 875,693 876,692 875,691 875,690 874,688 867,688 866,688 866,681 866,680 863,680 862,680 862,679 862,678 854,678 853,678 853,672 853,671 636,672 635,671 548,672 547,671 542,671 541,672 441,672 440,673 69,675 68,674 17,674 16,675 16,681 15,682 15,704 16,705 16,708 17,708 141,708"/>
        <TextEquiv index="1" conf="0.985486652930839">
          <Unicode>imò quod noluit, quod neſcit, mihi exilium acceleraverit.</Unicode>
        </TextEquiv>
      </TextLine>
      <TextLine id="r0_l020">
        <Coords points="16,746 879,742 879,705 16,709 16,746"/>
        <TextEquiv index="1" conf="0.982395677297723">
          <Unicode>Heu me!... Ergo adornanda profectio eſt, colligendæ</Unicode>
        </TextEquiv>
      </TextLine>
      <TextLine id="r0_l021">
        <Coords points="18,784 19,784 19,783 19,782 108,782 109,781 304,780 306,778 306,771 632,769 633,770 712,770 713,771 713,774 750,774 751,774 751,778 751,779 752,778 752,777 753,776 868,775 869,775 869,771 869,770 875,770 876,769 877,769 878,769 878,766 877,765 876,754 875,752 835,753 834,752 765,752 764,751 756,751 755,750 755,746 753,744 752,744 751,743 563,744 562,743 561,744 145,746 144,745 17,745 16,746 16,756 15,757 16,784 18,784"/>
        <TextEquiv index="1" conf="0.960791002976923">
          <Unicode>ſunt ſarcinulæ, quas in hâc recondam arculâ; &amp; mecum</Unicode>
        </TextEquiv>
      </TextLine>
      <TextLine id="r0_l022">
        <Coords points="831,817 832,816 832,807 872,806 873,805 874,805 877,803 877,792 875,790 863,790 863,782 862,781 646,782 645,781 516,782 515,781 429,781 428,780 424,780 423,781 111,783 110,782 103,782 102,783 101,783 100,784 17,784 17,785 17,787 16,788 17,789 17,819 18,819 18,818 19,817 19,811 19,810 282,809 283,809 283,814 284,816 285,816 286,817 291,817 292,816 294,816 295,815 295,814 297,814 298,813 298,812 299,811 299,808 554,807 555,807 555,812 556,813 556,814 557,816 565,816 566,815 829,814 830,814 830,816 830,817 831,817"/>
        <TextEquiv index="1" conf="0.9886201965537939">
          <Unicode>auferam. Colligere non fuerit longus labor; ex paternis</Unicode>
        </TextEquiv>
      </TextLine>
      <TextLine id="r0_l023">
        <Coords points="19,859 19,847 19,846 335,845 336,845 336,847 336,848 362,848 363,848 363,851 363,852 586,851 587,852 588,852 589,853 596,853 597,852 599,852 601,850 601,849 827,848 831,844 874,843 875,842 876,842 877,842 877,840 876,839 875,839 875,828 873,826 841,827 840,826 832,826 832,825 832,817 831,817 829,817 828,818 503,819 502,818 191,819 190,818 17,819 17,820 17,855 18,856 18,859 19,859"/>
        <TextEquiv index="1" conf="0.9686418458740315">
          <Unicode>rebus auferam nihil, præter odium, grande onus, &amp; jam</Unicode>
        </TextEquiv>
      </TextLine>
      <TextLine id="r0_l024">
        <Coords points="826,887 826,886 826,880 827,880 862,879 862,875 863,874 877,874 877,871 875,869 867,869 867,866 865,864 847,864 846,863 827,864 826,863 822,863 822,862 822,856 820,855 676,855 675,854 77,857 76,856 73,856 73,858 72,859 18,859 18,860 18,862 17,863 17,881 18,882 18,886 19,886 19,884 20,883 224,882 225,881 531,880 531,886 532,887 537,887 538,888 539,888 540,886 540,881 541,881 819,880 819,886 820,887 826,887"/>
        <TextEquiv index="1" conf="0.9893039195683965">
          <Unicode>I diu collectum mihi. Ex maternis opibus nihil mecum aſpor-</Unicode>
        </TextEquiv>
      </TextLine>
      <TextLine id="r0_l025">
        <Coords points="20,938 20,929 21,928 20,927 21,926 729,923 729,924 730,925 816,925 817,924 820,924 820,923 820,916 821,916 873,915 874,914 877,914 877,900 877,899 860,899 859,899 859,892 859,891 802,892 801,891 452,892 450,890 449,891 20,893 19,893 19,888 19,887 18,888 18,895 17,896 17,906 18,907 18,938 19,938 20,938"/>
        <TextEquiv index="1" conf="0.9648185415249881">
          <Unicode>tabo præter hanc pixidem CPixidem exerit in quâ depicta</Unicode>
        </TextEquiv>
      </TextLine>
      <TextLine id="r0_l026">
        <Coords points="20,976 21,975 21,964 22,963 681,960 683,962 691,962 695,958 695,954 696,953 861,952 862,951 876,951 878,949 879,949 879,939 878,938 878,937 878,936 877,936 876,935 848,935 847,935 847,928 847,927 758,928 757,927 756,927 755,926 293,928 292,929 276,929 275,930 138,931 137,931 137,936 137,937 112,937 111,938 70,938 69,939 68,939 67,940 20,940 18,942 18,946 18,954 19,955 19,976 20,976"/>
        <TextEquiv index="1" conf="0.9844098465367295">
          <Unicode>matris imago eſt.) in quâ matris depicta imago eſt. Dulce</Unicode>
        </TextEquiv>
      </TextLine>
      <TextLine id="r0_l027">
        <Coords points="20,1003 21,1003 21,1000 21,999 365,998 366,999 369,999 370,1000 545,999 546,998 549,998 550,997 805,996 806,997 853,996 854,995 855,995 856,995 856,989 856,988 873,988 874,987 876,987 877,986 878,986 879,986 879,985 879,984 879,978 880,977 880,975 879,973 878,973 876,971 789,972 788,971 744,971 743,970 743,963 172,965 171,964 168,964 167,965 89,966 87,967 87,973 87,974 67,974 66,974 66,976 66,977 20,977 19,978 19,983 18,984 19,988 18,989 19,990 19,1003 20,1003"/>
        <TextEquiv index="1" conf="0.9649866462549606">
          <Unicode>Pignus! pretioſa imago ſed meis quotidie aſperſa ac prope</Unicode>
        </TextEquiv>
      </TextLine>
      <TextLine id="r0_l028">
        <Coords points="21,1037 22,1037 22,1036 22,1035 213,1034 214,1034 214,1033 215,1032 215,1031 216,1030 216,1029 217,1027 760,1025 761,1025 761,1032 761,1033 771,1033 772,1032 772,1030 873,1029 875,1027 876,1027 879,1025 879,1024 880,1023 880,1022 879,1021 879,1019 876,1016 863,1016 863,1002 862,1001 862,1000 861,999 743,1000 742,999 697,999 696,998 695,998 694,999 478,1000 477,1001 105,1003 104,1002 81,1002 80,1001 79,1001 78,1002 74,1002 73,1003 19,1003 19,1004 19,1037 21,1037"/>
        <TextEquiv index="1" conf="0.9636876952822487">
          <Unicode>deleta lacrymis... O mater! dilecta mater! ſi qua tibi,</Unicode>
        </TextEquiv>
      </TextLine>
      <TextLine id="r0_l029">
        <Coords points="21,1075 22,1075 22,1073 22,1072 71,1072 72,1071 73,1071 74,1070 74,1064 427,1062 428,1063 428,1070 429,1071 646,1070 647,1069 805,1069 806,1068 807,1068 808,1067 808,1061 880,1060 881,1060 881,1059 880,1058 880,1045 878,1043 876,1043 875,1042 875,1037 873,1035 872,1035 871,1034 867,1034 866,1035 612,1037 610,1035 607,1035 606,1036 604,1036 603,1037 116,1039 114,1037 19,1037 19,1038 19,1067 20,1068 20,1075 21,1075"/>
        <TextEquiv index="1" conf="0.981976266476241">
          <Unicode>poſt mortem tui cura Eugenii ſupereſt (&amp; certè ſupereſt</Unicode>
        </TextEquiv>
      </TextLine>
      <TextLine id="r0_l030">
        <Coords points="23,1113 23,1109 24,1108 311,1107 311,1106 311,1105 312,1105 516,1104 518,1101 518,1100 519,1100 873,1098 875,1099 875,1098 877,1098 879,1097 879,1094 878,1093 878,1073 876,1071 753,1072 752,1071 751,1071 750,1072 20,1075 20,1076 20,1079 19,1080 19,1082 20,1083 20,1110 21,1111 21,1113 22,1113 23,1113"/>
        <TextEquiv index="1" conf="0.9438804789658701">
          <Unicode>aliqua) illum reſpice, ſortem ejus miſerere... hei mihi!</Unicode>
        </TextEquiv>
      </TextLine>
      <TextLine id="r0_l031">
        <Coords points="373,1146 373,1145 373,1144 374,1144 562,1143 563,1142 565,1142 566,1140 566,1139 567,1139 710,1138 711,1137 712,1137 714,1135 872,1134 874,1132 875,1132 875,1128 875,1127 873,1127 872,1126 826,1127 825,1126 825,1119 824,1119 823,1118 812,1118 811,1117 795,1117 794,1116 794,1109 778,1109 777,1108 345,1110 344,1109 343,1109 342,1110 183,1110 181,1112 22,1113 21,1114 18,1114 17,1115 17,1145 18,1145 29,1145 29,1144 30,1143 123,1143 123,1142 123,1140 124,1140 371,1139 371,1145 372,1146 373,1146"/>
        <TextEquiv index="1" conf="0.9638981606528075">
          <Unicode>tu quoad vixiſti, aderas ſolatium, præſidium, &amp; ſalus...</Unicode>
        </TextEquiv>
      </TextLine>
      <TextLine id="r0_l032">
        <Coords points="23,1183 25,1181 179,1180 180,1179 184,1179 184,1173 185,1172 647,1170 648,1171 650,1171 651,1172 805,1172 805,1173 806,1174 832,1174 832,1177 833,1178 841,1178 841,1177 841,1171 842,1171 876,1170 877,1169 880,1169 881,1168 881,1158 880,1157 880,1156 879,1155 879,1154 878,1154 877,1153 835,1154 834,1153 791,1153 790,1152 783,1152 782,1151 782,1146 781,1145 744,1145 743,1144 742,1144 741,1143 740,1144 737,1144 736,1145 337,1147 335,1145 30,1146 29,1145 18,1145 17,1146 17,1182 18,1182 22,1182 23,1183"/>
        <TextEquiv index="1" conf="0.9977204979017928">
          <Unicode>At poſtquam te mihi miſero immatura mors abſtulit, quæ</Unicode>
        </TextEquiv>
      </TextLine>
      <TextLine id="r0_l033">
        <Coords points="23,1220 24,1220 24,1216 24,1215 24,1210 25,1209 431,1207 431,1208 432,1215 433,1215 434,1216 759,1215 760,1214 766,1214 766,1213 766,1207 767,1207 878,1206 878,1191 879,1190 881,1190 882,1189 882,1188 881,1187 881,1182 881,1181 880,1181 879,1180 878,1180 877,1179 874,1179 873,1180 524,1182 523,1181 519,1181 518,1182 197,1183 196,1182 136,1183 135,1182 18,1182 17,1183 18,1220 23,1220"/>
        <TextEquiv index="1" conf="0.9923041235560025">
          <Unicode>me deinde manus ſervare poteſt? cujus opem implorabo?</Unicode>
        </TextEquiv>
      </TextLine>
      <TextLine id="r0_l034">
        <Coords points="24,1277 25,1277 25,1270 26,1269 26,1266 25,1265 25,1264 25,1263 664,1260 665,1261 673,1261 674,1260 867,1259 869,1258 869,1253 870,1252 870,1251 868,1249 864,1249 864,1248 863,1247 833,1248 833,1247 833,1246 832,1246 610,1247 609,1246 377,1247 376,1246 340,1246 340,1245 340,1236 338,1235 335,1235 333,1233 139,1234 138,1233 83,1233 82,1232 76,1232 75,1231 25,1231 25,1222 23,1220 18,1220 18,1221 18,1277 24,1277"/>
        <TextEquiv index="1" conf="0.6208728437914568">
          <Unicode>,,,,, xxx xxaxæxxx !xP-</Unicode>
        </TextEquiv>
      </TextLine>
      <TextLine id="r0_l035">
        <Coords points="864,1247 865,1247 865,1246 865,1245 882,1245 883,1245 883,1242 885,1240 885,1237 883,1235 883,1232 881,1230 841,1231 840,1232 713,1232 712,1233 659,1233 658,1232 594,1233 593,1232 585,1232 584,1233 528,1233 527,1232 489,1232 488,1233 369,1234 368,1233 361,1233 360,1234 360,1238 359,1239 358,1239 357,1240 358,1242 360,1242 361,1242 361,1246 361,1247 362,1247 363,1246 458,1245 459,1246 497,1246 498,1246 498,1245 498,1244 585,1244 586,1244 586,1245 587,1247 688,1246 689,1247 856,1246 857,1247 864,1247"/>
        <TextEquiv index="1" conf="0.5966647066175937">
          <Unicode>2X4</Unicode>
        </TextEquiv>
      </TextLine>
      <TextLine id="r0_l036">
        <Coords points="726,1307 727,1307 727,1306 728,1305 728,1303 727,1302 727,1301 726,1300 712,1300 712,1278 711,1277 684,1277 684,1278 684,1293 683,1293 537,1294 537,1293 537,1292 535,1290 535,1287 534,1286 534,1285 533,1284 533,1281 532,1280 532,1279 531,1279 530,1279 529,1278 468,1278 466,1276 294,1277 293,1278 223,1278 221,1280 220,1280 217,1284 217,1300 216,1301 216,1304 217,1305 217,1307 218,1308 224,1308 225,1309 726,1307"/>
        <TextEquiv index="1" conf="0.9212549921029655">
          <Unicode>SCENA I.</Unicode>
        </TextEquiv>
      </TextLine>
      <TextLine id="r0_l037">
        <Coords points="611,1294 668,1294 668,1276 611,1276 611,1294"/>
        <TextEquiv index="1" conf="0.9128551483154297">
          <Unicode>I</Unicode>
        </TextEquiv>
      </TextLine>
      <TextLine id="r0_l038">
        <Coords points="196,1343 196,1342 197,1341 234,1341 235,1342 239,1342 239,1333 240,1332 241,1332 241,1330 240,1329 239,1329 238,1328 165,1328 164,1327 149,1328 149,1329 151,1331 152,1331 153,1332 153,1342 154,1343 158,1342 159,1341 191,1341 191,1342 191,1343 192,1343 196,1343"/>
        <TextEquiv index="1" conf="0.5749403884013494">
          <Unicode>YT5</Unicode>
        </TextEquiv>
      </TextLine>
      <TextLine id="r0_l039">
        <Coords points="570,1366 570,1365 570,1355 571,1355 805,1354 807,1351 807,1348 806,1347 806,1346 804,1344 796,1344 795,1343 795,1331 794,1330 794,1327 793,1327 792,1327 791,1326 789,1326 788,1325 436,1326 435,1325 431,1325 431,1326 431,1328 430,1328 262,1329 262,1330 260,1330 259,1331 259,1341 206,1341 205,1342 154,1343 153,1343 153,1345 152,1346 152,1347 151,1349 149,1349 148,1349 148,1350 147,1351 147,1352 150,1355 436,1353 437,1354 458,1354 458,1355 458,1357 459,1357 567,1357 567,1363 568,1364 568,1365 569,1366 570,1366"/>
        <TextEquiv index="1" conf="0.9318926177091069">
          <Unicode>ILOTAS, EUGENIUS.</Unicode>
        </TextEquiv>
      </TextLine>
      <TextLine id="r0_l040">
        <Coords points="327,1404 621,1403 621,1369 327,1370 327,1404"/>
        <TextEquiv index="1" conf="0.9300555805158284">
          <Unicode>PHILOTAS.</Unicode>
        </TextEquiv>
      </TextLine>
      <TextLine id="r0_l041">
        <Coords points="475,1448 476,1447 483,1447 485,1446 485,1445 486,1443 486,1442 487,1441 539,1441 541,1439 769,1438 769,1439 770,1440 771,1440 772,1441 876,1440 876,1441 877,1444 878,1444 879,1443 880,1443 883,1440 883,1437 884,1436 884,1435 883,1434 883,1431 882,1429 874,1429 873,1429 873,1422 872,1420 870,1420 869,1419 861,1419 860,1419 860,1413 860,1412 850,1412 849,1411 844,1412 843,1413 842,1413 841,1413 841,1416 841,1417 768,1417 767,1416 767,1411 766,1411 766,1416 766,1417 747,1417 746,1417 746,1418 745,1420 578,1421 577,1420 577,1415 576,1414 576,1413 525,1413 523,1415 337,1416 336,1415 336,1414 332,1414 331,1414 331,1418 331,1419 90,1420 89,1419 89,1417 88,1417 87,1416 77,1416 76,1415 28,1415 27,1415 27,1402 27,1401 20,1401 19,1402 19,1429 20,1430 20,1431 21,1431 75,1431 75,1438 76,1439 76,1444 77,1445 85,1445 86,1443 86,1440 87,1440 256,1439 256,1440 257,1447 258,1448 259,1448 260,1447 264,1447 266,1445 327,1445 328,1444 327,1442 328,1442 470,1441 470,1442 471,1446 472,1446 473,1447 474,1447 475,1448"/>
        <TextEquiv index="1" conf="0.9639584194307893">
          <Unicode>PSU te quærebam, Eugeni, dum nemo nos audit,</Unicode>
        </TextEquiv>
      </TextLine>
      <TextLine id="r0_l042">
        <Coords points="120,1483 121,1482 121,1476 300,1475 301,1474 319,1474 321,1472 321,1470 318,1468 307,1468 307,1467 307,1464 306,1463 306,1462 302,1459 288,1459 288,1458 288,1452 286,1451 285,1451 284,1452 87,1453 87,1452 87,1449 86,1448 86,1445 85,1445 25,1445 24,1446 20,1446 20,1447 20,1475 116,1475 117,1475 117,1479 115,1481 115,1482 115,1483 120,1483"/>
        <TextEquiv index="1" conf="0.952584937794341">
          <Unicode>paucis te volo.</Unicode>
        </TextEquiv>
      </TextLine>
      <TextLine id="r0_l043">
        <Coords points="292,1511 622,1510 622,1484 292,1485 292,1511"/>
        <TextEquiv index="1" conf="0.7873105584559116">
          <Unicode>EUGENIUS.</Unicode>
        </TextEquiv>
      </TextLine>
      <TextLine id="r0_l044">
        <Coords points="110,1566 355,1565 354,1520 109,1521 110,1566"/>
        <TextEquiv index="1" conf="0.9235541294602787">
          <Unicode>Quid eſt, frater?</Unicode>
        </TextEquiv>
      </TextLine>
      <TextLine id="r0_l045">
        <Coords points="673,1591 734,1590 733,1556 672,1557 673,1591"/>
        <TextEquiv index="1" conf="0.8328833604852358">
          <Unicode>A3</Unicode>
        </TextEquiv>
      </TextLine>
      <TextLine id="r0_l046">
        <Coords points="1,1741 128,1740 128,1697 1,1698 1,1741"/>
        <TextEquiv index="1" conf="0.0">
          <Unicode>t</Unicode>
        </TextEquiv>
      </TextLine>
      <TextLine id="r0_l047">
        <Coords points="886,1719 997,1718 997,1698 886,1699 886,1719"/>
        <TextEquiv index="1" conf="0.3251001387834549">
          <Unicode></Unicode>
        </TextEquiv>
      </TextLine>
      <TextLine id="r0_l048">
        <Coords points="157,1733 260,1733 260,1713 157,1713 157,1733"/>
        <TextEquiv index="1" conf="0.0">
          <Unicode></Unicode>
        </TextEquiv>
      </TextLine>
      <TextLine id="r0_l049">
        <Coords points="979,1740 980,1739 982,1739 983,1738 993,1738 994,1737 996,1737 997,1736 997,1718 996,1718 883,1718 883,1716 882,1715 873,1715 873,1714 872,1713 872,1714 872,1715 871,1715 860,1715 860,1716 860,1717 859,1718 859,1719 857,1720 851,1720 850,1722 851,1722 852,1723 852,1730 853,1730 854,1731 854,1732 855,1732 856,1731 920,1731 921,1732 921,1733 924,1733 925,1734 925,1735 929,1735 930,1736 930,1737 932,1739 938,1739 939,1740 979,1740"/>
        <TextEquiv index="1" conf="0.0">
          <Unicode>i</Unicode>
        </TextEquiv>
      </TextLine>
    </TextRegion>
  </Page>
</PcGts>