681 1301
141 61 668 91 S. ADRIANVS RAGODIA. I4
112 85 618 109 Poſt Chriſtum amant & Cæſares: ſurdum Iovem,
111 108 459 132 Ipſo minorem Cæſare exoſi, ferunt
110 130 493 155 In aſtra palmas, deq́ue regnorum Deo
109 154 555 179 Invicta poſcunt regna, non pecorum horridis
1 177 521 209 s S35 Viſceribus inhiant, mente ſed purâ litaut.
110 200 552 224 GAL. Tuum eſt Deos eligere? judicio placet
106 223 470 249 Meo petatur, quæ mihi petitur ſalus.
106 244 651 270 ADR. A quo impetranda eſt, poſcitur: caſsâ prece
109 269 460 294 Metalli inane pondus impelli jubes.
1 290 678 328 4 40 GAL. Quem quondâ amaſti, qui te amat, magnum
110 315 608 340 Ioviſq́ue comites, thure placari jubet. (Iovem,
109 338 516 363 Si me ſaventem ſpernis, expertus ſcies
107 361 539 385 Quo turbine iras torqueam: quanto itpios
106 384 472 409 Horrore nuper tute laceraris, emor,
2 407 503 441 45 Violas putato; durius in aulæ ratum eſt
108 430 487 455 Sævire famulos. Elige, beatum velin
106 453 522 478 Vivere: perire ſi obſtinas. votum augeo.
106 477 537 501 ADR. Colere Deorum ludicra, erranti fuit
107 500 528 529 Suaſiſſe pronum; nunc ubi illuxit Deus,
1 523 450 559 5o Et iniqua Diti veritas, juſſa exequi
107 544 611 571 (Permitte fari)non licet. GAL. Conde in ſpecus,
105 569 451 594 Onera catenis miles operoſæ necis
105 592 522 617 Conſilia donec pectora artifici excoquam.
105 615 589 640 ADR. Tuus eſſe Chriſte incipio, promiſſum nou
61 636 498 663 45 Infunde pgili robur. Inviſas domos
110 660 550 686 Et vincla ſubeo lætus; it vinclis habes
105 683 500 714 Galeri amicum, dubia ſi reliquis fides
185 731 545 762 0ENA QV.II Ae
352 730 511 748 Y Y H47
107 783 615 818 eſarem conſul revocat ab ira præcipiti in:
130 815 580 849 Adrianum, tempuſ́ ad ejus mentem
162 850 498 883 5expugnandam impetrat.
169 903 553 933 LERIVS. TITIANVS:
105 936 543 960 Dminos timebit orbist exemplumn unius,
108 959 508 983 Eſto populprum terror: odiſſe ardeo,
1 981 590 1018 oQuem fruſtra amavi. TIT. Si rei merita æſtinas,
106 1004 624 1030 Plumbo ſubactum, aut inter Arſacidum ſcapuas
105 1026 536 1052 Perijſſe decuit: nam quid mjuſtum accidat
105 1050 491 1077 I perduelli? mente ſed reputes velim
106 1071 547 1099 Quid facere deceat Cæſarem; non quid pari
10 1096 487 1126 ebeas nncentes, aliquis eſt iræ modus.
103 1120 455 1145 Inopina fecit culpa momento reum.
103 1140 532 1168 Cnr pœna properat? fortè momento eluet
103 1163 574 1193 ætaa culpam. Nemo qui factum eſt ſcelus
512 1188 645 1208 Pœnan
1 1188 29 1222 2.
