680 1287
8 15 515 66 5o LVDovICI CELLOII
143 77 274 93 0 r
103 66 668 123 A 2v0 SECVNDVS.
183 137 518 174 A RGVMENTVM.
231 200 676 235 Oc accepto nuncio Na-
236 233 672 268 talia nxot Adriani, flosI
292 266 669 300 matronarum, virtutis!
185 296 670 331 n gemma, medulla con-!
291 329 670 363 ſtantiæ, pietatis Chri-I
289 358 670 397 ſtianæ cultrix, ſed adhuc
107 392 670 430 abditè, dum currit ad carcetem ani-!
107 415 670 461 moſiùs quam cantius: ipſa ſe reprimit,!
107 451 670 489 & re dubiâ ſervorem ſuſtinet,verita ne!
106 486 671 521 ea fortè fabula ab coniuge, ad explo
106 517 666 556 randum ipſius animum, conficta ſit.
108 541 670 589 Omnibus tamen expenſis porrò ire!
108 582 603 617 ſtatuit, vel cum illo, vel per illum
107 592 675 650 moritura. Verm Tribuni relatu rem
107 644 671 683 certius cognoſcit, ejuſdemq́ue operâ!
85 677 672 710 educto è carcere Adriano fruitur.)
107 707 672 742 Hic autem conſiliorum uxoris ignarus!
107 731 673 777 graviter ſuum ipſe propoſitum ei de-!
85 772 672 808 clarat, cauſamque docet mutatæ reli-
108 803 672 842 gionis : ſi ſe amat, exemplum ſcqua-
103 836 671 871 tur: ſi renuit, res ſibi ſuas habeat.
105 863 673 903 Tum enimverò totam ſe Adriano ape-
110 898 673 934 tit Natalia, & exoſculatis magnâ pie-!
91 930 672 966 tate mariti vinculis, æternum ſanctio-
71 963 668 994 ris conuubii fœdus cum eo renovat.
110 984 672 1028 Ille autem voluntatem tegere, ſibique
111 1025 671 1058 in tam atroci certamine adeſſe rogat.)
111 1054 671 1091 Hæc agentibus Conſul, & Præfectus!
91 1088 672 1121 Prætorio, veteres Adriani amici, im-I
108 1116 673 1161 portunè interreuiunt, & collaudatâ
513 1152 677 1193 Nataliâ!
