651 1280
168 24 550 59 LvDOvICI CEELOTII
66 34 105 56 15.
107 53 552 83 Chriſto rebellem, immota ſpectaſti virum?
107 78 648 119 ANT. Quid virgo faceret? ſanguine arenrem fitis!
108 100 482 129 Audx leoni premeret? & nud prece
107 122 532 152 Tardaret iræ fulmen ? Humanis ſuum eſt
64 146 468 175 1510 Adriane vitiis, & ſuum tempus Deo.
106 169 451 197 Modò0 vorticoſi more torrentis rapi
105 192 504 219 Sinit, ſui ue ſponte conſumi improbos.
103 214 537 245 Modo curſu in ipſo frangit, & flectit retro.
104 237 539 266 Eſt ubi paratos, inq́ue procinctu oppri mat,
62 260 576 290 4, Hic juſtus, atque hic. Pulſat interno tamen
103 283 434 311 Motu fugaces, atque peccati fodit
103 306 534 334 Stimulo, vocantem audire ſi ſinerent Deum
75 329 472 358 Libide, & animi gaudia inſani mala.
102 352 584 383 Hos ergo Phlegethon vortice indomito abripit,
59 376 528 406 0 Auctorem & ipſum culpa præcipitans agit.
102 398 478 428 Illos Deo trabente ſcelerata expuit
62 421 546 452 Vorago: quando? velle cùm primùm incipis
100 444 470 474 Quod velle fecit; qui dedit, novit ſui
99 466 465 496 Momenta doni: quis ſalutarem prior
57 489 560 518 135 Invadat horam. NAT. Vera narrantem audio
98 514 471 542 Animoſe Martyr, omnium novit pater
98 536 534 566 Quos, quando natis addat. In partem vocat
97 559 504 588 Sæpè adminiſtros operis, hi ſi quid morâ,
98 581 453 612 Metiive peccant, nnne tardatæ reos
54 604 470 635 190 Faciet ſalutis? Talis ad genua accido.
96 627 417 657 Ignoſce frater, facta peccavi tua,
95 649 530 682 Prohibere potni, ſæpe tepidantem impulit
93 672 498 703 Cæleſtis ardor, ſæpe compreſſi impetum.
94 696 543 728 Heu dum morantem pravus abſterret pudor,
51 717 439 750 225 Tuas ſecures innocens tinxit cruor.
94 740 548 775 Tot ſcelera quæ mors vindicet? quis me rogus
94 764 471 796 Satis rapace perfidam flammâ expiet?
92 788 498 817 Nunc hora ſanctos morte communi vocat
92 809 462 841 Placare manes. Cernis ut pariter reos
46 832 560 866 300 Vindex eamdem Chriſtus ad pœnam aggregat?
92 857 504 885 Satis onus eſt utrique carcerq́ue, & dolor,
90 878 585 911 Et Cæſar unus. AR. Spoute metuendum viris
53 901 562 934 Tentare bellum parce, qnod mecum haud licet.
88 924 593 957 Patieris in me. NAT: Nonplaceo conſors boni!:
43 948 558 980 5 Quæ culpa damnat ? ſcelere quo teneor nocens?!
86 970 517 1004 Aut ſi nocens ſum quid mihi pœnnm negas?
83 993 537 1027 Ego te relinqnam? ſi quid in morte eſt boni,
82 1014 490 1047 Mihi invidetur? ſi quid in morte eſt mali,
82 1037 526 1072 Vni irrogatur ? Seu me amas, ſeu non ams
39 1060 471 1089 Ms Crudelis, aſtra deligis: terram & mals
32 1079 554 1117 Tii ſpreta ſumam ? non hic Aſtrææ eſt tenor,
78 1103 512 1138 Tua illa non ſunt quæ malè herciſcis bona:
77 1125 469 1162 Vtriuſque parm dres iaplehit Deus.
451 1161 641 1197 NT. Nena!
