646 1287
82 1 124 15 4
44 36 517 66 12 LVDOVICI CELLOTII
90 62 554 91 Quas ita merentur. qui ſuum violant Deum,
88 86 432 115 Si ſic putant placare? Si novi tuos
94 107 457 134 Adriane ſenſus. fabulas vulgum ſuas
48 129 515 163 440 Iuſſiſtti habere: melior ad Chriſtum tulit
14 152 464 185 Ignota nobis cauſa. Præteritos malè
56 175 515 210 . Penſat labores Cæſar? auditam omnibus
94 198 533 230 Anlis querelam generis: hoc Reges habent
96 223 524 254 Ingratum. ini uum, cuncta deberi putuant
38 245 531 278 45 Quæ ſponte facimus publico intenti bono.
98 267 558 296 Hos tatda merces ſequitur: hos ſterilis favox
100 291 493 324 In lucrum hiantes ludit: aſpectu Deûm
100 315 503 345 Nari benigno (pars quota iofelicium)
101 335 532 369 Amantur. & ditantur: & quod plus dolet,
58 355 642 396 45e Quod ſanguine emitur, gratiam Domini vocant.
103 385 527 416 Quamquam & favoris, non palatinæ vetus
102 407 497 436 Miles cohortis, editum inſiſtis gradum.
69 430 477 463 Quæſitor omues lectus æquales ſuprâ,
104 454 511 484 Senumq́ue canos. Cæſar haud alio queat
63 476 539 509 455 Teſtari amorem pignore; huic nuper fidem
103 500 512 533 Validè probabas ipſe, cum magicis retro
105 524 489 556 Mens ivit acta vocibus, teq́ue improbâ
106 546 490 579 Afflavit aurâ coluber incautum, & ſibi
106 568 540 599 Nimis imminentem. Cura ſi vitæ eſt ſuper,
62 592 521 624 400 Deluſe, mentem recipe ; vel ſi te abdicas:;
107 602 640 647 Mihi, Gallo, amicis redde. ADR, Quod de me rog!
107 640 453 668 Titiane, doni Cæſar hoc faciet ſui,
109 654 639 694 Si placeo; Chriſtum teſtor, impendam hoc capt.
108 684 537 717 Vitamq́ue amicis. Nam quod in venis fluit.
64 697 639 741 s Quod ſpirat imo in corde, qud mbma hæc fores,!
104 732 467 764 Regi ſacravit ortus. Ianatam fdem
113 757 493 786 Quod crimen intercepit, evulſit metus.
57 779 487 809 Abſterſit error ? fidus, &, fas ſit loqui,
113 802 512 834 Rogatus aulæ veni in obſequium. bonus
69 825 445 856 4P potui videri cum bonis feci malè.
115 849 474 876 Erat hoc in albo Regis officii decus:
116 866 567 903 Ego nunc furorem appello, & immanem fitim,
114 895 542 925 Nam qualis hoſtes tractat. & ſcelerum reos.
116 911 579 946 Qui iubet amicos furere? ſed non hoc queror;
72 936 531 969 4V5 Iubeat, reponam munus; aut ſi non licet
114 963 495 993 Hoſtite Regi, ne quis ingratum arguat,
117 984 558 1017 Doni fatebor gratiam, quodq́ue eſt ſuper
116 1011 510 1035 Viræ, ibo nexus, vile ſervitium exequas.
116 1028 628 1060 Quodq́ue ære nequeo nomen exolvam armnbus,
74 1056 484 1080 4â0 Debitor amoris, ultimas addo preces,
114 1075 527 1105 Tenue eſt quod opto : Iibero Cœlum ferat
83 1101 506 1130 Spectare vultu. neu mihi ſacra imperet,
112 1123 477 1148 Deûmve. Plures aſtra ſi Cœli tenent,
110 1146 421 1174 Eligere detur: tota ſi coit honi
543 1159 640 1200 nn!
