678 1296
135 50 611 77 S. ADRIANVSTRAGOEDIA. 16r
109 75 560 102 Miſerum putabis? unctus epulatur Nero,
102 96 434 123 Interque largas regii luxus dapes
109 119 523 146 Inſumma ludit capita; quâ juſſit Sporus,
107 143 497 169 Cadit Senatus; Roma pulſanti Chelvn
61 165 551 192 55 Tumulata flammis barbarum inſpirat melos,
107 190 516 218 Dices beatum? Quemlibet mente æſtima,
105 213 512 239 Vtramnque virtus Domina fortunam regit.
106 236 526 260 Honeſta mors, aut vita ſapienti eſt bonum.
103 257 518 286 GAL. Honeſta ne ſit,: diritas pœnæ vetat.
60 281 534 306 590 ANT. Fieri beatam nec vetat, claram facit,
109 305 604 331 GAL. Non eſſe tanti non emo. ANT. Virtus emat.
107 327 600 353 GAL. Si porro eundum eſt unico impulſu exeam.
106 350 576 375 ANT. Referre credis ouamdiu, aut unde exeas,
100 373 587 398 Si pomò eundum eſt ? GAL. Morte finitur dolor,
60 396 460 420 515 Nolim diu perire, ne peream ſemel.
108 419 558 444 ANT. Velim ego ſemel perire, ne peream diu.
102 442 583 468 GAL. Horrenda mors eſt illa quam leges jubent.
108 465 536 490 ANT. At ſempiternam perfidis cudit Deus.
103 488 530 514 GAL. Amœna vitæ gaudia. & lætum juvat
55 510 563 536 o0 Coluiſſe genium. vivida ad ludum, & jocos
102 534 468 559 Invitat ætas. Egone præſentum bona
104 557 493 581 Stultus dierum perdam, ut incerti metu
103 580 550 607 Crucier futuri? ANT. Scilicet lege hâc ſatus
105 604 447 623 Veniſti in auras? nulla virturis tibi
53 624 452 652 605 Mandata cura eſt? una te letho dies
105 647 598 679 Animamq́ue rapiet? fabula, & cinis, & nibil
101 673 497 698 Poſt fata fies? Sed quid in vitâ expetis?
103 696 539 721 Quod illud eſt, cui totus incunbis. bonum?
104 720 439 743 Fortuna vanus mentis eluſæ jocus.
1 739 501 767 Ct Spolium ſenectæ robur, & morbo decor.
104 764 431 786 Cohors amica, miſeriæ ſolatium.
104 788 482 814 Ventoſa longo ſyrmate ambitio tumet,
103 811 476 839 Maleſida in alto lubricos ponit gradus
104 834 531 860 Quid opes? periclum pcſſidentis. aut onus.
53 858 505 884 15 Et avara in omnes vota porrigitis plagas:
103 880 494 906 Sollſve nomen prodigâ induſſit manu
99 902 607 930 Quodcumque naſcens Phœbus, aut moriens videt!
104 928 519 953 Ager ille populum cepit. & Domino vacat
104 949 512 976 Non ſolus uni. Fundus hic. regnum fuit.
6 972 511 999 a0 Hæc illa foribus clauſa tercentum domus,
102 995 507 1019 Cui vacua longas atria obiiciunt moras.
1 1003 493 1043 Validæque turres acre propugnant latus,
99 1040 475 1066 VVrbs eſſe potuit. Ite litroreos ſinus
100 1065 484 1089 Onerate villis, Cycladas Heſperio mari.
1 1087 485 1114 625 Cycladas Eoo ſpargite; extrs anni vias
100 1110 449 1135 Locate ſedes, omnia extruitis loca.
99 1132 487 1159 Vivitis in uno. ſinguli. Sunt hæc mala,
82 1155 543 1183 Sed pulchras. Luxus adice, Pontificum dapes
528 1176 602 1200 Ventris
376 1182 414 1204 23
1 1164 76 1208 â
