656 1298
48 72 499 102 166 LVDOVICI. CELLOTII
88 96 478 125 Ventris ſaburram, quid Dionææ loquar
47 119 533 149 40 eretricis ignes, turpe quâ placuit bonum?
84 142 470 172 Quid coniugalis proditam lecti fdem?
91 164 485 194 Saljt in Priapum. faſcino nupta infidet:
83 187 508 217 Fœda eviratos flammea obnubunt ſporos:
90 210 515 239 Ingens cinædum tumulus Antinoim tegie.
1 231 555 267 35 Ruitur in hæc propudia? in hoc animum polo
89 256 544 286 Hauſiſtis homines ? ſceleribus ſcelera additis:
90 280 448 307 Beatitatis magna pars veſtræ eſt, diu
90 304 457 331 Peccare: leges ſcilicet dirum tonent,
91 326 447 353 Immunis eſſe qui poteſt. inſons erit.
52 340 646 381 c0 TIT. Privata quereris, hominis, haud populi mala.!
93 370 590 399 ANT. Vnum unus, omnes omne compleſtis nefas.
92 392 563 423 TIT. ibi qniſque mentem moribus ſingit ſuis.
94 411 644 445 ANT.Sibi quiſq; mores fingit ad mentâ, & Deum.
94 441 495 468 TITIn prava nullus devios ducit Deus.
53 462 511 494 a4 ANT. In prava multi devios ducunt Dei.
69 484 556 510 5IT. Boni malorum vindices? ANT. Imo rei.
94 502 645 535 TIT. Natura ſanctos fecit. ANT. At vita improbos.!
91 523 646 559 TI. Humana de Diis loqueris. AN. Et Divos putas?
96 556 575 584 GAL. Quid illa taogis? ſacra Pontifces canant.
54 579 518 607 5o Adriane ſolùm id poſceris, legum impiger
96 602 495 628 Mandata facias: quiſquis eſt cœlo Deus.
94 623 543 653 Cœlum gubemnet. more quo Domini volunt,
94 650 484 670 Vivatur iſtic. Nam coli fruſtra autumo
96 671 443 702 Sibi quietum, fata volventem ſua.
56 695 452 721 55 Haurire fumos thuris, & donis capi,
99 718 479 745 Aut capere vota vulgus inſanum putet,
98 742 467 768 Et hoc timore gentium conſtet quies.
97 763 514 789 Mens alia nobis: cuique fortuna eſt Deus,
98 785 534 813 Favorq́ue Regum Iuppiter. Chriſtus, ſimnul
55 810 494 836 66o Vterque neuter, ſunto ſi reges volent
49 831 555 857 Divi, & colantur. ADR. Iſtud impietas mihi,
97 855 452 876 6allſne ſuadet ? fc Deo nulli litas,
98 877 536 905 Proſeſſus omues? Si tuam dextram, & fidem
79 902 566 939 Aonanoic, in bopig ad paqe vocen
56 924 533 951 65 Vtrique ſaveas caſus ut quemque offeret?
99 948 467 974 O perduelles ! innocens Chriſti genus
98 968 527 995 Fidumq́ue, nullo Regum in obſequio labat,
99 992 490 1019 Reges hahere vos putem, expertes Dei?
100 1013 609 1041 GAL. Aures amicis denegas? ADR. Ite impii,
57 1038 480 1064 6o Mea ſacra teſtor, nunc amicitiæ pudet.
100 1061 561 1086 TIT. Reconde latebris miles. & vincla aggere.
99 1085 509 1113 Iter eſt in aulam. Cæſaris te jam puta
98 1100 647 1134 Iuſtum ad Tribunal ſtare. ADR. Vos rigidum Dei
99 1128 566 1153 Cito ad Tribunal. GAL. Regium cingent latus
55 1145 647 1181 6s Iræ, neces, tormentas. ADR. Cum Cfriſto itrueat!
97 1175 531 1201 Cruceſ́ue, & ignes, & rotæ, terna omnia.
522 1193 652 1227 Cn0-I
