693 1297
123 35 616 61 S. ADRIANVS TRAGOEDIA. I50
145 82 586 116 ACTVS TERTIVS.
205 145 536 177 A RGVMENTVM.
242 206 614 239 RoISERA Nataliæ
99 230 615 305 5 utea monreturſi nan-
295 239 616 266 Adrianus curaturum ſe
219 301 614 336 do in Martyrii arenam
241 332 614 368 deſcenderet. Dum ergo
293 365 615 400 ad Cæſarem perducitur,
112 398 616 431 facilè Flavio impetrat, ut ex itinere
115 430 616 465 ad ſupremum conjugis oſculum di-
115 461 618 495 vertat, ſolus, & liber. Sed in ejus con-
1 493 618 528 rſpectum vix ſe dedit, cùm illa defe-
58 525 616 560 ciſſe â Chriſto delicatum juvenem ra-
111 556 616 592 ta, quibus eum eonvitiis, quibus
109 588 616 624 contumeliis è domùs feneſtrâ non ex-
101 620 618 655 cipit? Verùm rem totam denique c-
110 651 615 686 docta quò ſeriùsà metu reſpirat, eò
120 683 616 717 ferventiùs Martyrii candidatum com-
113 714 617 752 plectitur, & nuptiali veſte ſplenden-
1 745 616 782 tem ad curiam proſequitur. Quo viſo
112 779 617 814 Cæſar ornatum illum, animi muta-
118 809 617 845 tionem interpretatus, multis blandi-
118 841 619 876 tiis honoribuſque ſibi conciliat: inque
115 873 636 908 ejus gratiam, longam ab Authimo
120 906 619 940 ſene pro Chriſtianis Apologiam pa-
120 935 621 970 enter audit. i dum reſpondere co-
119 971 620 1000 natur Metellus rinter utrumque con-
123 999 621 1035 troverſia de religione agitatur. Sed
126 1030 620 1064 iſto jam deficiente, diſceptationem
127 1063 622 1096 terminat Galerius latâ in Martyrem
131 1090 627 1130 utrumque ſententiâ ut fuſtibus, ligniſ-
126 1123 628 1163 que actiter verberentur. Cui Conſul
395 1156 629 1187 LS addit,
