<PcGts xmlns="http://schema.primaresearch.org/PAGE/gts/pagecontent/2019-07-15" xmlns:xsi="http://www.w3.org/2001/XMLSchema-instance" xsi:schemaLocation="http://schema.primaresearch.org/PAGE/gts/pagecontent/2019-07-15 http://schema.primaresearch.org/PAGE/gts/pagecontent/2019-07-15/pagecontent.xsd"><Metadata><Creator>User123</Creator><Created>2022-01-24T09:06:09</Created><LastChange>2022-01-24T09:06:09</LastChange></Metadata><Page imageFilename="0171.png" imageHeight="1297" imageWidth="681"><TextRegion id="r0" type="paragraph" orientation="1.125"><Coords points="1,1 679,1 679,1295 1,1295"/><TextLine id="r0_l001"><Coords points="591,1 535,1 535,14 591,12 591,1"/><TextEquiv index="1"><Unicode>L</Unicode></TextEquiv></TextLine><TextLine id="r0_l002"><Coords points="1,63 1,75 23,75 23,63 1,63"/><TextEquiv index="1"><Unicode>p</Unicode></TextEquiv></TextLine><TextLine id="r0_l003"><Coords points="404,87 405,87 405,86 405,82 526,79 527,80 564,79 565,80 579,80 580,79 594,79 595,78 595,69 597,67 597,66 596,66 595,66 594,65 528,66 528,65 525,62 509,63 508,62 461,63 460,62 128,68 126,71 126,73 125,74 125,84 127,86 310,82 311,83 402,82 403,82 403,86 404,87"/><TextEquiv index="1"><Unicode>S:ADRIANVS TRAGOEDIA. I</Unicode></TextEquiv></TextLine><TextLine id="r0_l004"><Coords points="337,110 442,108 442,107 442,103 443,103 496,102 497,100 497,99 496,98 489,98 488,97 488,91 487,90 408,92 407,91 407,88 406,87 398,87 396,86 96,92 95,93 92,93 90,95 19,96 18,97 13,97 11,99 11,108 10,108 8,110 9,110 13,110 14,111 110,109 111,110 214,108 215,109 248,109 249,110 336,108 336,109 337,110"/><TextEquiv index="1"><Unicode>3 urioſe bellum, cadere quo ſolum potes.</Unicode></TextEquiv></TextLine><TextLine id="r0_l005"><Coords points="381,133 382,134 383,133 546,130 547,129 546,129 383,132 383,128 383,127 512,125 513,123 514,123 515,123 514,108 514,107 499,108 498,107 497,108 277,112 276,111 257,112 256,111 254,111 253,112 141,114 140,115 97,116 96,117 94,117 93,118 93,127 92,128 92,130 93,132 94,132 95,133 181,131 182,131 182,135 182,136 248,135 249,136 381,133"/><TextEquiv index="1"><Unicode>Sed hoc petis: ſed oportet; &amp; ſi mens tibi</Unicode></TextEquiv></TextLine><TextLine id="r0_l006"><Coords points="1,172 1,173 5,172 6,173 6,175 7,175 6,165 7,164 515,154 517,152 517,150 518,149 566,148 567,147 567,144 565,141 564,142 563,141 558,141 557,140 557,134 555,133 547,133 547,132 547,130 546,130 457,132 456,131 153,137 152,138 93,139 93,142 93,143 77,143 76,144 54,145 53,145 53,146 52,147 52,156 52,157 51,157 50,157 50,162 50,163 3,164 1,165 3,167 5,166 6,167 6,171 5,171 1,172"/><TextEquiv index="1"><Unicode>35 Tam læva, dabitur quod petis, quod non petis.</Unicode></TextEquiv></TextLine><TextLine id="r0_l007"><Coords points="389,178 389,179 390,178 390,172 461,171 462,171 474,171 475,170 497,170 498,169 498,162 499,162 500,160 500,159 499,158 478,158 477,158 477,156 476,154 457,155 456,154 454,154 453,154 453,159 453,160 414,160 412,159 412,157 412,156 411,157 410,156 410,155 409,156 385,156 383,158 383,161 305,163 304,162 287,162 286,161 286,159 285,158 280,158 278,160 278,161 277,162 239,163 238,162 228,162 226,160 224,160 223,161 223,162 222,163 195,164 194,163 180,163 179,163 179,161 179,160 148,161 147,160 145,160 144,161 141,161 140,162 139,162 136,165 135,165 134,166 105,167 105,166 104,162 103,161 101,161 100,160 99,161 98,161 97,162 95,162 94,162 95,174 94,175 93,175 92,176 90,176 90,177 92,177 93,178 107,177 108,178 155,178 156,179 183,178 185,176 215,175 216,176 216,182 218,182 219,182 219,176 219,175 259,174 260,175 267,175 268,174 343,173 344,173 344,178 344,179 346,179 347,178 347,174 380,173 381,174 381,177 384,177 385,177 385,176 386,175 386,174 387,172 388,172 389,172 389,178"/><TextEquiv index="1"><Unicode>Ita Cæſar. At tu ſtatue quo juſtus dolor</Unicode></TextEquiv></TextLine><TextLine id="r0_l008"><Coords points="455,200 456,201 456,200 456,195 457,195 476,194 477,193 503,193 504,191 504,183 502,182 485,182 484,183 460,184 460,183 460,182 459,182 457,182 456,183 431,183 430,182 429,183 391,184 391,183 391,179 390,179 388,179 388,183 387,184 310,185 310,180 308,179 285,179 284,180 283,180 282,182 282,186 281,186 270,186 269,187 240,188 238,186 220,186 220,183 219,182 211,182 210,181 206,182 206,186 205,187 193,187 192,188 156,189 155,188 154,188 153,189 117,189 117,185 115,183 114,183 113,184 94,185 93,186 94,187 94,200 96,202 129,201 130,200 136,200 156,200 157,201 198,200 198,205 199,206 202,206 202,205 202,200 203,200 211,199 212,198 245,198 245,200 246,201 262,200 262,201 262,203 263,203 268,203 268,199 269,198 274,198 275,197 311,196 312,197 313,197 314,196 350,196 350,201 351,202 351,201 351,197 352,197 356,197 357,196 411,195 412,195 413,194 440,194 440,197 441,198 455,198 455,200"/><TextEquiv index="1"><Unicode>Placetur aditu, quâ ferum evincas prece:</Unicode></TextEquiv></TextLine><TextLine id="r0_l009"><Coords points="138,230 139,230 140,229 140,223 165,222 166,223 182,223 183,222 195,222 207,222 208,222 215,222 216,221 224,221 250,221 251,222 286,221 287,220 313,219 314,220 337,220 338,221 341,221 342,220 362,219 363,218 436,217 437,218 496,217 497,217 497,220 497,221 514,220 515,219 516,219 517,219 517,218 518,217 518,214 517,213 516,212 516,211 511,212 510,211 510,205 509,204 507,204 506,203 504,203 503,204 482,204 481,204 481,201 481,200 446,201 445,200 423,200 422,201 420,201 418,203 418,205 395,206 394,207 353,208 352,207 352,202 349,202 348,202 348,203 348,204 338,204 337,205 313,205 312,204 310,204 309,204 275,204 273,206 273,208 271,210 271,212 270,213 270,215 269,215 268,216 267,204 267,203 212,204 211,205 200,206 199,206 199,210 199,211 153,212 152,211 152,210 151,209 151,207 150,206 149,206 147,207 147,211 147,212 114,212 113,212 113,209 113,208 112,208 111,207 106,208 105,207 103,207 102,208 100,208 94,213 95,217 96,218 96,220 98,223 99,223 100,224 102,224 103,225 105,225 106,225 108,225 109,224 137,224 138,224 138,229 138,230"/><TextEquiv index="1"><Unicode>Certo occidiſti. ADR. Si reum facti citat,</Unicode></TextEquiv></TextLine><TextLine id="r0_l010"><Coords points="199,252 201,252 201,251 201,245 202,245 252,244 252,248 253,249 254,248 255,248 255,247 255,246 257,245 287,244 288,243 335,242 336,243 338,243 339,244 340,243 349,243 350,242 410,241 410,243 412,245 414,244 414,245 414,246 415,246 417,246 420,243 445,243 445,242 445,241 446,240 446,237 444,236 439,236 439,235 439,230 437,229 359,231 358,230 346,230 342,226 324,226 323,225 306,226 305,225 304,225 303,226 301,226 298,229 298,230 297,231 278,231 277,232 256,233 256,232 256,228 255,228 253,228 253,231 252,232 183,233 183,232 183,229 182,229 157,229 156,229 155,229 154,230 137,230 137,235 136,236 111,236 111,232 110,231 106,231 105,231 101,231 100,230 99,230 98,231 97,231 97,232 98,233 98,246 99,247 115,246 116,247 198,246 198,251 199,252"/><TextEquiv index="1"><Unicode>Fecitſe fateor: jure fi factum negat.</Unicode></TextEquiv></TextLine><TextLine id="r0_l011"><Coords points="1,271 1,272 6,271 7,272 7,277 37,277 43,278 461,270 462,269 462,265 552,263 552,262 552,261 553,260 553,258 554,257 554,251 553,250 553,249 552,248 551,248 550,247 517,247 516,247 516,245 516,244 514,245 513,244 514,244 602,242 602,241 15,252 14,253 14,267 7,267 6,268 7,269 6,269 1,270 1,271"/><TextEquiv index="1"><Unicode>540 Non pœnitet ſeciſſe. FLAV. Lictorum cohote</Unicode></TextEquiv></TextLine><TextLine id="r0_l012"><Coords points="120,299 145,299 146,299 497,292 497,291 445,292 444,291 445,291 477,290 477,289 478,289 479,289 479,288 480,287 480,283 479,282 478,282 477,281 471,281 471,276 470,275 469,275 468,274 462,275 462,274 462,270 461,270 421,270 420,269 120,275 119,276 99,277 98,278 98,291 97,292 99,294 120,293 120,294 120,299"/><TextEquiv index="1"><Unicode>Robuſta teneros ſcorpio, loris, flagris,</Unicode></TextEquiv></TextLine><TextLine id="r0_l013"><Coords points="1,313 1,314 99,312 102,315 103,315 104,316 106,316 107,317 108,316 109,317 168,316 168,317 169,321 170,321 171,321 170,316 171,315 188,315 282,313 282,314 282,316 283,316 342,315 343,317 343,318 346,318 348,316 349,316 349,315 349,312 350,312 505,309 505,314 506,315 510,315 510,314 510,310 511,310 530,309 532,307 533,307 534,306 534,299 532,296 498,297 497,296 497,292 489,292 488,291 415,292 414,293 412,294 411,294 411,297 411,298 306,300 305,299 305,294 302,294 301,295 17,300 16,300 16,298 17,297 17,296 17,295 16,295 15,296 9,296 6,299 6,300 4,302 4,308 3,309 5,311 98,309 98,310 1,312 1,313"/><TextEquiv index="1"><Unicode>Cum ſcindet artus, fune protenſum undique</Unicode></TextEquiv></TextLine><TextLine id="r0_l014"><Coords points="1,334 1,344 2,346 5,346 6,346 162,343 164,344 251,343 252,342 252,340 269,339 271,338 271,337 271,336 477,332 478,331 499,331 500,330 500,328 499,327 499,322 498,321 498,320 496,319 488,319 488,316 487,315 463,316 462,315 241,319 240,318 239,318 238,319 100,322 99,323 98,323 98,325 97,326 5,328 5,333 4,334 1,334"/><TextEquiv index="1"><Unicode>4 Luxabit equulus, Conſulum veſtro ebria</Unicode></TextEquiv></TextLine><TextLine id="r0_l015"><Coords points="139,370 141,370 142,368 142,367 143,367 145,367 147,364 147,362 148,362 353,358 353,359 354,360 409,359 409,362 410,363 412,363 412,362 412,358 414,356 548,354 548,357 549,358 553,358 554,356 554,355 555,355 556,355 556,354 556,350 554,348 554,343 552,341 551,341 549,340 506,341 505,340 505,338 503,337 500,337 499,338 108,345 107,345 103,345 102,346 101,346 100,346 100,347 99,348 99,361 100,362 107,362 108,362 136,362 136,365 137,366 138,366 139,369 139,370"/><TextEquiv index="1"><Unicode>Sanguine ſecuris membra, non vitam auferetp</Unicode></TextEquiv></TextLine><TextLine id="r0_l016"><Coords points="64,395 68,395 70,394 70,393 70,392 80,392 84,388 84,387 85,386 85,385 125,384 126,385 170,384 171,385 171,389 172,390 174,390 176,389 176,385 176,384 332,381 333,382 333,387 335,387 336,387 336,382 336,381 368,380 369,379 416,378 417,379 426,379 427,380 427,385 428,385 428,380 428,379 516,377 517,378 517,381 518,381 519,382 520,381 521,381 523,380 523,379 524,378 524,376 523,375 523,374 521,372 514,373 514,372 514,367 513,366 512,365 511,366 446,367 446,366 445,362 444,361 442,361 440,362 441,366 440,367 413,368 413,367 412,363 389,363 388,362 387,362 386,363 384,363 382,365 382,366 381,367 332,368 331,364 331,363 329,363 327,365 327,367 327,368 327,369 326,369 260,371 259,370 213,370 212,368 212,367 209,368 208,367 206,369 205,369 205,370 204,371 200,371 199,372 187,372 186,373 162,373 161,368 160,366 156,367 155,368 121,368 120,367 99,368 98,368 98,369 98,370 98,373 97,374 86,374 85,375 81,375 81,376 81,377 80,377 66,377 63,380 62,380 62,381 62,382 61,382 60,382 57,386 57,387 58,388 58,390 63,390 64,391 64,395"/><TextEquiv index="1"><Unicode>5 Tibi ſuperſtes truocus hanc feries humum,</Unicode></TextEquiv></TextLine><TextLine id="r0_l017"><Coords points="417,409 418,409 418,404 419,403 437,403 437,404 437,407 439,408 441,408 442,406 442,403 443,403 469,402 470,403 494,403 494,404 496,406 497,406 498,405 500,405 500,404 500,403 501,402 501,398 499,396 494,396 493,395 493,390 491,389 489,389 488,388 473,388 472,387 472,386 471,385 470,385 469,384 468,384 468,385 468,389 467,389 429,390 429,386 428,385 367,386 366,387 365,387 364,389 364,391 363,391 336,392 336,388 335,387 318,387 318,388 318,392 317,392 276,393 276,388 275,387 273,387 272,389 272,394 244,395 243,394 224,394 222,393 218,393 218,390 217,389 214,389 214,390 214,393 213,393 202,394 202,395 116,396 115,396 115,392 114,391 107,392 106,391 99,391 99,393 98,394 98,395 99,396 101,396 101,406 103,408 107,408 108,409 155,408 155,410 156,411 168,410 168,411 168,412 170,413 171,412 173,412 173,409 174,408 187,408 188,407 249,406 249,408 250,409 252,409 255,406 350,404 350,405 351,406 351,409 352,410 353,410 353,409 353,405 354,405 378,404 379,403 413,403 414,403 416,403 416,404 416,409 417,409"/><TextEquiv index="1"><Unicode>Tunc, pœnitet, clamabis, &amp; facti pudet,</Unicode></TextEquiv></TextLine><TextLine id="r0_l018"><Coords points="187,436 188,436 189,435 189,430 235,429 236,430 237,430 238,429 323,427 324,428 325,427 440,425 442,423 443,423 445,421 445,420 446,419 445,416 444,415 444,414 443,413 420,413 419,413 419,410 419,409 416,409 415,410 415,413 363,414 362,414 354,414 353,413 353,410 346,410 345,409 342,409 341,410 322,410 320,412 267,413 266,412 261,412 260,412 228,412 227,411 204,412 203,411 201,411 200,412 198,412 196,413 196,414 195,415 195,416 194,418 134,419 133,419 133,415 132,413 130,413 129,414 102,415 99,417 99,419 98,420 99,425 97,427 98,428 98,429 98,430 99,430 100,431 102,431 103,432 186,430 187,430 187,435 187,436"/><TextEquiv index="1"><Unicode>Sed voce ſerâ. Parce i dira occino</Unicode></TextEquiv></TextLine><TextLine id="r0_l019"><Coords points="276,458 437,455 437,453 438,452 484,451 485,450 485,449 486,448 486,446 487,445 487,444 484,441 479,441 479,436 478,435 475,435 473,433 439,434 439,432 437,430 362,432 361,431 360,432 358,432 357,433 142,437 141,436 97,437 96,438 96,441 95,442 44,443 44,444 44,445 95,444 96,444 96,453 97,454 111,453 112,454 116,454 117,455 153,455 153,459 154,460 275,457 276,458"/><TextEquiv index="1"><Unicode>Malè ominatus augur: ut ſe res habent,</Unicode></TextEquiv></TextLine><TextLine id="r0_l020"><Coords points="304,481 305,481 306,480 306,475 338,474 339,473 460,471 461,471 461,474 461,475 464,475 465,474 465,471 499,470 500,469 501,469 503,467 504,467 504,466 504,464 505,463 505,460 502,457 488,457 487,458 463,459 462,460 438,460 437,460 437,456 437,455 400,456 399,456 399,460 399,461 358,462 357,461 326,461 325,461 325,459 323,456 319,456 318,457 317,457 316,458 316,459 315,460 315,461 291,462 290,461 290,459 289,458 280,458 278,460 278,465 255,466 254,465 254,464 252,464 251,463 157,465 156,464 156,460 153,460 152,460 152,464 152,465 116,465 115,465 115,462 115,461 109,461 108,461 105,461 104,462 103,462 99,465 99,470 98,471 103,476 105,476 106,477 107,477 108,477 108,478 108,479 109,477 112,477 162,476 163,477 164,476 209,476 210,477 238,476 239,476 239,481 239,482 241,482 242,481 242,476 262,475 263,474 303,474 304,474 304,480 304,481"/><TextEquiv index="1"><Unicode>Graviora metue. Fructum amicitiæ puto</Unicode></TextEquiv></TextLine><TextLine id="r0_l021"><Coords points="1,504 1,505 6,505 6,506 8,507 59,506 60,507 335,502 336,503 482,500 482,497 483,496 582,494 584,492 584,491 585,490 585,475 585,474 586,474 587,474 587,472 586,471 546,472 545,473 545,474 544,475 419,477 418,478 233,482 233,481 232,480 231,480 230,481 102,484 101,485 101,487 100,488 7,489 5,492 3,492 2,493 1,493 1,494 1,504"/><TextEquiv index="1"><Unicode>4 50 Fida in periclis monita. ADR. Præcepi antehac,</Unicode></TextEquiv></TextLine><TextLine id="r0_l022"><Coords points="391,525 394,525 395,524 394,518 395,518 413,518 414,519 441,518 442,517 443,517 443,516 443,515 442,514 442,513 434,513 433,513 433,508 431,505 422,505 421,505 421,501 421,500 418,500 417,501 417,505 379,506 378,506 378,503 378,502 352,503 350,501 348,501 347,502 328,502 327,503 327,508 294,509 293,508 246,509 245,508 245,505 244,504 240,504 237,506 237,507 237,508 213,508 212,508 212,506 210,504 208,505 208,510 208,511 162,511 161,511 161,507 161,506 160,507 159,506 106,507 105,508 104,508 103,508 103,519 101,522 100,522 99,522 101,524 108,524 109,525 121,524 122,523 170,522 171,523 175,523 176,522 199,522 200,522 200,528 200,529 202,529 203,528 203,523 288,521 289,521 289,525 289,526 291,526 292,525 293,525 294,524 294,521 314,520 315,519 353,519 354,525 354,526 356,526 357,525 357,520 376,519 377,518 390,518 391,524 391,525"/><TextEquiv index="1"><Unicode>Et inferendo ferre perdidici mala.</Unicode></TextEquiv></TextLine><TextLine id="r0_l023"><Coords points="304,551 307,551 307,550 307,544 319,543 320,544 323,544 324,543 335,543 336,542 362,542 363,543 369,542 370,541 413,541 414,542 424,541 425,540 444,540 445,540 445,546 446,547 448,547 448,546 448,540 500,539 501,539 501,542 501,543 502,543 504,541 505,541 507,539 507,538 508,537 507,536 507,534 506,534 505,534 504,533 500,533 500,532 500,527 498,526 495,526 494,525 479,525 479,524 478,523 478,522 477,521 462,522 462,527 461,528 432,528 432,524 431,523 429,523 428,524 391,525 391,529 390,530 363,531 362,530 357,530 357,529 357,526 356,526 328,526 327,525 295,526 294,527 293,527 292,528 291,528 287,532 229,533 229,529 227,527 224,527 223,528 200,529 200,532 199,533 195,533 194,534 134,535 134,530 133,529 130,529 129,530 103,531 102,532 101,532 100,533 100,541 99,542 99,545 101,548 132,547 133,546 155,546 156,546 156,552 157,553 158,553 158,552 158,547 177,546 178,547 178,551 179,551 181,551 181,547 182,545 209,545 210,545 210,546 210,547 232,546 233,547 233,551 234,551 235,551 236,550 237,550 237,549 237,546 242,546 243,545 249,545 250,545 250,551 251,552 251,551 251,545 302,544 303,544 303,550 304,551"/><TextEquiv index="1"><Unicode>Sed me priuſquam Cæſar in vinclis videt,</Unicode></TextEquiv></TextLine><TextLine id="r0_l024"><Coords points="306,574 309,574 310,573 309,568 310,568 314,567 315,566 354,566 354,569 356,571 359,571 359,570 359,568 360,568 380,567 380,566 381,565 396,565 396,570 397,571 400,571 400,570 400,565 401,565 433,564 434,563 480,562 482,560 482,559 483,558 483,556 482,555 482,553 482,552 481,552 480,551 466,552 465,551 450,551 449,550 449,548 448,547 433,547 432,546 430,548 430,552 372,553 371,553 371,549 370,547 369,547 367,549 367,553 308,555 307,554 307,551 290,551 289,550 289,549 266,549 265,550 249,551 247,552 247,555 247,556 221,556 220,556 220,552 220,551 206,552 205,553 204,553 203,553 203,556 203,557 173,557 172,556 159,557 158,556 158,553 156,553 155,553 155,557 155,558 115,558 114,558 114,557 113,555 112,555 111,554 110,554 109,554 105,554 104,553 102,553 101,554 100,554 98,555 100,557 100,569 102,571 121,570 122,569 141,569 163,568 164,569 191,569 191,571 192,572 203,572 204,574 204,575 206,575 207,574 206,569 207,569 267,567 268,568 269,568 270,567 305,567 306,573 306,574"/><TextEquiv index="1"><Unicode>Permitte, Flavi dulcis amplexn ultimo</Unicode></TextEquiv></TextLine><TextLine id="r0_l025"><Coords points="393,594 394,594 395,593 395,590 464,589 465,588 466,587 467,587 467,582 465,581 464,581 463,580 457,580 457,579 457,574 456,574 402,575 402,574 402,571 401,571 387,571 386,570 384,570 383,571 256,574 255,573 254,574 104,577 103,578 101,578 101,581 102,582 102,593 102,594 226,591 227,592 392,589 393,589 393,593 393,594"/><TextEquiv index="1"><Unicode>Fruar maritæ. Tenuis eſt lethi mora,</Unicode></TextEquiv></TextLine><TextLine id="r0_l026"><Coords points="1,619 1,620 65,618 65,619 64,620 64,621 66,622 245,619 245,620 246,621 248,621 249,620 262,620 262,619 262,615 263,614 443,611 443,614 444,615 565,613 565,616 566,617 567,617 567,616 567,607 568,607 579,606 580,605 581,605 581,604 582,603 582,602 583,601 583,594 582,593 582,592 581,591 580,591 579,590 431,593 430,592 428,592 427,593 7,602 6,601 5,601 4,601 4,605 4,606 3,606 1,608 1,619"/><TextEquiv index="1"><Unicode>555 Et triſte munus. FLAV. Debita ſupremum rogas</Unicode></TextEquiv></TextLine><TextLine id="r0_l027"><Coords points="180,645 182,645 183,645 183,640 183,639 221,638 222,637 281,636 282,637 283,636 386,634 387,635 387,639 390,639 391,638 391,637 392,636 392,634 468,632 469,631 511,631 512,630 512,627 511,626 510,620 509,619 478,619 477,620 426,621 425,621 425,617 425,616 415,617 414,616 412,616 411,616 411,617 411,618 371,618 370,617 346,618 345,617 342,617 341,618 340,618 338,620 338,621 337,621 336,622 337,623 336,623 271,624 270,623 266,623 265,620 265,619 261,620 260,621 246,621 245,621 246,624 245,625 237,625 236,626 208,627 207,626 206,627 168,627 167,623 166,621 140,622 139,623 138,623 137,624 110,625 109,624 106,624 105,625 102,625 102,627 102,628 103,628 104,628 104,630 105,631 105,632 106,633 106,635 107,636 107,638 108,639 108,640 108,641 109,641 110,641 111,640 123,640 124,639 160,639 161,639 170,639 171,640 171,643 179,643 180,644 180,645"/><TextEquiv index="1"><Unicode>Vtriuſque meritis: non facit juſſis moram</Unicode></TextEquiv></TextLine><TextLine id="r0_l028"><Coords points="272,666 273,666 273,660 274,659 329,658 330,659 331,659 332,658 365,658 366,658 367,657 479,655 480,654 504,654 504,653 504,650 503,649 503,644 500,642 493,642 492,643 447,644 446,643 445,644 368,645 368,643 366,641 351,642 351,641 351,640 350,640 348,640 348,646 347,647 300,648 299,647 256,648 255,647 237,647 237,644 236,643 227,643 226,645 226,648 225,648 184,649 183,649 183,646 182,645 175,645 174,644 172,644 172,645 172,649 125,650 124,650 124,647 123,646 122,646 121,645 120,646 103,647 102,648 102,649 104,651 104,661 104,662 103,662 102,662 102,663 103,664 109,664 110,665 111,664 112,663 122,663 123,662 160,662 161,663 172,662 173,661 205,661 205,667 206,668 208,668 208,667 208,662 209,662 212,662 213,660 265,659 266,660 271,660 271,661 271,666 272,666"/><TextEquiv index="1"><Unicode>Pietas licet diuturmna: celebremus tamen</Unicode></TextEquiv></TextLine><TextLine id="r0_l029"><Coords points="347,686 350,686 351,685 351,683 359,683 360,682 360,681 463,679 465,677 465,674 464,674 457,674 457,673 456,668 455,667 433,667 432,667 432,663 431,661 428,661 427,662 426,662 425,663 425,664 424,665 424,666 423,667 365,669 364,668 363,668 362,669 348,669 347,670 313,671 311,669 309,669 308,668 308,664 305,664 304,664 304,668 304,669 291,669 290,670 276,670 275,670 275,667 275,666 251,667 250,666 245,666 242,668 242,670 241,672 210,673 209,672 209,668 180,668 179,667 176,667 175,668 150,669 149,668 146,668 145,669 143,669 142,670 141,670 140,671 108,672 107,671 104,671 103,672 102,672 101,672 101,673 102,674 102,675 104,676 104,687 104,688 117,687 118,686 185,685 187,683 212,683 213,683 227,683 228,684 230,684 231,683 262,683 263,684 264,682 320,681 321,682 322,681 345,681 346,681 346,684 347,686"/><TextEquiv index="1"><Unicode>Ne Cæſat iræ faciat hoc partem ſuæ.</Unicode></TextEquiv></TextLine><TextLine id="r0_l030"><Coords points="531,704 532,704 532,698 533,697 570,696 571,697 574,697 575,696 575,692 574,691 567,692 567,691 567,684 565,683 563,683 562,684 530,684 530,682 528,680 524,680 523,681 522,681 521,683 521,684 520,685 520,686 519,686 482,687 482,684 479,681 478,681 477,682 461,683 460,684 444,684 444,689 443,690 399,691 399,690 399,687 398,686 398,685 397,685 380,685 379,686 378,686 378,687 376,689 376,690 375,690 343,691 342,692 295,693 295,692 295,688 294,688 280,688 279,687 278,687 277,689 277,693 276,693 250,694 250,693 250,689 249,689 237,689 237,690 237,695 236,695 203,696 202,695 186,695 186,694 183,691 174,691 173,692 148,693 147,692 142,692 141,693 123,693 122,694 111,694 110,696 109,696 108,697 108,701 107,702 107,703 106,704 106,705 105,706 105,710 106,711 107,710 180,708 181,707 206,707 207,708 243,707 244,706 332,704 333,703 351,703 361,703 361,705 362,706 365,706 365,705 365,704 366,703 387,703 388,702 417,701 418,702 430,702 431,701 480,700 481,699 531,698 531,699 531,704"/><TextEquiv index="1"><Unicode>ADR. Præcedite hinc vos, ſolus ad ſolam ferar.</Unicode></TextEquiv></TextLine><TextLine id="r0_l031"><Coords points="1,738 1,742 2,744 4,742 4,741 5,740 5,735 194,731 195,731 195,736 195,737 197,737 198,736 198,731 465,726 466,726 466,729 466,730 467,729 513,728 514,727 514,723 576,721 576,720 577,719 577,718 576,717 576,715 575,714 575,710 574,708 568,709 567,708 546,708 545,707 545,703 542,703 541,704 530,704 529,705 483,706 482,707 76,715 75,716 74,716 73,717 72,717 71,718 7,720 5,722 4,722 2,723 2,724 1,725 1,726 1,727 1,737 1,738"/><TextEquiv index="1"><Unicode>5 60 Thalamus recuſat conſcium. FL. Fortis quidem</Unicode></TextEquiv></TextLine><TextLine id="r0_l032"><Coords points="343,757 345,757 345,756 345,750 346,750 392,749 392,748 418,747 419,748 429,748 430,747 482,746 483,746 483,743 482,742 482,736 480,734 469,734 469,730 468,729 460,730 459,729 457,729 457,734 456,735 440,735 439,736 412,737 410,735 409,736 401,736 400,737 361,738 360,737 353,737 353,736 353,734 351,733 350,733 349,732 347,732 346,733 345,733 344,734 344,737 343,738 301,739 301,738 301,734 300,734 280,734 279,733 278,734 277,734 277,735 277,738 276,738 262,739 261,740 260,740 259,741 213,741 211,740 210,741 198,741 198,740 198,737 197,737 194,737 194,742 193,743 164,743 163,742 149,743 148,744 126,744 126,740 124,738 104,739 102,741 102,744 102,745 105,745 106,745 106,755 107,756 111,756 112,756 114,756 115,755 187,754 188,753 212,753 213,754 243,753 243,756 244,757 245,757 246,758 248,758 248,757 248,753 249,753 271,752 272,751 305,751 305,756 306,757 306,756 306,751 307,751 330,750 330,751 330,752 332,753 335,750 342,750 342,756 343,757"/><TextEquiv index="1"><Unicode>Timere virtus prohibet, &amp; mortem diu</Unicode></TextEquiv></TextLine><TextLine id="r0_l033"><Coords points="322,779 345,779 346,778 345,772 346,772 369,771 370,772 376,772 377,771 416,771 417,772 435,771 436,770 472,769 473,770 474,770 475,769 489,769 490,768 490,767 489,766 489,760 488,759 488,758 488,757 482,757 481,756 480,756 479,757 409,759 408,758 407,758 405,760 396,760 395,761 370,761 369,760 355,761 354,760 345,760 344,759 344,757 343,757 342,757 342,760 341,762 308,763 307,762 307,757 297,757 296,758 293,758 291,759 291,762 291,763 253,764 252,763 243,763 242,762 242,760 241,759 237,759 236,760 231,760 230,761 229,761 228,762 227,763 227,764 193,765 192,764 192,759 189,759 188,759 188,764 188,765 140,766 139,765 139,761 136,761 135,762 135,763 110,764 109,764 109,766 107,768 107,771 106,772 106,774 105,776 104,776 103,777 102,777 102,778 103,780 169,778 170,777 191,777 192,776 218,775 219,776 267,775 268,774 321,773 321,774 322,779"/><TextEquiv index="1"><Unicode>Animus laceſſens: Si quis amoto tamen</Unicode></TextEquiv></TextLine><TextLine id="r0_l034"><Coords points="112,804 117,803 117,802 130,802 131,801 167,800 168,801 170,801 171,800 284,798 285,797 332,796 333,795 369,794 370,795 394,795 395,794 430,793 431,794 437,794 438,793 475,792 476,793 493,793 494,793 494,794 494,795 497,795 499,793 499,792 500,791 500,787 499,786 499,782 497,781 496,781 495,780 402,782 402,781 402,778 401,778 394,778 393,777 368,777 367,778 342,779 342,782 341,783 313,784 313,783 313,779 311,778 310,778 308,780 282,780 281,779 277,779 276,780 275,780 274,782 274,784 272,785 230,786 230,783 229,782 228,782 227,781 226,783 226,786 225,786 194,787 194,786 194,784 192,783 137,784 136,785 109,786 108,787 107,787 105,789 104,790 104,791 103,792 103,795 104,796 104,798 107,802 108,802 109,803 110,803 112,804"/><TextEquiv index="1"><Unicode>Cuſtode latebras ſuadet imbelles metus;</Unicode></TextEquiv></TextLine><TextLine id="r0_l035"><Coords points="259,828 261,828 262,827 261,822 262,822 284,821 285,820 332,819 333,818 338,818 338,819 338,824 339,824 339,819 340,818 365,818 366,819 381,818 382,819 383,819 384,818 418,817 419,816 424,816 424,817 424,823 425,823 447,823 447,822 447,816 448,816 459,816 460,817 495,816 496,815 511,815 511,821 512,822 512,821 512,815 513,815 569,814 570,815 576,814 580,810 580,800 579,798 567,799 566,800 563,800 562,801 542,801 541,801 541,797 539,795 526,795 525,796 523,796 522,798 522,800 510,801 508,803 463,804 462,803 462,799 461,799 460,799 459,798 457,800 457,804 457,805 433,805 432,805 432,802 431,800 416,801 415,802 367,802 366,802 353,802 352,802 352,803 351,804 351,805 350,806 350,807 349,808 349,811 349,812 325,812 324,812 324,810 323,808 322,808 321,807 315,808 314,807 299,807 298,808 264,809 263,810 157,812 156,813 121,813 120,813 120,810 120,809 112,810 111,809 106,809 104,810 104,812 105,813 105,822 108,825 115,824 116,825 143,825 144,824 183,823 183,824 184,829 207,829 209,827 208,823 209,823 258,822 259,827 259,828"/><TextEquiv index="1"><Unicode>Homo es, potes nutate. ADR. Me de te æſtimus</Unicode></TextEquiv></TextLine><TextLine id="r0_l036"><Coords points="117,854 124,854 125,853 125,852 126,851 126,849 126,848 147,848 148,847 193,846 194,845 219,844 221,846 222,846 223,845 281,844 282,843 295,843 296,843 296,849 296,850 298,850 299,849 299,843 314,843 315,844 338,843 339,844 339,846 340,847 345,847 346,848 365,848 366,847 366,842 375,841 376,840 416,840 417,841 432,840 433,839 447,839 448,838 447,823 435,823 434,822 426,822 424,824 423,824 422,825 423,826 422,826 415,827 413,829 375,829 374,828 353,829 352,828 342,828 342,827 341,824 316,824 315,826 313,826 313,828 312,829 312,830 311,831 290,831 289,832 262,833 262,832 262,828 261,828 259,828 258,829 222,829 220,832 220,833 219,833 206,834 205,835 188,835 188,830 187,829 180,829 179,828 177,828 176,830 176,834 175,834 145,835 144,836 141,836 140,837 113,837 113,834 112,833 112,832 111,832 97,832 96,831 85,831 85,830 84,829 80,829 79,830 78,830 77,831 75,831 71,836 71,842 73,844 73,845 74,845 75,846 85,846 86,847 86,848 104,848 105,849 114,848 115,849 115,853 117,854"/><TextEquiv index="1"><Unicode>s Ignave lixa? Scimus 0 ſpretam tibi</Unicode></TextEquiv></TextLine><TextLine id="r0_l037"><Coords points="289,873 291,873 291,872 291,866 292,866 333,865 333,866 333,868 334,868 336,868 336,867 338,865 415,864 415,867 416,868 417,868 417,869 418,870 425,869 425,863 426,862 470,861 470,860 469,859 469,851 467,850 456,850 456,849 456,845 455,845 454,845 453,844 452,844 451,845 451,850 451,851 405,852 404,851 403,852 368,852 367,852 367,848 366,848 345,848 345,850 343,853 301,854 300,853 300,850 299,850 296,850 296,853 296,854 272,854 271,854 271,852 269,850 268,850 267,851 243,852 243,851 243,850 242,850 238,850 237,851 222,851 221,853 221,855 210,856 209,857 185,857 184,858 153,859 152,858 152,854 144,854 142,853 140,853 140,854 119,854 118,855 118,857 115,857 114,856 113,856 112,856 107,856 106,857 105,857 104,857 104,871 106,873 122,872 123,871 178,870 179,869 193,869 193,874 194,875 210,875 210,874 210,869 211,869 254,868 254,871 257,874 261,874 262,873 263,873 264,872 265,872 265,871 265,868 266,867 288,867 288,868 288,873 289,873"/><TextEquiv index="1"><Unicode>edimere vitâ gloriam, ſcimus gradu</Unicode></TextEquiv></TextLine><TextLine id="r0_l038"><Coords points="212,898 213,898 214,897 398,893 399,892 400,892 401,891 539,888 540,888 539,887 401,890 401,889 432,888 433,887 434,887 436,885 530,883 531,882 532,882 533,882 533,880 532,879 525,879 524,867 523,865 520,866 519,865 518,866 462,867 461,868 440,868 439,869 422,869 421,870 194,875 193,876 111,878 110,879 107,879 104,882 104,883 102,885 102,889 103,890 103,891 104,893 105,893 107,895 108,895 109,896 111,896 112,896 112,897 112,898 153,897 154,898 211,897 212,898"/><TextEquiv index="1"><Unicode>Compoſti in uno vincere, aut pulchrè mori.</Unicode></TextEquiv></TextLine><TextLine id="r0_l039"><Coords points="207,921 209,921 209,920 209,915 210,915 309,913 310,914 310,913 310,912 311,912 367,911 368,911 373,911 374,910 432,909 433,908 469,908 469,911 470,911 471,911 471,910 473,908 504,908 504,911 506,913 510,913 510,912 510,908 511,908 520,908 521,906 541,906 543,904 543,889 542,888 536,888 536,889 536,894 535,894 489,895 489,894 488,893 488,892 486,890 484,890 483,891 482,891 480,894 480,895 479,895 452,896 451,897 418,897 418,893 415,891 414,892 412,892 411,893 358,894 358,897 357,898 331,898 331,896 329,894 270,895 269,896 256,897 255,898 255,900 254,901 235,901 234,902 215,902 215,899 213,898 207,898 205,896 204,896 203,897 203,899 202,900 156,901 155,900 142,900 141,901 137,901 136,902 111,903 110,904 110,908 109,909 109,910 108,911 108,912 105,915 105,917 106,918 126,917 127,918 129,918 130,917 131,917 132,916 163,916 164,917 165,916 166,915 206,915 206,920 207,921"/><TextEquiv index="1"><Unicode>ANT. Meliora Flavi. fortia &amp; facere, &amp; pati</Unicode></TextEquiv></TextLine><TextLine id="r0_l040"><Coords points="189,945 191,945 192,944 192,938 268,936 269,937 269,939 270,939 272,938 272,937 272,936 299,936 300,935 361,934 362,934 362,938 362,939 364,937 364,934 377,933 378,932 427,931 428,932 428,936 429,937 431,936 431,932 431,931 450,931 451,931 451,937 451,938 453,938 454,937 454,932 489,931 491,930 491,929 490,928 489,922 488,921 488,920 488,919 469,920 468,919 460,919 459,918 459,914 456,914 455,914 455,919 455,920 417,921 416,920 411,920 410,919 410,915 399,915 398,916 396,916 393,918 393,920 393,921 347,922 346,923 315,924 314,923 306,923 305,924 210,926 209,925 209,921 188,921 187,920 163,921 162,922 152,922 151,923 128,923 127,924 108,925 107,925 108,940 108,941 112,941 113,941 120,941 121,940 155,940 156,939 188,938 189,939 189,945"/><TextEquiv index="1"><Unicode>Rt Chriſtianum, nemo repreſſit pedem</Unicode></TextEquiv></TextLine><TextLine id="r0_l041"><Coords points="76,970 78,970 79,969 80,969 80,968 81,967 81,966 83,964 113,964 114,964 122,964 123,963 137,963 138,962 164,962 165,962 167,962 168,961 177,961 178,960 214,960 215,961 283,959 284,958 315,958 315,964 316,965 318,964 318,958 319,957 376,956 377,955 405,955 427,954 428,955 429,955 430,954 440,954 440,955 440,961 441,961 443,961 443,955 444,954 458,954 458,957 460,959 464,959 465,958 468,958 468,957 468,954 469,954 488,953 488,946 488,945 489,945 490,945 490,944 491,943 491,942 489,940 487,940 486,941 455,942 455,941 455,938 454,938 426,938 425,940 425,943 424,943 415,944 414,943 398,943 398,942 398,939 397,939 377,939 376,940 361,941 359,943 359,945 358,946 322,946 321,945 309,946 308,947 247,948 246,947 245,947 244,948 222,948 222,944 221,943 219,943 219,944 219,948 218,948 192,949 192,948 192,945 191,945 189,945 189,946 189,950 188,950 166,950 166,949 165,948 164,948 163,947 163,945 162,945 128,945 127,946 116,946 115,947 112,948 110,950 92,950 91,951 82,951 81,952 80,952 79,953 75,953 74,954 73,954 73,955 73,956 72,957 72,958 73,959 73,969 74,969 75,969 76,970"/><TextEquiv index="1"><Unicode>5o Chriſto incitatus: notus Adriani vigor</Unicode></TextEquiv></TextLine><TextLine id="r0_l042"><Coords points="430,983 431,984 432,983 434,983 435,983 435,981 435,980 522,978 524,976 525,976 526,975 526,971 525,969 519,970 518,969 518,963 517,962 486,962 485,962 485,960 485,959 482,959 481,960 402,962 401,963 289,965 288,964 262,965 261,966 115,968 114,969 112,970 111,971 109,971 108,971 109,986 109,987 112,987 113,988 117,987 118,986 130,986 131,985 321,981 322,982 322,985 430,983"/><TextEquiv index="1"><Unicode>Per tot furores Principum &amp; Regis minas,</Unicode></TextEquiv></TextLine><TextLine id="r0_l043"><Coords points="182,1015 184,1015 184,1013 185,1012 264,1011 264,1010 264,1009 265,1009 482,1004 482,1003 436,1004 435,1004 435,1001 435,1000 453,1000 454,999 454,998 462,998 463,997 463,991 464,990 464,989 461,987 459,987 458,986 367,988 364,985 363,985 362,984 361,984 360,985 359,985 358,986 285,987 284,988 149,991 148,992 110,993 109,994 107,994 107,1007 107,1008 95,1008 94,1008 95,1009 109,1009 110,1010 113,1010 114,1011 177,1009 181,1014 181,1015 182,1015"/><TextEquiv index="1"><Unicode>Præluſt orco: geſtit invictum caput</Unicode></TextEquiv></TextLine><TextLine id="r0_l044"><Coords points="176,1036 178,1036 180,1035 179,1031 180,1030 209,1030 210,1034 210,1035 213,1035 215,1033 214,1030 215,1030 249,1029 250,1033 250,1034 252,1032 251,1029 253,1028 315,1027 316,1030 317,1032 318,1031 318,1030 319,1028 325,1028 325,1026 326,1025 359,1025 359,1027 360,1028 362,1028 364,1026 388,1025 388,1024 389,1023 410,1023 411,1029 411,1030 414,1030 415,1029 414,1023 415,1023 458,1022 458,1027 459,1028 466,1028 467,1027 468,1027 469,1025 469,1023 470,1023 471,1022 472,1021 485,1021 486,1020 497,1020 522,1019 523,1020 524,1019 525,1019 526,1018 535,1018 535,1016 534,1015 534,1007 533,1005 520,1006 519,1007 518,1007 517,1008 483,1008 482,1008 482,1005 482,1004 480,1004 478,1006 478,1009 473,1009 472,1010 419,1012 418,1011 417,1012 382,1012 381,1012 381,1010 380,1008 375,1008 373,1010 373,1011 372,1012 372,1013 340,1014 339,1013 338,1014 301,1015 300,1014 300,1010 270,1010 268,1012 268,1013 267,1014 267,1015 267,1016 256,1016 255,1017 228,1017 227,1017 227,1013 227,1012 225,1012 223,1014 223,1017 190,1018 189,1019 155,1020 154,1019 153,1020 119,1020 118,1020 118,1018 118,1017 114,1018 113,1017 108,1017 107,1017 107,1030 106,1031 107,1032 107,1033 113,1033 114,1034 119,1033 120,1032 144,1032 145,1031 175,1030 175,1031 176,1036"/><TextEquiv index="1"><Unicode>Lauro propinquâ cingere, &amp; certam abnuat</Unicode></TextEquiv></TextLine><TextLine id="r0_l045"><Coords points="280,1056 283,1056 284,1055 284,1051 284,1050 327,1049 328,1048 385,1047 386,1046 408,1046 409,1046 409,1048 409,1049 410,1049 411,1048 411,1046 419,1046 420,1046 421,1045 451,1045 452,1044 466,1044 504,1043 505,1044 507,1044 508,1043 508,1036 510,1036 511,1035 511,1031 510,1030 510,1029 509,1029 508,1029 507,1028 504,1028 504,1032 503,1033 480,1033 479,1032 468,1033 467,1032 465,1032 465,1031 464,1028 456,1028 455,1028 456,1029 452,1033 447,1033 446,1034 415,1035 415,1034 415,1030 414,1030 411,1030 411,1034 410,1035 405,1035 404,1034 394,1034 393,1035 335,1036 335,1032 334,1031 331,1031 330,1032 307,1033 305,1035 305,1038 304,1039 268,1039 268,1038 266,1036 266,1035 265,1035 264,1035 263,1034 262,1035 262,1039 261,1040 197,1041 196,1042 165,1042 164,1042 142,1042 142,1041 142,1039 141,1039 140,1039 139,1038 137,1038 136,1037 135,1038 124,1038 123,1039 107,1040 106,1041 105,1041 106,1042 106,1043 107,1044 107,1045 108,1046 108,1047 110,1049 110,1050 111,1051 111,1053 112,1054 112,1055 113,1056 113,1057 114,1058 115,1057 115,1056 115,1055 178,1054 179,1053 237,1052 238,1051 242,1051 243,1051 243,1056 244,1057 244,1056 244,1051 278,1050 279,1051 279,1056 280,1056"/><TextEquiv index="1"><Unicode>Victus coronam? poſtulas morris vaſtem?</Unicode></TextEquiv></TextLine><TextLine id="r0_l046"><Coords points="207,1082 210,1082 210,1081 210,1077 211,1077 234,1076 236,1074 284,1073 284,1074 284,1079 285,1079 288,1079 289,1078 292,1078 292,1074 293,1073 300,1073 301,1072 335,1071 335,1072 335,1076 336,1076 337,1076 337,1072 338,1071 351,1071 351,1076 352,1077 355,1077 355,1076 355,1070 356,1070 384,1069 385,1068 407,1068 407,1074 408,1075 408,1074 408,1068 409,1068 421,1067 422,1068 423,1068 424,1067 455,1067 455,1071 457,1073 460,1073 460,1072 460,1067 461,1067 495,1066 496,1067 497,1066 499,1066 499,1065 499,1057 498,1056 498,1055 471,1056 470,1055 458,1055 457,1054 457,1051 455,1050 414,1051 413,1050 412,1050 411,1049 411,1050 410,1051 410,1057 410,1058 385,1058 384,1058 384,1054 383,1053 380,1053 380,1054 380,1057 367,1058 366,1059 348,1059 347,1060 323,1060 322,1059 321,1060 287,1061 286,1062 262,1063 261,1062 261,1056 260,1056 251,1056 251,1057 243,1057 242,1058 224,1058 223,1059 222,1059 220,1061 220,1063 198,1064 197,1065 174,1065 173,1065 173,1060 173,1059 157,1060 156,1060 156,1065 156,1066 122,1066 121,1066 121,1064 121,1063 120,1063 119,1062 109,1063 108,1064 97,1064 96,1065 94,1065 93,1066 79,1066 78,1067 77,1067 75,1069 75,1070 74,1071 74,1072 75,1073 75,1082 74,1083 75,1084 80,1084 81,1083 90,1083 91,1082 94,1082 96,1080 120,1079 121,1078 134,1078 135,1077 146,1077 166,1076 167,1077 177,1077 178,1076 206,1076 206,1081 207,1082"/><TextEquiv index="1"><Unicode>5 En adſum, &amp; illo quotquot incluſi ſpecu</Unicode></TextEquiv></TextLine><TextLine id="r0_l047"><Coords points="176,1103 177,1103 178,1103 178,1100 178,1099 227,1098 228,1097 272,1096 273,1095 346,1094 347,1093 387,1092 388,1091 449,1090 451,1088 451,1086 450,1086 444,1086 444,1080 443,1079 441,1079 440,1079 440,1078 440,1077 410,1078 409,1077 409,1075 396,1075 395,1074 394,1074 393,1075 303,1077 302,1078 289,1078 288,1079 284,1079 283,1080 163,1083 162,1082 159,1082 156,1085 112,1086 112,1087 108,1091 108,1098 109,1099 109,1100 109,1101 110,1101 111,1102 113,1102 114,1102 114,1103 114,1104 175,1102 176,1103"/><TextEquiv index="1"><Unicode>Causâ perire non ſuâ læri ambiunt.</Unicode></TextEquiv></TextLine><TextLine id="r0_l048"><Coords points="294,1125 295,1125 295,1124 295,1118 296,1118 321,1117 322,1118 323,1118 324,1117 334,1117 335,1116 351,1116 351,1122 352,1123 355,1123 355,1122 355,1116 356,1116 390,1115 391,1114 441,1113 442,1112 465,1112 465,1118 466,1119 467,1118 469,1118 469,1117 469,1112 470,1112 476,1111 477,1110 498,1110 521,1110 522,1111 523,1109 550,1109 551,1110 555,1110 559,1105 559,1103 558,1102 558,1099 554,1096 516,1097 515,1098 495,1098 494,1099 470,1100 469,1099 468,1099 467,1100 441,1100 441,1097 440,1096 439,1096 438,1095 436,1095 436,1096 436,1101 435,1101 386,1102 383,1099 375,1099 374,1101 374,1103 373,1103 350,1104 349,1106 322,1106 320,1105 316,1106 315,1105 314,1106 313,1106 313,1107 258,1108 257,1107 257,1102 256,1102 253,1102 253,1107 253,1108 250,1108 249,1109 213,1110 212,1109 211,1110 179,1110 178,1110 178,1108 175,1105 172,1105 171,1106 147,1107 146,1106 144,1106 143,1107 130,1107 130,1108 115,1109 113,1110 113,1112 112,1113 112,1114 110,1116 110,1119 107,1122 107,1124 108,1125 146,1124 147,1123 181,1122 182,1123 196,1123 196,1125 197,1126 198,1126 198,1125 198,1122 199,1122 222,1121 223,1120 240,1120 241,1119 268,1118 269,1119 270,1119 271,1118 293,1118 293,1124 294,1125"/><TextEquiv index="1"><Unicode>Addo &amp; per orbem ouanta Romuleum manuo</Unicode></TextEquiv></TextLine><TextLine id="r0_l049"><Coords points="262,1147 263,1147 264,1146 264,1143 279,1142 281,1140 320,1139 321,1140 336,1140 337,1141 337,1142 338,1142 341,1140 341,1139 341,1138 378,1137 379,1138 381,1138 382,1137 427,1136 428,1135 460,1135 461,1134 489,1133 492,1131 491,1130 492,1129 493,1129 493,1126 492,1125 492,1124 492,1123 491,1123 490,1122 489,1122 488,1121 487,1122 470,1123 469,1122 469,1118 467,1118 465,1119 465,1122 465,1123 454,1123 453,1124 447,1124 446,1125 421,1125 420,1125 417,1125 416,1124 415,1124 414,1125 387,1125 386,1125 386,1122 385,1120 383,1120 382,1121 381,1121 380,1122 352,1123 351,1123 351,1127 351,1128 303,1129 302,1128 297,1128 296,1127 296,1125 294,1125 293,1125 293,1128 293,1129 285,1129 284,1130 239,1131 238,1132 207,1133 206,1132 204,1132 203,1133 175,1133 174,1133 174,1130 173,1128 149,1129 148,1130 117,1130 116,1131 113,1132 112,1133 111,1133 110,1133 111,1134 109,1136 109,1137 108,1138 108,1139 107,1140 107,1141 108,1142 108,1144 110,1147 111,1147 112,1148 114,1148 115,1148 115,1149 117,1149 118,1148 121,1148 122,1147 123,1147 124,1146 187,1145 188,1144 207,1144 215,1144 216,1145 218,1144 219,1143 260,1143 261,1143 261,1145 262,1147"/><TextEquiv index="1"><Unicode>Chriſti catenas patitur; in fratre unico</Unicode></TextEquiv></TextLine><TextLine id="r0_l050"><Coords points="244,1172 246,1172 246,1171 246,1165 247,1165 271,1164 272,1165 274,1165 275,1164 319,1164 320,1164 322,1164 323,1163 338,1163 339,1162 402,1161 402,1164 404,1166 405,1165 406,1165 406,1164 406,1161 407,1161 425,1160 426,1159 446,1159 447,1158 457,1158 458,1157 500,1156 500,1159 502,1161 533,1160 534,1161 538,1161 540,1159 541,1159 541,1158 542,1157 542,1155 542,1154 551,1154 553,1152 553,1150 552,1149 552,1144 551,1143 551,1142 549,1141 546,1141 545,1142 518,1143 518,1142 518,1139 515,1137 513,1139 487,1139 486,1140 465,1141 464,1142 464,1145 462,1147 384,1148 383,1149 354,1150 354,1149 354,1145 353,1145 351,1145 350,1146 336,1146 335,1147 289,1148 288,1150 288,1152 287,1152 261,1153 260,1154 249,1154 248,1155 145,1157 145,1156 145,1152 142,1150 141,1151 141,1154 140,1155 114,1156 113,1155 108,1155 108,1157 110,1159 110,1161 111,1162 111,1163 113,1165 113,1167 114,1168 114,1169 116,1170 117,1170 118,1169 122,1169 165,1169 166,1170 169,1169 170,1168 187,1168 188,1167 218,1166 219,1167 220,1167 221,1166 233,1166 234,1165 243,1165 243,1171 244,1172"/><TextEquiv index="1"><Unicode>Vadamur omnes. FL. Plena quæ veſtri plags</Unicode></TextEquiv></TextLine><TextLine id="r0_l051"><Coords points="350,1193 351,1194 352,1193 353,1193 354,1192 355,1192 356,1191 356,1190 357,1189 357,1188 379,1187 380,1186 385,1186 386,1185 392,1185 393,1184 422,1183 423,1184 435,1184 436,1185 438,1183 470,1183 471,1183 471,1186 473,1188 477,1188 478,1187 479,1187 481,1186 481,1185 482,1184 482,1182 482,1181 490,1181 491,1180 498,1180 499,1179 500,1179 500,1178 500,1168 499,1167 498,1167 497,1166 495,1166 494,1167 493,1167 492,1168 451,1169 450,1170 423,1170 422,1170 422,1166 420,1164 420,1163 419,1163 414,1167 414,1169 413,1171 397,1171 396,1172 362,1173 361,1174 323,1174 322,1174 322,1169 322,1168 310,1169 308,1170 308,1171 307,1172 307,1173 306,1175 271,1175 267,1172 267,1171 266,1171 265,1172 244,1172 243,1172 243,1175 243,1176 212,1177 211,1176 211,1172 209,1172 208,1173 193,1173 192,1174 175,1174 172,1177 172,1179 128,1180 127,1180 127,1179 126,1177 89,1178 87,1176 86,1176 85,1175 84,1175 83,1176 82,1176 80,1178 79,1178 78,1179 78,1180 77,1181 78,1192 80,1194 82,1194 83,1195 111,1195 112,1196 126,1195 127,1194 151,1194 152,1193 219,1191 220,1192 220,1195 221,1195 222,1194 223,1194 224,1193 225,1193 228,1190 235,1190 236,1189 265,1189 266,1190 282,1189 283,1190 283,1193 285,1193 286,1194 289,1194 290,1194 290,1190 290,1189 322,1188 323,1189 345,1189 346,1189 346,1190 347,1192 348,1192 349,1193 350,1193"/><TextEquiv index="1"><Unicode>0 Non eſt labpris? quſſve genaroſos aegat</Unicode></TextEquiv></TextLine><TextLine id="r0_l052"><Coords points="529,1180 529,1202 608,1200 608,1178 529,1180"/><TextEquiv index="1"><Unicode>Chito</Unicode></TextEquiv></TextLine></TextRegion></Page></PcGts>