837 1310
97 35 576 63 S. ADRIANVS TRAGOEDIA. 175
71 60 514 88 Natalla hæc eſt? quis ſuror mentem incitat?
74 82 466 114 Quæ mnonſtra fatur? uxor heus. Natalia
76 105 463 137 Aperis recludis? cogis effringi fores?!
79 128 467 155 Adeſte famuli, quiq́ue communi levem
35 153 479 182 55 Emitis ſalute ſportulam, Dominus voco,
48 176 493 202 Voco Adrianus, rumpite obſtanres moras,
78 198 483 227 Properate, patriâ Dominus ejicior domo.
78 220 578 251 NAT. Ego Caja, non tu Cajus: incaſſum imperas:
81 245 437 270 Parere vetui. Vade, promſſſas opes,
20 265 582 302 180 Et ampla honorum culmina, hortoſq́ue & domos,
80 289 475 320 Repete à Tyranno victus, & Cœli bonis
80 313 464 340 Ercluſus. volvente mobilior trocho,
80 338 483 363 Infide Proteu. Cepphe, Plutonem roga:
82 359 525 388 Domum ille averno prænarat, multâ domum
42 379 585 414 15 Rammâ micantâ,.& ſulphure ADR Adriano lares
83 405 531 435 Natalia aperi. NAT. Carceris cuſtos ſorem!
84 426 536 460 Numquam exiiſſes. Magne promiſſis Thraſo,
85 451 527 479 Vix dum ſonabat claſſicum. & molles tremor
79 475 473 502 Invaſit artus. Vnde? quid ſperas hon?
1 500 421 541 1950 En te tyrannus odit infidum Deo:
87 519 549 548 Timidum anla ridet, Martyres abortum, & ſuss
88 545 500 572 Peſtem execrantur gloriæ: Chriſtus Styge
87 570 526 598 Sibi perduellem damnat ; in penam. manus
89 590 481 618 Armant miniſtri Cælites; Cœlo & ſolo
1 617 453 646 15 Ejectus ad me curris, ut rapias parem
88 636 588 669 Tecum in ruinam ADR. Tædet irarum & moræ,
88 658 627 693 Aperi., NAT. Vt receptum te domus, mé; obruat!
89 683 534 712 Vt nos. Dei odium, propius afflatu eneces?
92 707 496 737 Quid ſpreta faciam Martvris nuper ſoror.
48 727 527 761 odo perduellis uxor? hen! quis me impto
91 753 469 786 Cocyti alumno junxit? 6 nox ! diesl
93 774 512 807 Quâ me. execrande, baſio primum obtuli.
93 795 542 830 Nunc conſeneſcam, mœſta. languida, tabida,
94 823 483 851 Miſera, infidelis paſſa conſpectum viri.
9 844 511 876 25 Sic nata non ſum, non ego ignavo, impio
94 866 580 897 Aac dote nupf. ADR. Quo ruit? quo fert truces
96 892 570 924 Lymphata greſſus ? video quid rerum paret:
93 916 455 943 Vinela exuiſſe perfidum Cœlo potat:
96 938 473 965 Meliora Chriſte !ſemet in furias agit.
52 959 532 988 210 Iunctamq́ue thalamo ſcelere conjungi vett.
99 984 488 1015 Et hos juventus, hos amor tædaæ recens
97 1007 513 1036 Exeat in ignes? fœminæ hoc robnr vocem
96 1027 470 1059 Non æſtuantis corde ſub magno Dei?
96 1045 599 1081 NAT. Tua tibi habeto. Porta, quàm lata eſt, paet
55 1072 542 1108 25 Ingredere, fruere, pejera. Chriſtum abnega:
97 1096 444 1130 rſi potes valere, perpetuum vale.
97 1112 600 1150 AD. Naralia, heus quo? NA. In carcerâ, abjectâ tibs
98 1139 527 1178 Raptura palmam. Martyrum ijungar choris
473 1157 606 1189 Pesſane
