837 1296
163 41 688 80 S.APRIANVS AGOEDIA. m
127 69 556 95 Boſtum aliud orbis. Fſaviæ gentis probrum
125 92 515 117 Aggrefſis in nos forere, ſuſtinnit tamen
71 116 526 141 450 Malè feriaros imperus. Fera non homo
124 138 537 166 TErax Maximinus, pariter & ſi qui impii,
123 161 505 186 Si qui Tyranni, quoſq́ue barbariæ reos
122 185 505 210 Damnatis ipſi, noſtra damnarunt ſacra.
121 208 542 234 Nam quis probari tam malis optet bonus?
73 230 554 257 455 Nunc eligendum, Cæſor, urorum magis
124 253 491 278 Te vita deceat, exitus utrorum juvet.
121 276 531 304 Nos aliqua mundi membra, naturâ pares,
117 300 510 326 Regni Latini portio, &, ſectam excipe,
120 322 511 348 Cives, propinqui civium, totam imperi
72 346 551 374 ee Molem occupamus, nullus à Chriſto vacat
120 368 513 395 Relictus ordo: chlamyde Romanâ latet
119 391 509 417 Militias Chriſti, nobilis Chriſtum tegit
120 414 561 441 Abolla Patrum; purpura, & veſtros gerens
121 438 520 464 Prætexta faſces, ſe tibi obſequio probat,
73 461 550 488 4 Sed ante Chriſto. Nomen ut Chriſti eruas,
121 483 482 509 Eviſcerandus maximi mperii ſtatus.
121 508 525 532 Curia Senatu oranda, Iudicibus forum.
118 531 550 556 Vacuanda ſervis aulâ, qnodq́ue hoſtes velint
122 553 525 580 Clara legionum robora indignâ nece
74 577 590 605 450 Truncanda, Cæſar. Iaḿne quâ ponto volans
121 601 522 626 Vtroque magnam Phoœbus inſtituit viam,
120 623 554 649 Sulvæque, & urbes, ſaxaq́ue, & cæci ſpecur
120 647 553 676 Natant piorum ſanguine. O non ſjc perit
122 670 482 695 Lethi cupido nobilis: non ſic cadit
74 693 499 718 41 Pietatis ardor. Imegra, inſiſtens fbi
119 715 495 740 Animos ab ipſs ſecta ſuppliciis trahit.
118 738 534 764 Damniſque creſcit. Chriſtianorum cruor,
118 762 528 787 Chriſti ſequaces germinat: nndum feris
119 785 512 807 Objicitis unum, mille certantem vident.
73 807 550 833 o Chriſto eadem arena mille ſpectantes parit
118 831 523 856 Dum ſtabilis hæret pectore immoto fides.
114 854 563 902 aeiirereeâr
118 901 559 925 Quem renuit animus colere me cogas Deum?
73 923 614 949 5 Vel quem animus ardet colere me impedias Deumu
119 947 522 972 Qui mente colitur? libera humanas tenet
117 968 545 995 Relligio mentes ; quicquid exterius fremat.
119 991 601 1018 Opertum in auimo eſt; non colit. ſi quis poteſt
118 1014 553 1041 Non colere cogi. uicqnid hic à me accipis
71 1037 495 1064 490 Privata non eſt cauſa: Me letho vocat
120 1059 502 1087 Languida ſenectus, carceris lonpi ſitus.
119 1081 568 1110 Et ſciſſa plagis membra: vox Romam ſonat,
118 1106 497 1132 Eheu! ruentem: viſcera effundi dolet
118 1127 523 1155 Regni potentis. ſangine ſuorum oppida
68 1153 518 1179 4 Stagnau,j & agros, Cprrigi natos monet
519 1170 640 1193 Clemente
367 1176 452 1199 M3
