844 1324
234 36 716 64 11s LVDOVICI CELLOTrI
277 62 662 89 Iude ubi ſtolatus fabulam Lydis dedit,
110 70 171 106 Ii
279 85 627 111 Oeræa ſcandit buſta, & exoſus ſolo
234 110 683 137 90 Recens pet aſtra fecit Engonaſin Deus.
281 131 657 155 Sic conſecrantur ſcelera, fit libidinum
280 156 637 183 Cœlo lupanar ut quod arriſit Deo,
242 176 678 207 Pravum videri deſinat. Nam quis vetet
242 201 770 230 Quam Deus Olympo monſtrat, aut aperit viam!
235 225 642 253 95 Et hoc choragi circulatores canunt,
280 248 644 271 Et hoc juventus cerea in vitium trahi
38 238 125 285 1!
248 270 688 300 Tnante diſcit verbere, & magnæ ſpei eſt
280 295 722 323 Quicumque meliùs furta dinomerat Ioxis.
280 317 750 344 MET. Diſci vetabis ſcripts quæ mundus colit?
236 339 840 376 5o0 ANT. Neſcire pulchrum eſt facete quod turpe eſt,
366 365 458 388 ſenex,
278 386 747 412 MET. Quod turpiter ſit, ſcire, ut evites, decet.
73 428 139 461 M!
71 386 99 430 !
279 409 771 437 ANT. Tale eſſe cenſes quod ſit exemplo Deùm?
280 433 711 458 GAL. In vana abiſſe jurgia hc liceat tenus.
278 456 702 483 Hoc jubeo: ſi vis vivere, Tonantem Iovem,
236 478 686 506 7o5 Deoſq́ue adora. ANT. Vita ſi tanti foree
74 454 152 518 i5
278 501 605 527 Tuis cataſtis ante certaſſem eripi.
74 508 138 546 I!
237 525 658 554 Nunc cùm ſenectæ veſter acceſſit labor,
277 547 666 573 Inſpirat aliud Chriſtus, & Cœlo brevis
75 542 156 599 1I
278 571 746 602 Poſita doloris meta. GAL. Tudendum fagris
235 593 660 622 750 Abripe ſatelles, efſluat laceros loquax
277 617 725 645 Anima per artus: tædet hoc monſtro ampliùs
76 594 144 655 It
276 640 778 671 Spurcare ſolem. ANT. Chriſtus ad palmam vocas,
78 651 162 699 5I
276 663 731 694 Stas Adriane, an ſequeris? ADR. Injuſtè facis
276 687 673 715 què nocentes, Cæſar, arbitrio impari,
233 705 687 741 5 Hoſtis, & amicus dirimis. An plecti jubes
77 704 166 753 nil!
275 732 704 763 Quod liberè auſa eſt liogua! dixi quod meo
274 756 676 786 Dixit rogatu. Chriſtus ad culpam redit:
80 751 162 774 5I
77 772 161 832 ſi!
273 779 766 809 Sum Chriſtianus. GAL. Proditor. quis me tenet
275 802 695 832 Quin enſe pectus? ultimum hoc deerat muis
229 821 627 854 V20 veſane technis? fidus, & patiens tui
77 819 147 842 !II
77 838 152 871 III!
272 847 726 878 Eram hàc perendus? Chriſte quàm ſævo fodis
271 871 769 898 Stimulo immerentesl quàm malâ, & forti manu
76 867 137 895 VI
270 893 726 924 Divellis animas! Sed ubi, ſed de quo queror?
77 894 138 916 2II
270 916 655 941 Me perdidiſtis aulici : nam dum necem
229 934 631 968 5?5 pietas moratur, ſpreta majeſtas ruit.
269 963 658 988 Sarcite culpam, veſter, & dudum meus
83 976 150 1002 II!
268 986 677 1015 Illuſor hiceſt: fuſtibus quantum pote eſt
269 1009 630 1038 Nudate latera: nemo pro vitâ roget.
85 1020 150 1054 55j
270 1032 678 1063 Actum eſt: amorem juſtus excluſit furor.
224 1052 792 1086 530 ADRHoc tamen amoris pignus, heu neſcis, tui eſtt
85 1049 137 1073 5I
269 1077 676 1106 Grates rependo, veta quod cumulas men:
86 1068 159 1109 1!
267 1100 698 1132 Quod per furorem. Chriſtus ignoſcat polo.
268 1123 608 1154 Valu Galeri, Iudicem judex ime
692 1167 753 1181 5
65 1168 164 1217 l,
