844 1306
109 54 677 88 SDRIANVS TRAOâDIA. 15
200 93 508 130 SCENA PRIMA.
1 157 604 203 Lege lat ne fœminæ ulli aditus in carce-
131 191 605 224 em pteret, ornatum. viilem indit
132 219 696 258 Natalia, timm ut Fla vium à quo jam
99 256 650 289 d nuptias qurebatur, eladat, tum t
133 289 525 322 ad Adrianum ignota pervoniat.
193 335 532 364 NATALIA, invirili habitu.
1 367 52 396 5
119 379 486 405 Nimos viriles ſæpe fœmieo ſtols
1 407 542 451 Auda virilem fœmina ornatum induo.
88 403 589 428 Obtexit habitu: eddo depoſitum togæ:
102 450 514 474 Non clara virtus, non Deus ſexum eligit,
1 458 529 502 i5 Quicunque fecit fortiter. Chriſto vir eſt.
1 496 440 530 5oâ Nec maior aut ſecurior forti later
73 519 439 541 Virtus abolls: crinis effuſi decor,
1 531 495 568 ́i ircumq́ue picti ſyrma luxurian pepli,
1 563 472 591 Et nebula collum ſinea infidè tegens,
1 589 465 627 pp. 0 Niveum tribaccâ pectus eoâ tumens.
104 612 503 634 Et ille mundi mundus illecebra, & feræ
1 627 573 661 ́eâ VVox Veneris anceps, quam malè ingenui locum
1 659 485 691 5M Servant honoris! palſet intutus pudor
102 682 473 708 Viros tot inter, & quid in vitâ, viros
1 691 494 731 V5 Non cogit inter eſſe? prædatum irruunt
1 727 517 754 5 Quâ non timentur. Melleus linguæ lepos
1 751 520 777 ,ſ Occultat hamum : virgini illuſum eſt priùs
3 773 36 787 21
11 775 523 826 reerieiii
3 816 513 847 eſs. 0 Hæc uua me lux Flavio notam faci,
1 845 537 881 ,oâ In hoc mariti cauſa me alloquium impulit:
101 867 573 894 In carcere ipſo, (credat hoc quiſquam?) in ſitu,
1 881 464 916 j5i In motte, vivo conjuge affectat meos
2 912 537 940 ſ Improbus amores: laudatabſentem; obvis
1 939 494 971 ́pi:5 Occurrit ultrò, blandins verba eliquans
105 961 490 986 Salutat; hæret; ardet. O ſancte integri
1 972 484 1009 ei Cuſtos pudoris, ſi quid Adriani poteſt
103 1009 464 1032 Vor mereri; i qua te pieras movet
106 1029 493 1055 Pro te relictæ ne, per invicti hactenus
69 1051 533 1079 Ligni trophæum, per triumphantem fidem,
106 1075 471 1101 Ne patere vinci robur, & Cœlo ſacra
26 1089 486 1124 ! In hæc relabi membra: violavj caput.
46 1121 480 1145 lavumq́ue ſecui crinis intonſi decus,
108 1147 503 1167 Ne rete ſtolidis tenderet: jam tu meum
74 1164 586 1195 15 Caput eſto Chriſte. Cycladas, armillas, peplos,
535 1190 613 1213 Coryma?
