713 1313
21 49 565 82 S3,DIANVST RAGOÆDIA. o5
1 73 401 98 t pacificè animam exuat Conſul vale.
1 94 452 120 5 Non te tuorum miſeret, aut miſeret ni
1 119 407 143 Adriane ? ſc nos linquis, & vegetæ ſacas
1 141 419 166 Florem juventæ? hoc illud Auguſti refers
1 165 419 190 Donum favoris? gloria hoc culmen tenes
1 187 443 211 Poſitus honorum i limine ? immanem colis
1 210 410 235 Deum, Adrime, morte qui penſat fidem.
27 233 449 258 Quem torvâ ſpectas? ora cur flectis retro!
2 256 434 281 Iterum, iterumue moneo, vel tu te aſpice,
3 280 373 304 Aut fida amicos pectora, aut Nataliæ
3 303 400 327 Vix dum maritæ dulcis Hymenæi faces.
7 325 376 350 Silet. Adriane Conſul appellat tuus,
9 349 381 373 Vitam reporto, vivere Auguſti ſirunt,
8 372 407 395 Vel Chriſtianum. Vertice obſtipo riget.
6 395 431 420 Adeſt quod optas, lictor ad mortem vocat,
6 418 397 443 Arridet oculis ſtulidus. In mortem rue
6 440 433 466 Si furere pergis, quid diu mnſanum moror?
1 464 505 489 NAT Viden ut propinquâ morte luctantem trahit
9 487 404 511 Inſanus animam? quatdo violavit Dos
9 510 484 535 Fac pœna mors ſit: cæde naturam occupa
9 533 380 558 Tonantis ultor. legibns vitam dabit:
10 556 373 581 Hoc eſt honori, poſeris famæmori.
1 579 396 604 Sub vecte rigido pimus infelix gemar,
15 601 506 627 Cætera ſeuotu turba. TIT. Non fruſtrâ mones,
13 625 402 650 Huc triſte vectis pondus incudi additum
14 648 447 673 Devehe fatelles, cædem ab Adriano incoa,
1 671 437 697 eEadem nocentes pna dein reliquos voret.
1 694 400 719 5 At vns, in urbe mediâ quæ fornax hiat,
16 717 409 741 Animare fammâ, funerum hoc illis erit
15 738 452 764 In honore buſtum, quaqdue plus ſpirant Noti
14 762 387 787 âctate cineres. urba Galilæi gregis
1 786 380 812 Eat, & Deos peroſa damnatos colat.
77 822 476 856 CENA SECVNDA.
21 856 511 888 Natalia dudum virago, nune vir anime
50 887 515 919 magis quam ve ſte drianum ad Mr
32 918 513 951 yrium ncitat, & in ultimo agone ipſ
40 950 501 978 ad tormentorum tolerantiam das vat.
93 992 447 1018 NATALA. ADRIANVS.
1 1014 407 1043 50 Vc ſrater oculos liberè, ſoli ſumus.
31 1036 486 1062 ANunc nunc minacis gurgitem emenſus freti
30 1059 458 1086 Syrteſq́ue, ſcopuloſq́ue, atque ridentis malè
29 1082 425 1110 Pelagi ſerenum, poſt triumphatas trucis
31 1106 432 1132 quilonis animas, poſt tot inferni manus
2 1129 363 1155 65 Piratæ abactas fortiter ſalvâ tenes
33 1150 444 1178 Portum carinâ ; Mate, iacienda amnchora
418 1170 527 1192 Penſanda
