<PcGts xmlns="http://schema.primaresearch.org/PAGE/gts/pagecontent/2019-07-15" xmlns:xsi="http://www.w3.org/2001/XMLSchema-instance" xsi:schemaLocation="http://schema.primaresearch.org/PAGE/gts/pagecontent/2019-07-15 http://schema.primaresearch.org/PAGE/gts/pagecontent/2019-07-15/pagecontent.xsd"><Metadata><Creator>User123</Creator><Created>2022-01-27T06:58:34</Created><LastChange>2022-01-27T06:58:34</LastChange></Metadata><Page imageFilename="0007.png" imageHeight="957" imageWidth="570"><TextRegion id="r0" type="paragraph"><Coords points="1,1 568,1 568,955 1,955"/><TextLine id="r0_l001"><Coords points="164,21 164,57 341,57 341,21 164,21"/><TextEquiv index="1"><Unicode>, (0</Unicode></TextEquiv></TextLine><TextLine id="r0_l002"><Coords points="568,69 568,24 539,24 539,69 568,69"/><TextEquiv index="1"><Unicode>I</Unicode></TextEquiv></TextLine><TextLine id="r0_l003"><Coords points="1,64 1,89 453,89 453,64 1,64"/><TextEquiv index="1"><Unicode>Toti Familiæ. Tota ſpes noſtræ dous</Unicode></TextEquiv></TextLine><TextLine id="r0_l004"><Coords points="1,90 1,114 453,114 453,90 1,90"/><TextEquiv index="1"><Unicode>Eſt in Pigrillo poſita, nam doctor brevi</Unicode></TextEquiv></TextLine><TextLine id="r0_l005"><Coords points="1,115 1,136 478,136 478,115 1,115"/><TextEquiv index="1"><Unicode>Futurus &amp; fors Parochus, aut furſan etiam</Unicode></TextEquiv></TextLine><TextLine id="r0_l006"><Coords points="1,147 1,157 62,157 63,158 137,158 138,159 188,159 188,160 188,163 189,163 203,163 204,164 205,163 335,163 335,159 336,158 452,158 453,157 477,157 477,146 477,145 474,145 473,145 473,144 473,143 443,143 442,143 442,141 441,139 274,139 273,140 52,140 50,142 51,143 51,146 1,146 1,147"/><TextEquiv index="1"><Unicode>Decanus, aut quid amplius. quantum afferet</Unicode></TextEquiv></TextLine><TextLine id="r0_l007"><Coords points="1,172 1,183 179,183 179,184 179,187 180,187 181,187 182,188 388,188 388,189 388,190 389,190 391,190 391,184 392,183 427,183 428,182 477,182 476,181 476,166 475,164 103,164 102,163 100,163 99,164 97,164 96,165 49,165 48,166 49,167 49,170 7,170 6,171 1,171 1,172"/><TextEquiv index="1"><Unicode>r Picaſianæ ſtirpi honoreml Cap. ntinam mibi</Unicode></TextEquiv></TextLine><TextLine id="r0_l008"><Coords points="347,211 348,211 349,210 350,210 352,208 371,208 372,207 393,207 393,206 392,205 392,191 392,190 389,190 388,191 388,195 369,195 368,196 367,196 366,197 340,197 339,196 338,196 337,195 333,195 332,195 332,193 332,192 331,192 330,193 330,195 234,195 233,195 233,191 232,189 227,189 226,188 225,188 224,189 216,189 215,190 214,190 211,193 211,195 145,195 144,195 144,191 143,189 135,189 134,190 134,194 91,194 90,194 90,191 90,190 52,190 51,191 52,192 52,210 53,210 54,209 69,209 71,207 83,207 84,206 112,206 112,207 112,208 113,208 114,208 114,207 115,206 134,206 135,207 170,207 170,208 170,209 171,209 171,208 172,207 220,207 221,206 250,206 251,207 340,207 340,208 340,210 341,210 346,210 347,211"/><TextEquiv index="1"><Unicode>Pariter liceret flium meum, ui</Unicode></TextEquiv></TextLine><TextLine id="r0_l009"><Coords points="53,215 53,239 478,239 478,215 53,215"/><TextEquiv index="1"><Unicode>Satis capax eſt ingenium &amp; amplum caput</Unicode></TextEquiv></TextLine><TextLine id="r0_l010"><Coords points="51,239 51,260 441,260 441,239 51,239"/><TextEquiv index="1"><Unicode>Ad litierarum ſtudia in urbem mitterel</Unicode></TextEquiv></TextLine><TextLine id="r0_l011"><Coords points="52,265 52,290 494,290 494,265 52,265"/><TextEquiv index="1"><Unicode>Aſt inopia men hoc prohibet; ut namque,</Unicode></TextEquiv></TextLine><TextLine id="r0_l012"><Coords points="1,290 1,312 131,312 131,290 1,290"/><TextEquiv index="1"><Unicode>I audio</Unicode></TextEquiv></TextLine><TextLine id="r0_l013"><Coords points="50,314 50,338 430,338 430,314 50,314"/><TextEquiv index="1"><Unicode>Studentium opificium Parentibus ſolet</Unicode></TextEquiv></TextLine><TextLine id="r0_l014"><Coords points="565,370 567,370 567,340 567,339 281,339 280,338 277,338 276,337 273,337 272,338 186,338 185,339 54,339 52,341 52,356 53,356 65,356 66,357 214,357 215,358 349,358 350,359 382,359 382,360 382,361 383,361 385,361 387,359 564,359 564,360 564,366 563,367 563,369 565,370"/><TextEquiv index="1"><Unicode>Multo ære ſtare. Pic. fateor, &amp; mea</Unicode></TextEquiv></TextLine><TextLine id="r0_l015"><Coords points="78,364 78,388 174,388 174,364 78,364"/><TextEquiv index="1"><Unicode>ſumptibus</Unicode></TextEquiv></TextLine><TextLine id="r0_l016"><Coords points="51,389 51,415 442,415 442,389 51,389"/><TextEquiv index="1"><Unicode>Tantis erumena neutlquam foret ſatis,</Unicode></TextEquiv></TextLine><TextLine id="r0_l017"><Coords points="14,415 14,438 415,438 415,415 14,415"/><TextEquiv index="1"><Unicode>Ni dextra Mœcenatis inopiam meam</Unicode></TextEquiv></TextLine><TextLine id="r0_l018"><Coords points="309,464 311,464 311,459 312,458 396,458 397,459 397,458 398,457 451,457 452,456 477,456 477,455 478,454 478,446 479,445 479,440 479,439 478,439 476,437 475,438 472,438 471,439 471,442 346,442 345,442 345,440 345,439 309,439 308,438 172,438 171,439 170,439 166,443 61,443 60,443 60,440 60,439 55,439 54,438 53,439 52,439 51,440 53,442 53,456 54,456 56,456 57,457 184,457 184,458 184,462 186,463 191,463 192,462 308,462 308,463 308,464 309,464"/><TextEquiv index="1"><Unicode>Levaret. Cap. Et quis ille Mœcenas tuus l</Unicode></TextEquiv></TextLine><TextLine id="r0_l019"><Coords points="1,453 1,496 4,496 4,495 5,494 504,494 504,493 5,493 4,493 4,490 5,489 242,489 243,488 437,488 438,487 440,487 440,483 441,482 452,482 453,481 477,481 478,480 479,480 479,466 480,465 479,463 5,463 4,463 4,453 4,452 1,452 1,453"/><TextEquiv index="1"><Unicode>Picoſ. Dominus Paroehus in oppido, quod</Unicode></TextEquiv></TextLine><TextLine id="r0_l020"><Coords points="69,489 69,514 143,514 143,489 69,489"/><TextEquiv index="1"><Unicode>dicitur</Unicode></TextEquiv></TextLine><TextLine id="r0_l021"><Coords points="161,538 168,538 169,537 169,536 170,535 178,535 181,532 201,532 202,531 232,531 233,532 251,532 252,533 253,533 255,531 356,531 357,532 358,531 367,531 368,530 448,530 448,531 448,534 449,534 451,534 452,533 453,533 454,532 454,530 455,529 455,524 456,523 472,523 472,521 472,520 449,520 447,518 440,518 439,517 429,517 428,518 387,518 386,518 386,514 386,513 382,513 381,514 381,519 302,519 300,517 281,517 280,517 280,514 280,513 275,513 273,515 273,516 272,517 272,519 247,519 246,519 246,516 244,513 243,514 215,514 214,513 210,513 209,514 208,514 207,515 207,516 206,517 206,519 198,519 196,521 167,521 166,520 158,520 157,520 157,515 157,514 151,514 150,513 142,513 141,514 135,514 134,515 134,519 72,519 71,519 71,516 71,515 70,515 68,513 67,514 61,514 60,515 59,515 55,519 55,520 54,521 54,527 55,528 55,529 56,529 57,529 59,531 60,531 61,532 65,532 66,531 154,531 155,532 159,532 159,533 159,537 161,538"/><TextEquiv index="1"><Unicode>Gnertillig, et hie frater uxoris meæ,</Unicode></TextEquiv></TextLine><TextLine id="r0_l022"><Coords points="1,544 1,555 54,555 54,556 54,557 55,557 143,557 143,558 143,560 144,561 144,562 145,562 147,562 148,563 149,563 150,562 241,562 241,560 242,559 352,559 353,558 428,558 430,556 430,551 430,550 428,550 427,549 424,549 423,549 423,545 422,543 387,543 386,543 386,539 386,538 374,538 373,537 372,537 371,538 179,538 178,539 55,539 54,540 54,543 1,543 1,544"/><TextEquiv index="1"><Unicode>Et hic Pigrillo ſuppetit veſtes, libros,</Unicode></TextEquiv></TextLine><TextLine id="r0_l023"><Coords points="300,587 303,587 304,586 305,586 305,581 306,580 367,580 367,581 367,584 370,586 372,586 372,583 373,582 382,582 382,581 383,580 477,580 478,579 479,579 479,578 480,577 480,569 479,567 477,567 476,566 474,566 473,567 448,567 447,567 447,563 447,562 445,562 443,564 443,568 407,568 406,568 406,564 406,563 400,563 399,562 391,562 390,563 390,568 332,568 331,568 331,564 331,563 330,563 329,562 328,563 292,563 291,562 285,562 284,563 283,563 282,564 280,566 280,567 278,569 234,569 233,569 233,565 233,564 227,564 226,563 225,563 223,565 223,569 186,569 185,569 185,566 185,565 180,565 179,564 173,564 172,563 170,563 169,564 169,569 95,569 94,569 94,566 93,564 92,564 91,563 88,563 87,564 54,564 53,565 53,566 54,566 56,566 57,568 57,570 58,571 58,575 59,575 60,575 61,577 61,579 62,580 62,581 63,581 136,581 136,582 136,587 137,587 139,587 140,586 140,583 141,582 185,582 186,581 256,581 257,580 283,580 284,581 298,581 298,582 298,586 300,587"/><TextEquiv index="1"><Unicode>Victumque liberaliter. Cap.Fors pallium hoe</Unicode></TextEquiv></TextLine><TextLine id="r0_l024"><Coords points="1,594 1,606 86,606 86,607 86,612 88,613 89,613 90,612 90,607 91,606 178,606 179,607 215,607 215,608 215,611 217,612 220,612 220,607 221,606 326,606 326,607 326,611 327,611 330,611 330,607 331,606 415,606 416,605 476,605 476,606 476,610 477,610 480,610 481,609 481,608 480,607 480,605 480,604 463,604 462,604 462,601 461,600 461,594 461,593 460,593 459,592 449,592 448,591 447,592 447,593 367,593 366,592 362,592 361,592 361,589 361,588 359,588 358,589 358,593 286,593 285,593 285,590 284,588 213,588 212,589 211,589 210,590 210,591 209,592 209,594 108,594 107,594 107,589 107,588 105,588 104,589 54,589 53,590 53,591 54,591 55,591 55,592 4,592 3,593 1,593 1,594"/><TextEquiv index="1"><Unicode>Et pileum tam ſplendidum pariter manus</Unicode></TextEquiv></TextLine><TextLine id="r0_l025"><Coords points="236,638 247,638 247,632 248,631 266,631 267,630 298,630 299,631 301,631 302,630 351,630 353,632 354,632 354,631 355,630 355,623 356,622 356,621 357,620 357,615 356,613 351,613 349,615 349,618 317,618 316,617 277,617 276,617 276,614 276,613 274,613 273,614 273,618 263,618 262,619 214,619 213,619 213,615 213,614 207,614 206,613 195,613 194,614 165,614 164,613 162,613 160,615 160,619 123,619 122,619 122,615 122,614 111,614 109,612 108,613 107,613 106,614 106,619 73,619 72,619 72,615 71,613 56,613 54,615 55,616 55,630 57,631 235,631 235,632 235,638 236,638"/><TextEquiv index="1"><Unicode>He liberalls filio præbet tuo</Unicode></TextEquiv></TextLine><TextLine id="r0_l026"><Coords points="1,627 1,670 2,670 2,662 3,661 384,661 384,659 385,658 453,658 456,655 456,649 455,647 450,647 449,647 449,644 448,642 447,642 446,641 429,641 428,641 428,638 427,637 427,636 427,635 3,635 2,635 2,629 3,628 4,628 5,627 5,626 1,626 1,627"/><TextEquiv index="1"><Unicode>Pic. Hæe cuncta ́uſſit confii ſumptu ſuo,</Unicode></TextEquiv></TextLine><TextLine id="r0_l027"><Coords points="115,687 119,687 120,686 119,685 119,682 120,681 195,681 195,682 195,683 196,683 198,681 224,681 225,680 269,680 270,681 275,681 276,680 394,680 395,679 409,679 409,676 408,674 404,674 403,674 403,669 402,667 398,667 397,668 335,668 334,668 334,667 335,666 335,664 335,663 318,663 316,661 313,661 312,662 306,662 305,663 304,663 300,667 300,669 265,669 264,669 264,664 264,663 262,663 261,664 261,669 207,669 205,667 203,669 177,669 176,669 176,665 175,663 161,663 160,662 159,663 158,663 157,664 156,664 155,665 155,666 154,667 154,669 86,669 85,669 85,663 85,662 84,662 83,663 60,663 59,664 58,664 56,666 56,668 55,669 55,670 56,671 56,679 58,680 59,680 60,681 114,681 114,682 114,687 115,687"/><TextEquiv index="1"><Unicode>Solusque ſolvet omnia affinis meus.</Unicode></TextEquiv></TextLine><TextLine id="r0_l028"><Coords points="1,678 1,680 21,680 21,681 23,714 24,713 220,713 221,712 226,712 227,711 228,711 228,710 229,709 229,707 230,706 264,706 265,705 399,705 400,704 471,704 472,703 474,703 474,700 475,699 480,699 482,697 481,696 481,695 480,693 474,693 473,693 473,686 473,685 24,685 23,685 23,677 23,676 2,676 1,678"/><TextEquiv index="1"><Unicode>Cap. Nempe ut Pigrillo ad ſtudia calcar ad-</Unicode></TextEquiv></TextLine><TextLine id="r0_l029"><Coords points="83,714 83,733 146,733 146,714 83,714"/><TextEquiv index="1"><Unicode>deret</Unicode></TextEquiv></TextLine><TextLine id="r0_l030"><Coords points="32,737 32,763 469,763 469,737 32,737"/><TextEquiv index="1"><Unicode>Fieaſ. Non indiget calcaribus Natus mens.</Unicode></TextEquiv></TextLine><TextLine id="r0_l031"><Coords points="58,763 58,788 250,788 250,763 58,763"/><TextEquiv index="1"><Unicode>Iam ſponte currit.</Unicode></TextEquiv></TextLine><TextLine id="r0_l032"><Coords points="161,794 161,824 362,824 362,794 161,794"/><TextEquiv index="1"><Unicode>Scena Quarta.</Unicode></TextEquiv></TextLine><TextLine id="r0_l033"><Coords points="35,832 35,855 366,855 366,832 35,832"/><TextEquiv index="1"><Unicode>Accedit Prudentulus redux.</Unicode></TextEquiv></TextLine><TextLine id="r0_l034"><Coords points="1,870 1,879 36,879 36,880 34,880 33,881 33,883 34,883 66,883 67,884 84,884 86,886 87,886 88,885 151,885 151,883 152,882 249,882 250,883 321,883 321,884 321,888 322,888 323,888 325,886 325,885 327,883 332,883 333,882 384,882 385,881 394,881 395,880 426,880 427,879 429,879 430,878 485,878 487,876 487,866 485,863 458,863 457,863 457,862 456,860 454,860 452,862 452,865 446,865 445,866 434,866 433,867 328,867 327,867 327,866 326,864 324,864 323,865 250,865 245,870 245,872 86,872 85,872 85,866 84,864 38,864 37,865 37,869 1,869 1,870"/><TextEquiv index="1"><Unicode>Prud,- - Clamo jam ter eenties:</Unicode></TextEquiv></TextLine><TextLine id="r0_l035"><Coords points="419,885 419,910 491,910 491,885 419,885"/><TextEquiv index="1"><Unicode>Pigrille</Unicode></TextEquiv></TextLine><TextLine id="r0_l036"><Coords points="248,892 248,915 285,915 285,892 248,892"/><TextEquiv index="1"><Unicode>A3</Unicode></TextEquiv></TextLine></TextRegion></Page></PcGts>