571 951
217 15 400 43 0
86 46 538 78 Reſpondes, mox ne, quod mente
129 77 201 101 premit,
105 90 568 127 Depono dubium. Stup. Nempe ita ExeοI
131 125 250 150 plum ſonat:
82 142 566 175 vpacius i ein ecobiſoes Dſee0. ub
105 164 568 203 v. g. Det Pigrilus it ome gann
131 202 194 227 lei.
106 221 568 250 Capitne bene Pig. quid ſignificet em
133 248 330 275 Dfero. Stup. Pecus.
83 270 566 300 Pecudis. Pig. Stupacius eſt. Stup. Quid?
133 300 342 327 Pig. Arcadicus pecus.
84 307 568 353 Stup. Ino et Aece Figrillus l lome gan
135 351 191 375 gleſσ
108 370 539 399 Dominus Pigrillus. Pig. Eſt ſui ſτilis.
133 399 255 425 Stup. notet,
106 420 538 450 Vuerbisque cunctis Dominus attendat bene
109 445 538 474 ont gleſσo ſuperlativus eſt. Gan
136 473 321 499 gleſ. Pig. ſcio,
108 494 515 525 Corrigo: Pigrilus eſt ſ ſmiiſſimus.
85 520 539 549 Stup. Sic optime. Nam ſic & ego io Exmine
107 543 568 574 Reſpondi, & à præſentibus plauſum tulit
109 571 568 598 Reſponſio mea. At gloriari non decet.
84 603 484 630 Pie. Reſpondit ergo filius meus, prout
109 618 567 656 Debebat Stup. Exactiſſimè, &modo meo.
110 650 507 678 Omnino doctus per parum cedit mihl,
110 668 566 705 Multumque ſuperat tertiæ ſeholæ gradut.
89 701 566 735 Pig. Audis Pater? Pic. ſoletio ſummo audio
111 728 567 760 Hæc omnia. Ii Prudentulus? nondum]
87 759 194 784 redux
98 772 567 807 Cere viſiam attulit petitam nam indiges
113 803 567 833 Poſt rigidum ita examen recenti poculo.
88 832 429 859 Pig. Appropinqnantem vieo.-
478 868 565 910 cens l
