565 956
24 25 386 56 0 (O -
71 61 531 91 At. Ergo ſiulate porro: Perum, qui ſuum
97 89 489 116 Non audet edere nmen, & ſine pileo
96 114 521 139 Platas oberrat, γure ſuſpectum omnibus
95 138 478 164 Furupeulum eſſe, craſtina per vos die
94 164 562 191 Ad judicem ducendum. Doryl. acerta mo-
119 189 223 209 liris nimis
98 214 521 240 In proximum cognatum. Aut. acerbs ſi
122 240 152 258 ſat
98 264 504 289 Medicins, dummodo ſanet, eſt optabilis.
99 289 507 312 Vos interim redentis ad ſtellam auream,
98 314 501 339 Gladium tamen cum pallio, atque Pileo
98 338 490 363 Florini in unum Doryla collige locum
73 362 521 388 BodopEcce gladium Goll. Ecce pileum l Cron.
123 390 259 414 ecce pallium
75 411 520 438 Bodos. Nunquid ſumus nos milites valde pi,
99 438 500 464 Qui ſpolia juſto Marte parta reddimus.
73 455 562 492 Doryl. quò deſerenoda hæc ſpolia Aut. me
124 489 272 513 ſequere, ſtatim
100 513 498 539 Docebo. Te quoque Albuiue pluribus,
101 539 524 564 Quid porto agendum, ut inſtruam, mecm
123 565 171 582 eni.
152 613 446 653 Actus Quintus.
203 670 389 696 Scena Prima.
73 710 562 746 Bertrandus. Antonius, Dorylas in eor-
101 743 561 775 be geftans, gladium, Pallium, pi-
102 774 256 797 leum Hlorini.
73 805 560 837 Bere. Eſt acta belle fabula; at nondum tamen
97 835 560 869 Peracta, nam Florinus ubi Aut. Socii mei
97 859 499 887 Mox attrahent, quos milites credit puer.
473 877 561 916 Bert.
