785 1304
106 53 666 93 SPOR ADMONITVS TRAG. 29
44 76 501 102 n55 Tua ſurta, faſtus lingua condemnat tuos.
98 97 668 135 PRPERS. Etiam in catenis? PrOL. Nempe qus
185 123 382 146 mentem implicant?
97 146 596 169 PRPRTen? ire curru ſub meo neſcisPT.Scio.
98 168 665 199 PRPERS. Qualis videre? PTOL. Quantus in
188 191 319 215 proprio ſteti.
100 214 667 243 PRPERS. Et abſque regno? PrOL., Regna ſer-
191 240 285 256 vavi mea.,
55 259 666 290 ao PR.PERS. Patriâ remotus? PTOL. Mundus i0
192 286 333 308 patriam patet.
104 307 665 333 PR.PERS. Vincto patebit? ProL. Liber eſt qui
193 331 275 349 ſe tenet.
105 352 599 377 PRPERS. Clauſus tenebit? PTOL. Exitum cor-
192 376 294 399 pus dabit.
105 394 669 428 PR.PERS. Manere cogam. PTOL. Cogere nr
194 423 329 445 vivam potes?
107 439 670 475 PR.PERS, Poſum ut miſer fs. PTOL. Eſt miſer!
193 468 336 493 qui ſcit mnori?
1 486 674 522 25 PR.PERS Moriere. ProL. Fefæ littora mina-!
151 517 270 535 ris rati.
108 532 674 570 PRPERS. Ratem antè quatiam. ProL. Monis!
195 562 375 580 imminues metum.
110 576 674 614 PR. PERS. Metuenda ponam. PrL., Terminns!
196 606 348 631 mors eſt mali.
111 622 674 659 PR.PRS. Non terminanda. PTO. Mortuis
198 654 351 677 etiam imperas?
113 668 676 704 PR.PERS. Et facio miſeros. PTOL. Eſe quos
200 699 333 724 nihilum reor.
71 720 675 752 290o PR. PRS.Abripe ſatelles, carcere ſuperb doma,!
116 744 561 771 PTO. Axis rotatnm cernis inverſi globum:
116 768 486 794 Vt tam imus ille radius argento nitet,
116 780 680 821 Quim qui ſupremus? PR.PERS. Fecit hic cunus
201 816 287 840 ſophum.
117 833 575 859 PTOL.. eciſſet & te! nam Sapore dum ebrius
77 858 479 885 Ridente ſtolidum proluis pectus dolo
118 883 445 909 Impnne felix, volvitu vitæ rota,
119 907 504 930 Volvitur, & ima turbine inopino petes,
121 923 612 953 Qui ſpes in alto credulus figis gradu. (ſcias.
120 941 684 980 PR. PERS. Veto plura: qui ſim, faxo, quid poſſim
78 976 503 1001 00 Imperia ruere, Iudere in Regum caput,
121 993 578 1023 Mundum arbitrari, regere naturam meum eſt:
122 1020 504 1047 Ego magna Cœli cura, fortunæ timor.
122 1041 552 1068 PTL.. Vocas ruinam, caſus ex alto placet.
125 1061 585 1091 PRPERS. Include miles nocte lethæi ſpecſs:
83 1087 592 1114 05 Timere diſcat. POL. Præeo quò ſequi potes.
126 1096 689 1138 PR.PERS.Proceres in Arcâ:vota œlicoſm pati
127 1135 685 1168 Properemus, inde læta nos capiet quies.
536 1167 692 1205 Cho-
