686 1308
108 51 596 88 SAPOR ADMONITVS TRAG. 21352
157 99 503 129 0ÆN A DECIMA.
83 152 577 191 In urbem Surena grè reducitur, u
160 188 510 224 cum patre convivium ineat,
161 240 516 265 SVRENA. ASTYAGES.
1 277 488 314 430 Syage quas hic ſolus innectis moras,
81 302 498 330 Fauſtumq́ue vitias patre deſerto diem?
78 325 433 352 At ille vitis Lydiæ, & platani aureâ
78 348 465 377 Recubans in umbrâ, regias inter dapes
78 371 410 398 Felicitati deeſſe te queritur ſuæ.
1 387 609 425 S5 ASTTAG. Surena ludos agitis, intruſam andio
74 418 462 445 Regnare larvam: nemo ſecura abſtulit
1 441 562 472 Ludibria Regum: ſorte cum Domino impari
77 465 565 491 Capitis periclo luditur. SVVREN. Solis faces
77 487 533 514 Adjuro, Princeps. fabulam hanc veſtri cient
1 505 511 538 40 Vt fama, Satrapæ: ſubitus attonitam ouatit
55 530 479 560 Tumultus aulam, denſusad Regem coit
73 557 454 581 Statione miles liberâ : ulciſci petit,
2 572 404 604 ? f rediſſes fors & ulciſci daret.
71 603 586 628 ASTAG. Cui verba pectus perfidum? vidi, neſas I-
1 616 506 653 s I caſtra adactum ſcelere Megabii patrem:
73 649 520 675 Occluſa præſens clauſtra, & oppoſito aggere,
73 672 415 696 idi Saporem regiâ excluſum ſuâ.
2 684 472 720 Hoc ille Regum rector, hoc natus ferat?
76 719 580 744 SVRE. Quod olim amabas pignori oppono caput,
1 739 446 765 35 Supplicia non recuſo ſi fraudem paro,
74 763 478 787 Si verè in aulam non penettavit Sapor.
72 786 542 810 STYAG. Tufinge jura, viliseſt Divûm metus,
73 808 493 834 Cui levia Regum ſceptra, cui nutat fides.
74 831 516 857 SVR.OSol Iaſtra? Magne regnator Deum
29 853 431 881 5 Hoc hoc tridente verbera telo caput:
72 878 497 903 ige. ure. lania. ſum nocens, merui mori;
69 902 457 926 Nutante nam quid demorer vitam fide?
1 917 610 949 Ar. Sic merita penſas ? noſter hoc meruit favor
73 948 599 973 SVR. Quod ſuſpicando vindicas, Princeps, ſcelus?
1 964 466 992 3âs Quod crimen in te ſervus admiſſum luo?
1 986 563 1019 ! ASTVAG. Nempe Artavaſdi frater addendus fuit.
70 1017 563 1042 SVR Vtrunoue vinclis perdoma, accedant ſcaphæ,
69 1040 537 1063 Et quicquid uſquam eſt horridum, nullum dies,
1 1051 486 1086 5Tormenta nullum pectoris retegent dolum.
30 1083 564 1111 M65AST. Secura loqueris? SR Mirte qui explorent
70 1107 561 1132 Qui patris ora, vocis agnoſcant ſonum. (fidem.
69 1130 564 1156 AST. Magia finxit. SVR Veſter hanc potius Sapor
1 1140 420 1187 Tentarit arem; ſolus illudi potes:
514 1173 559 1197 Quis
332 1177 373 1203 P4
