656 1290
60 37 559 65 n4 LVDOVICI CELLOTII
99 58 650 96 planè pro Rege & Sapore gerit. Legs-I
99 92 651 126 tos audit, Artavaſdem honori, Ptole-!
102 123 652 160 mæum libertati regnoque reſtituit: de!
103 155 652 190 Satrapar aliquorum inſolentiâ con-
101 187 650 223 queritur, qui per ludicrum alium Re-
102 217 649 254 gem, alium Saporem finxiſſent. Inter!
100 250 649 285 hæc Roxanes commiſſi ſibi ab Aſtyagc!
102 281 650 316 negotii rationem reddit: ſeq́ue quot.
103 313 650 349 potuit Magos in domum unam ſilen-
102 344 651 379 tio convocaſſe renunciat. Quos omnes!
104 376 652 412 ut publicæ quietis oſores, Dei homi-
103 407 651 444 numque hoſtes Princeps Perſarum
105 428 651 479 flammis addicit, & Archimagum ad
101 472 533 506 ſe in vinculis adduci imperat.
160 499 650 556 SCENA PRIM A.
108 573 647 612 Poftulant ad Regem admitti, ſed id antè
135 605 648 639 chiliarcho non impetrant, qum au!
134 638 649 674 ream Regis ffatuam ex more adorrint:
139 674 649 706 PHARNABAVS. MASTES.
221 705 502 728 PSAMMETICHVS..
111 743 571 794 Oiraiee.
166 790 580 816 Spectate Proceres: inde quà tellus patet,
109 811 536 840 Et anhela Phœbus hinc & hinc flectit juga,
94 835 471 860 5Promuntur orbi jura: ſublimi Sapor
110 858 510 884 Sedet arce, quantus ille qui Cœlo tonat.
108 871 647 912 Tm gemina proles, patre nil magno minor
106 903 469 930 Vt amica ſratres figna Ledæi micant.
108 925 517 953 Numeroſa Regem Satrapûm ſtipat cohors
53 949 518 973 Stelliſque claro Numine invidiam ferunt.
108 969 645 1014 MAST. Salvete Divâm tecta, venerandi lares.
107 994 471 1021 Implexa vaſtæ ſpatia dimenſus plagæ
107 1016 488 1042 Vos fronte primùm cernuus totâ colo:
108 1038 508 1064 Placate magni Numen Arſacidum Hovis,
43 1050 498 1089 5ittiſque faciſes reddite ogygiis Deos.
110 1082 643 1120 PSAM. Hic ille terror gentium? hâc vitæ & necis
110 1103 505 1133 Scribuntur arce fata? Regnorum potens
109 1125 495 1152 Quis hc Serapis verſat Inmotus vices?
572 1147 643 1185 2
