708 1352
106 88 587 114 SAPOR ADMONITVSrRAG.5r
1 111 457 136 00 Lambit palla pedes Medica: pectoris
87 135 487 160 Quod lex nulla ligat, tona per ambitum
1 157 446 182 1 Circunfuſa meat: quid loquar autei
87 179 447 204 Vagiuam, capulum, robur acinacis?
89 202 477 227 Qutd jucundum oculi fulgur, & inclyti
1 225 479 251 95 Flexus non humiles verticis, & gravem
81 248 477 270 Membrorum poſitum: Parcite cœlites,
1 270 471 294 1 Veſtrum nullus habet Iuppiter æthera,
91 293 329 311 Aut noſtro ſimilis ſedet.
89 315 481 340 Huc gentes cocant, & prece ſupplici
33 338 422 367 oo Poſcunt pacifico jura ſub arbitro,
1 362 407 385 5 Hic regnata piis ante parentibus
89 384 417 408 De ſævâ repetit regna tyrannide.
88 408 477 431 Fraude alter minor, & viribus. hoſticis
91 429 422 454 Defendiſſe rogat regna furoribus.
1 453 430 489 0, Hic & Harte truci victus, ineficax
91 475 394 502 Victricis fugitat tela ſuperbiæ.
86 497 448 523 Stridentem veluti per liquidum ara
70 520 498 545 Niſum Scylla tremit, dumq́ue capi timet,
90 544 438 568 Humanos capienda advolat in ſinus.
41 567 459 591 1o Stat ſqnallente reus cæſarie innncens,
91 590 445 614 Et ſquallente magis cæſarie nocens:
90 612 433 638 Aſtræa in medio, nudaque Veritas,
91 635 459 660 Et ffecti impatiens coofdet:uuitas.
92 658 476 682 Hmnc triſti immeritum funere ſuſcitat:
42 681 383 706 15 Illum tartareas illacrymabilis
92 703 446 729 Immigrare domos protinus, & luem
93 726 444 750 Morum efferre piis ſedibus imperat
53 749 483 774 Haud unquam geminis tortilis anguibus
93 773 419 796 Viſa Atlantiadæ virga potentior
11 793 486 819 520 Ad lethæum animas trudere gurgitem,
96 818 337 843 Detruſſave reducere.
94 837 506 866 Quid cùm mens operis conſcia nobilis,
94 861 435 887 Re geſt. domitis hoſtibus inclvta,
63 884 501 910 Adilaudem properat ? cùm populos gravis
52 906 445 934 g525 Annis atquesanimis Satrapa legibus
98 929 467 957 Rexit ſub patrii? quam facili manu,
98 952 460 978 Quàm ridente oculo præmia dividit?
97 975 463 999 Hunc ſcentra & capitis vincula regii,
99 998 468 1022 Illum urbes moveant, atque ſub unico
55 1020 450 1048 530 Caſtrorum populi Numine mobiles.
100 1043 426 1072 In garâ hi ſtupeant. aut calybonii
100 1066 371 1089 Inter delicias exiliant meri:
102 1085 440 1113 Hoc fortuna mihi regia plus places
97 1112 390 1140 Quod prodeſt facilè omnibus.
509 1155 591 1190 A C
