699 1305
168 1 696 71 s. DRIvs rRacoEI.,
116 64 697 103 Nataliâ, quam à ſuis ſtare partibus
142 99 696 134 exiſtimabant, totos ſe ad labefactan-
143 131 646 166 dum Adriani animum applicant. Sed
143 163 648 196 ille ttm Dei Numine, tum Anthimi
143 193 647 228 jam veterani Martyris præſidio, omnes
135 226 647 260 corum impetus refutat, iratoſque, &
144 256 647 296 ad Cæſaris Tribunal citantes, dimittit.
197 311 287 325 Q 0
139 312 597 338 0 2 NA P RI M A.
145 360 643 393 Nuntius de Adriani carcere ſolicitam
171 392 643 430 reddidit Nataliam. Quare verita ne
170 424 689 459 hoſti Chriſtianorum, id ſbi per dolum
172 456 643 492 nunteari juſſerit, ſeſe qucquid feret
172 488 532 522 caſus, ad Martyrium animat,
310 539 471 559 NATALIA.
130 571 642 646 tee
145 593 598 623 Obnoxia dolis mulier? Adrianus Deum?
142 641 541 669 Cruore manans, ille Chriſtiadſm timor,
114 665 535 691 5 Odium Tonantis? mite, feritati invium
135 685 518 713 Natura dederat pectus: infregit furor
142 712 622 738 Dominorum, & aulæ ambitio, & impatiens boni
142 734 563 758 Vſus malorum, iamue plus dominis furit.
142 757 513 781 Vt gutture atro ſæva maternum ebibit
1 775 560 808 5 10 Serpens venenum, quaq́ue ſtagnatur palus,
141 803 606 831 Quaq́ue nigra ſurgunt gramina. in tenebris agri
141 826 525 852 Depaſta ſaniem crevit, & Stygio halitu
140 850 486 870 Affavit auras matre deterior malâ.
1 872 518 921 215 Penetrare cæcos Luna biſſeno ambitu
164 873 547 893 Vt fallere ardet cautusl ut cordis ſinus
139 920 551 945 Reparata vix dum cornna Oceano extulit,
140 943 507 968 Ex quo pudicâ junxit Hymenæus face
139 966 528 992 Iuveni maritam: ſenſit in fraudes ſagax
1 967 40 996 â
139 988 525 1014 Mihi temola ſperni, vota non dici Iovi,
1 1002 551 1037 0 Non Divûm in aris, non lares inter domus
140 1034 560 1063 Sacrilega perdi thura: ſuſpectam. indigam
138 1058 517 1082 Virtutis, inopem conſili, arcanos jubet
138 1081 544 1105 Prodere receſſus pectoris: ſervum oppidâ
138 1103 558 1129 Ad me fidelem legat: is anhelans, gemens,
1 1125 505 1156 25 Et ora fœdans unguibus, terram pede
123 1147 691 1186 Quatins, periimùs Domina; quem caſum gemis?
418 1176 461 1199 4
