662 1297
48 39 513 69 151 LVDOVICI CELLOTII
96 63 520 89 In vincla Dominus rapitur, extrem tonar
98 86 477 110 Furioſus irâ Cæſar. Ego mente anxiâ,
100 109 489 132 Secura vultu: tenuis ubductum abſtulit
62 131 512 159 340 Vapor favorem, prima quem reddet dies.
102 154 533 182 Sic aula ludit. Chriſtus hoc, inquit. ſcelus
103 179 524 206 Et MNagica fecit ſecta: Dum torquet reos,
105 200 537 225 Auditq́ue miſerum ſomnia, iuduitur plagis
105 223 550 250 Incautus, excors, jamque Chriſtiadum jacet
68 246 474 276 35 Inter catervas. Dixit, & juſsâ artifex
108 269 523 297 Suffundit oculos lacrymâ, & pectus maou
108 292 503 319 Vtr que plangit: addit & quæ non agat
110 314 511 343 Simplex probari veritas. Sed cur meum
112 328 659 365 Explotat animum proditor? quam ſpem coquie!
73 361 583 389 40 Parmne premimur, capita quod bello inclyta,
114 385 543 410 Quod fortia virum corpora immani gemunt
114 408 499 433 Diſcerps letho? ſexus armorum rudis,
625 417 660 453 I
115 430 517 459 Impos dolorum petitur? & ne quâ exeat
116 453 522 478 Inimica in auras ſecta, Chriſtiadim fera
77 478 536 504 45 Damnatur uterus. Ergo me primam vocat
116 500 512 527 In arma coniux? ſpecimen aliarum meo
118 523 532 549 De capite ſtatuit? euge. celatum eſt nimis
118 545 451 572 Natalia, aude, Iudici dices palàm
119 569 498 596 Quod corde in imo ſæpe narrabas Deo.
81 592 525 620 50 Cui te reſervas timida? ſigula ſingulæ
120 614 540 641 Vicere qnondam virgines: Priſca ungulas,
121 638 571 664 Cæcilia gladium, Barbara & ſaxa. & parrem,
121 660 655 692 Agnes juventam, ſexum Agatha Thecla omnia.
97 684 562 711 Et amare dubitas? & tmes Chriſtum ſequi?
73 707 499 734 55 Ocui ſuperbos ante fœminens labor
126 731 567 753 Perdomuit animos hoſtium, & teneræ manus
126 754 532 780 Ardua potentum colla truncarunt ducum,
128 777 546 803 Si mihi palæſtram pandis, & honeſtâ jubes
129 801 472 825 Luctâ implicari. debiles artus tuo
90 821 592 849 0 perfunde olivo Chriſte, da membris ſtatum,
131 847 487 870 Robur lacertis, ſi licet tecum. Stygis
130 869 475 894 Furiis apertum tuta præbebo latus:
132 890 532 915 Hic dabit arenam carcer, hic ſocium tori:
133 913 576 940 Quæro, per illum prompea, vel cum illo mori.
190 951 565 975 SCENA SECVNDA.
137 984 657 1021 udit Tribuno cui commiſſus dria
194 1017 558 1049 nus illum verè ob Chriſti fidem
262 1049 460 1083 vinctum eſſe.
219 1090 566 1116 FLAVIVS. ATALIA.
98 1111 587 1137 65 Ee habet, ſecundâ fectis huc greſſum alits
140 1135 491 1159 VNatalia; û ſi mitior cladem.Deus
579 1156 655 1188 Pr,
