708 1295
26 37 554 69 j LVDOVIC CELLOTI
129 67 523 91 Chriſto fideles? nec tuam damno fidem
135 90 492 118 Adriane, ſed me Regis offenſ metus
79 113 488 139 Mihi providere cogit. Ifauſts alite
137 137 599 164 Quocumque libuit: hoc precor. ne te lmplicet
100 157 573 188 5 Familia vanis. Verba, lacrymaſq́ue amputa,
136 184 552 209 Moriturus iſta rmpe quæ frangunt viros,
136 206 514 232 Diſſolve nexus miles, haud aliter lares
136 229 517 251 Nataliamque cernere Adrianum decet.
138 250 695 287 ADR.Ad Ceſarem ambo mox ſequar, quod fi fvor
102 276 546 303 0 Non abiit omnis, pauca pro causâ loqui
139 299 587 327 Permittat, ora. Video quæ Dominum imperi
138 322 567 348 Audite proſit. FLAV. Si domi vinci cupis,
134 345 469 371 Si ſtas in illo conjugis charæ ſinu,
131 368 554 402 Quam fronte lætâ Cæſar id de me andiet?
193 416 576 444 SCENA 0EvDA.
361 418 525 432 4 5 55
136 473 638 508 Hn carcere vinculis divina ſe voluptate
268 505 496 541 perfuſum miratur.
290 558 470 579 ADRIANVS.
100 593 621 631 95 IEuI quo voluptas ſancta? quo cœlum ſugit?
139 625 619 650 2 Etjmne vinclis Numen, & Numen loco eſt?
138 649 517 672 Durâ revinctus compede, infandæ luto
136 671 532 698 Tenebriſque caveæ clauſus O quales polo
99 695 523 720 Hauſi liquores gaudia â quanta ebibi!
69 717 560 743 100 Illuſa mundo pectora. heu l mentes bons
136 740 602 778 Suræ fugcis bes rorm ſepies hu-
84 765 471 789 Error vagari cogit, & vanâ famem
84 784 560 817 Proritat unbrs ſerre pro Chriſto aſpera:
136 810 561 837 Gaudere certum eſt. Ecce dum vincla exui
87 832 492 860 105 Mihi reſtitutus, ceſſi infirmos vigor
119 855 470 881 Fuſus per artus, abiit adſtriti Deo
133 879 521 905 Animi ſerenum: ſentio, non eſt meum,
134 901 512 928 Quod tot periclis extuli victor pedem;
134 923 575 952 Quod tot malorum inſuetus, extrema appeto;
92 946 596 973 0 Quod gravia recolens in face, & ferro, & cruce
97 970 530 994 Mens acquieſcit ſuaviter, non eſt meum.
133 993 456 1019 Si provocare fata, ſi duram datur
133 1015 573 1042 Mortem oaupare fortiter, Chriſte eſt tnum.
130 1037 562 1066 Pugnet Adrianus, Chriſtè tu palmam feres.
