750 1315
108 41 623 87 pIANVS RA0EDIA. or
82 76 348 102 Aure ſub unâ pretium fundi;
81 100 368 123 Tunc fœmineum mentita genus
82 123 326 147 Laxata virum ſtola celabat.
81 146 366 166 Sexum virtus, non forma facit.
40 169 423 193 45 At ecce hiatu carcer obliquo patet,
78 192 444 210 vbi Adrianum multa ſeminecem manus
77 215 478 240 Circunſtat: oculos huc & huc conjux rotat
76 238 463 262 Sollicita: luctum Conſul interius coquit.
74 291 613 336 ACTVS QVINTVS.
142 355 471 391 ARGVMENTVMI.
175 401 630 444 RoDvcrv Adrianum
103 438 625 507 e moleſiot amnicus,
239 440 633 481 Conſul omnibus inimi-.
239 504 626 533 monet vel ſerò ſibi con-
196 532 628 572 2 ſulere. Sed palmam in
188 569 629 601 manibus infringere pe-
57 600 623 635 nè victori non poteſt. Cædem ergo ju-)
58 626 628 668 bet ab eo incipere, hoc ipſum enixè
55 661 626 707 togante Nataliâ, Quæ eo digreſſo
52 693 620 733 quam ſolicitè, quàm piè, quâm arden-
50 727 621 765 ter maritum hortatur ad horam exci-
47 759 618 797 piendam, votis omnibus expetitam?
47 787 623 824 Adſunt tandem lictores incude & fere!
44 822 625 860 reo vecte terribiles. Tum maior exem-
41 852 623 892 plis omnibus virago, crura faſciis ex-
41 884 623 923 pedire, imponere incudi, porrigere!
37 913 627 955 frangenda tortoribus,Supererat tenuis!
38 947 625 979 vitæ halitus: Hunc etiam abſciſiono
36 978 611 1018 dextræ manſs exprimere perſuadet.
31 1011 555 1052 Iuſſis igitur ad aliorum ſupplicia pro-
30 1042 549 1083 gredi lictoribus, ſola diſcedentè Mar-
28 1073 547 1114 tyris animam dulcibus lacrymis, &
25 1105 548 1145 ſupernæ felicitatis contemplatione
25 1133 597 1185 proſequitur. Corpus interim parabat
