852 1321
110 16 196 67 lſ!
363 47 736 74 LVDOVVICI CELLOTII
217 55 298 75 a204
308 71 676 92 Prenſanda Cœli ſtatio, ne rabies ſali
822 72 850 110 l2
309 94 674 118 Iterum refane ſorbeat cauro ratem.
309 116 829 146 ADR. Nil eſt timendum, dentis invicti hæreo!
44 116 91 157 i
278 140 765 165 0 Fundatus unco. Quicquid eſt Erebi aſperum,
112 137 195 186 ſI4!
309 164 699 188 Totos furoris impetus in me imprimat,
310 186 697 210 Superare ditem morte non facili juvat.
308 209 834 245 NAT. Animoſa frater verba, ſed ſcopulum cave;
109 208 194 258 1il!
59 199 109 240 2
310 231 675 257 Styge provocatâ typhus irrepit levis.
26 253 112 281 3
276 256 701 281 515 Et homine major animus, & fidens ſibi.
310 279 684 304 Qui ſis, & unde cogita: non tu potes,
309 301 687 325 Quod poſſe Numen fecit infuſum tibi.
307 325 839 353 ADR. Quâm dulce, Chriſto vivere, affligi, mori!
309 348 841 380 NAT. Chriſtus ſupremum tramitem vitæ terens
52 348 91 382 I
279 371 724 396 0 Cœlum inter & nos medius, offenſi patris
309 394 642 418 Excepit iram totus, & juſſos polo
307 416 671 441 Hauſit dolores; fluxit infuſus liquor
307 439 713 465 A capite in artus; ſacra Martyrio cohom
307 463 676 487 Tormenta calice de propinato ebibit,
61 454 114 513 I!
279 486 689 512 5 Iamn non amara. Sic ubi occultas latex
308 509 704 536 Terræ medullas ſubiit, & tacito agmine
63 505 132 543 !
307 532 661 558 Venas metalli ſtrinxit, irriguâ capit
309 555 660 578 Sanorem arenâ, dein ſalutari exerit
310 579 652 603 Se fonte percolatus, & peſtes fugat
278 602 702 627 0 Mortalis ævi: non ſecus Chriſti replent
310 625 712 650 Venas acerba terminum, ut ſuavis liquor
306 648 691 673 Meet in nepotes. quanta prb pietas Dei
65 641 153 678 !!
307 671 781 696 Adriane l dirum quicquid, horribile, aſperum,
307 694 718 720 Propinat orcus, primus exhauſit merum:
65 696 141 754 l
65 697 112 729 tâ
275 717 678 744 5 Nos delicati ſpineum amplexi caput
305 740 712 767 Roſarum amœna legimus: & tanto piget
302 763 698 790 Vitam parenti reddere? & carum putas
56 762 129 805 15!
301 786 812 814 Hoc prerio Olympſ? ADR.Cor dolet, circâ nigtor
67 798 104 814 !
302 809 804 837 Oberrat oculos, morior. NAT, Eja animam tene,
64 809 126 838 II)
260 833 786 862 Io9 Mox lictor aderit. Martyri ſtandum io gradu eſt,
63 833 142 870 15
302 854 707 880 Vel morte in ipsâ: laureæ tempus venit,
63 865 135 903 ſſ4
301 878 722 901 Cave occuparis. ùm Deus lacero crucem
63 894 117 916 5Mi
299 900 687 928 Corpore tonebat, artuum pondus grave
299 924 770 952 Clavo imprimens ntrumque penetranti pedm,
258 947 678 974 105 Inſirmus, atrrttus, fer exhauſtus ſiti:
300 969 669 996 Cum ſole rapto medius horrendâ dies
300 992 606 1018 In uocte periit, & truci filemtio
298 1015 687 1042 Pavefacta tellus timuit æternum ehaos.
299 1038 707 1065 Quam fortis inter illa, quâm dignos Deo
259 1059 684 1089 2I0 Animus ſtetit, honiq́ue divini appetens
299 1083 655 1105 Snſtinuit artus, antè ne vellent mori
302 1105 736 1132 Quâm juſſa ſinerent patria, & culpæ modns
300 1128 748 1158 Rigidè explatæ. Non ibi hane pœnam tnlie
268 1151 722 1178 A rine, itibi, mihíue tam conftans fuit.
54 1155 148 1213 .
754 1177 845 1216 A2
2 1224 35 1245 t
