656 1289
91 25 601 61 ADRIANVSTRAGOEDIA. 1
103 47 503 82 In illa magna admiſſus, in apertum Dei
55 73 514 105 o5 Receptus adytum? ſortis hic ſeriem legis
99 93 560 132 Modumq́ue noſtræ: ceruis arcanum chaos,
98 117 506 147 Vbi magna rarum ſemina, & certi latent
98 139 468 166 Canſæ futuri: charitas moli ineubat
98 163 463 194 Factura leges, hæc ut æthereas modo
54 187 502 214 20 Surgant in auras, illa ſub tenebris adhuc
98 209 497 240 Repoſta lateant: eſſe nunc tempus jubet
97 231 532 272 Olim futurum: jamq́ue præteritum in nihil
97 255 420 284 Facit relabi. ſtabile ſed ſſtit ſibi,
98 278 517 310 Semperque præſens. Cernis ut maſſa pater
1 294 451 332 ai5 Iſtos ab atrâ educit; hos fdâ ſinit
97 324 490 357 Torpere culpâ : vult ut immeritis bene,
98 347 529 377 Secla ante, & ante temporum primas vices.
96 370 547 403 Vnde ille donorum ordo, & ætemnam trahens
98 393 531 425 Catena vitam: nec odium eſt; idem eligit
54 417 534 447 2o Amnor tyrannum, & martyrem: Cœlo locat,
98 439 518 468 Condemnat orco. Sed quis hærentem ſolo
96 462 555 495 Rapit æſtus? unde Cœlitum, terræ immemor,
61 486 452 517 Arcana peragro? fallor, evaſit mei
97 509 581 539 Pars una, partem hic ſervo. Simulacrum hoc tul
55 532 473 563 225 Adriane, amarit alia, ſugitivi procax
96 556 479 585 Decoris auceps, rupimus carnis moras,
94 579 575 612 Animæque adhæſit anima. Sed quando bene eſt
95 602 548 633 Cui plus timebam. corpus hoc conſors honi,
96 624 525 654 Tonantis atam, pneumatis magni thronum-
55 649 484 679 0 Rigabo lacrymis. mille deſigam oſcula,
98 672 469 698 Hic aſſidebo ſedula, atque iterum meo
96 694 412 722 Spirare faciam ſpiritu.
427 739 487 751 D m4
161 734 570 768 0 NA. QATA.
56 771 588 818 Flavius obnitente faſtra Natalidriao
1 798 56 812 b
123 807 597 849 i cada ver im fomnacem coniiciendm
125 838 272 873 efferri jubet.
179 872 505 908 FLAVIVS. NATALIA.
249 906 554 935 ,2 Hoc unum eſt ſupes,
94 924 588 958 Abripite ſamuli. NAT. Quo ſcelus ſcelere aageras
95 949 500 974 Cruente miles! ſpiritu evulſo, innocens
54 972 488 1001 25 Furis in cadaver? hac tyrannorum tenus
94 994 474 1021 Ierit poteſtas, mors tibi eripuit virum
93 1017 586 1048 FL. Facite imperata NAT:Iuris Adrianus ſui eſt,
93 1040 541 1070 Nil jam tyrannis deber: aut Domino abſtine,
94 1064 513 1095 Aut ſimul utrumque perde communi rogo,
54 1086 582 1113 40 L. Properate., reliqua mox cibum flammis dabit
94 1109 588 1139 Turba impiorum. NAT. Ardente ſi prohibes pyi,
93 1133 495 1165 Da legere cineres, ſi; quo ijaceant, ueo
515 1162 587 1189 Strueno
