1123 2046
814 172 891 225 26,3
103 321 787 403 RO LOGVS.
78 413 811 466 APOLLO, MERYRIVS.
249 487 956 542 à A cVNDE frater, maximi interpres
250 546 868 640 &i.
297 651 413 693 e magi
73 698 845 749 ocem exe randam, atque impiam effundit genus
71 747 814 805 CMortale, quam cum tempora, & rerum vices,
74 800 611 858 Vagoſque curſus ſiderum certo videt
72 852 643 906 Tenore volui, temere Clitibus negat
68 908 665 958 Curæ eſſe terras. Numien æternum DOei
65 962 693 1006 Nutu tuetur cuncta:& immenſum, velut
64 1008 642 1064 Per corpus hoc, & mobiles late ac leues
64 1058 619 1117 Explicuit auras, vnde vitalem trahit
14 1117 759 1164 Quodcumque viuit ſpiritum: nullum locum
65 1167 734 1214 Non implet ipſe: totus vbicumque, & ſuum
66 1216 765 1274 Opus gubernat. Magna molitur, tamen
69 1271 706 1317 Quæ parua ſunt, non neolioit. piſces, aues,
425 1306 486 1328 O
69 1324 736 1371 Et quodquod eſt tenuius animantum genus,
27 1371 666 1427 Alit fouetque: nullus hontinum vertice
66 1423 630 1476 Cadit capillus: nulla frons ex arbore
63 1473 615 1528 Illo fluit vetante: regnorum ſtatus,
64 1517 815 1580 vt vult, dat, adimit, niiſcet: iterea & gerit
64 1574 658 1632 Curam minorum: noſtra miniſteria
1 1627 745 1692 Ad res detentes deſtinat: quando ſuum eſt
570 1679 875 1733 R 4 Cui-
