1125 2046
407 132 983 181 PHILOTIMI
199 149 389 197 272
314 204 913 256 Nec inſpicit:leuique turbat murmure
315 252 1043 310 Quicumque agunt attentius. quod ſitacet,
311 307 957 361 Statim reclinat lamina, & ſomnum petit
243 361 971 413 Feſſus ſedendo. TY. abimus. at Liuor vale.
315 410 1055 462 Aliud ne viss LI. audite, Calliſtum quoque
317 466 1091 519 Eius ſodalem adiicite. TY. iam nimium es procax.
316 516 980 573 Qec eſt libido explebilis. Do. ſi quid pote
317 571 983 619 Fieri videbo. Triſtibus cum mens labat,
319 623 979 673 Sunt danda verba: ne quid in ſe ipſi velint
318 677 1008 731 Statuere grauius. deinde faciendum vt potes.
266 830 1038 922 D BIERE, ſed quam vereor, vt verbis Doli
364 885 1085 938 Res conſonent. eſt perfidus, tectus, duplex,
319 939 972 990 Leuis, ſceleſtus, polypus haud varius magis:
321 991 873 1040 Omnes colores induit. quoduis ait,
291 1043 906 1096 Negatque rurſus. dat rogatus millies
319 1090 1085 1149 Quodcumque, ſemper memorat, c grates agi
244 1147 951 1199 Vult ſempiternas:non dat, etſi ſpondeat,
234 1201 946 1252 Fidemque frangit, ſubdolas nectit moras,
322 1253 1042 1303 Diſſimulat, & ſe velle, ſed poſſe abnegat,
320 1305 1044 1359 Reiicitque tandem: pectore incluſum hoc habet,
319 1357 933 1409 Hoc voce promptum: verba metitur ſuis,
320 1411 996 1463 VVt fert voluntas, commodis. læua quidem
319 1463 922 1514 Panem petenti oſtendit, at dextra gerit
321 1517 1040 1568 Lapidem petendo:nemini vt fidam minus.
320 1570 1013 1620 Ex ore eodem frigiduim, & calidum vomit.
315 1621 925 1674 Qui fronte læta, corde triſti, ſe obtulit,
1048 1671 1103 1706 Ini-
