<?xml version="1.0" encoding="UTF-8" standalone="no"?><PcGts xmlns="http://schema.primaresearch.org/PAGE/gts/pagecontent/2019-07-15" xmlns:xsi="http://www.w3.org/2001/XMLSchema-instance" xsi:schemaLocation="http://schema.primaresearch.org/PAGE/gts/pagecontent/2019-07-15 http://schema.primaresearch.org/PAGE/gts/pagecontent/2019-07-15/pagecontent.xsd"><Metadata><Creator/><Created>2022-01-23T22:08:07</Created><LastChange>1970-01-01T00:00:00</LastChange><Comments/></Metadata><Page imageFilename="0683.png" imageHeight="2046" imageWidth="1129"><TextRegion id="r1" orientation="-0.375" type="paragraph"><Coords points="1,1 1127,1 1127,2044 1,2044"/><TextLine id="l1"><Coords points="200,157 200,198 873,203 873,162 200,157"/><TextEquiv><Unicode/></TextEquiv><TextEquiv index="1"><Unicode>ACTVSSECVNDVS 277</Unicode></TextEquiv></TextLine><TextLine id="l2"><Coords points="73,212 72,263 720,268 721,217 73,212"/><TextEquiv><Unicode/></TextEquiv><TextEquiv index="1"><Unicode>taiore reddo fenore. LI. vt conſtes vide.</Unicode></TextEquiv></TextLine><TextLine id="l3"><Coords points="27,266 27,313 766,318 766,271 27,266"/><TextEquiv><Unicode/></TextEquiv><TextEquiv index="1"><Unicode>PII. Re erba vincam, crede. Quid vocem tenes?</Unicode></TextEquiv></TextLine><TextLine id="l4"><Coords points="26,324 26,369 707,373 707,328 26,324"/><TextEquiv><Unicode/></TextEquiv><TextEquiv index="1"><Unicode>LI. Spectare limis multa non poteram: tamen</Unicode></TextEquiv></TextLine><TextLine id="l5"><Coords points="72,372 71,417 567,421 568,376 72,372"/><TextEquiv><Unicode/></TextEquiv><TextEquiv index="1"><Unicode>Furtim videre viſus a C. littera</Unicode></TextEquiv></TextLine><TextLine id="l6"><Coords points="69,418 69,470 859,475 859,423 69,418"/><TextEquiv><Unicode/></TextEquiv><TextEquiv index="1"><Unicode>Nomen profectum. PHI. forte Calliſti? LI. id fuit.</Unicode></TextEquiv></TextLine><TextLine id="l7"><Coords points="26,471 26,524 862,529 862,476 26,471"/><TextEquiv><Unicode/></TextEquiv><TextEquiv index="1"><Unicode>PHI. Calliſtu ergo victor LI. &amp; princeps. PHI. mniſer</Unicode></TextEquiv></TextLine><TextLine id="l8"><Coords points="73,525 72,570 678,574 679,529 73,525"/><TextEquiv><Unicode/></TextEquiv><TextEquiv index="1"><Unicode>Philotime, &amp; hoc tu nomen vſurpas tibi?</Unicode></TextEquiv></TextLine><TextLine id="l9"><Coords points="71,578 71,630 677,634 677,582 71,578"/><TextEquiv><Unicode/></TextEquiv><TextEquiv index="1"><Unicode>Indigne vita, turpis: hanc tu vrbem coles</Unicode></TextEquiv></TextLine><TextLine id="l10"><Coords points="109,682 161,683 161,677 162,676 607,679 608,678 610,678 611,677 612,677 613,676 614,676 614,675 615,674 615,673 616,672 741,673 741,672 616,671 615,671 615,667 616,666 664,667 665,666 690,666 690,665 690,663 691,662 691,658 693,656 693,648 695,647 696,647 698,644 698,641 697,639 697,638 695,637 694,637 692,635 679,635 679,634 710,634 711,633 710,633 82,629 81,642 81,643 74,643 73,643 73,663 72,665 71,665 70,665 70,669 71,670 103,670 103,677 104,678 104,679 105,680 106,680 107,681 109,681 109,682"/><TextEquiv><Unicode/></TextEquiv><TextEquiv index="1"><Unicode>Digito notandus omnium, &amp; nutugrauis</Unicode></TextEquiv></TextLine><TextLine id="l11"><Coords points="65,682 64,732 644,736 645,686 65,682"/><TextEquiv><Unicode/></TextEquiv><TextEquiv index="1"><Unicode>Erit aura cæli grata? quin vertis ſolum</Unicode></TextEquiv></TextLine><TextLine id="l12"><Coords points="139,782 151,789 151,788 166,788 167,787 180,787 181,787 181,786 182,784 247,785 248,784 411,785 412,784 415,784 416,783 417,783 419,781 555,782 556,781 603,781 604,781 604,780 604,779 607,779 610,777 610,775 611,774 611,771 611,770 639,770 640,769 733,770 734,769 746,769 751,765 751,755 752,754 752,752 749,749 739,749 739,739 736,736 96,732 94,729 783,733 784,733 784,732 783,731 89,727 89,745 88,746 68,746 67,747 67,774 67,775 133,775 139,781 139,782"/><TextEquiv><Unicode/></TextEquiv><TextEquiv index="1"><Unicode>Vitam? Quam eſſe inglorium, praæſtat mori:</Unicode></TextEquiv></TextLine><TextLine id="l13"><Coords points="282,829 283,829 287,825 305,825 306,824 327,824 328,823 372,824 373,825 376,825 377,824 397,824 398,823 440,823 448,823 449,824 459,824 460,823 470,823 471,822 612,823 613,824 614,824 615,823 619,823 619,822 617,822 616,822 616,821 615,820 615,819 613,816 605,816 604,816 604,804 603,802 568,802 567,802 567,794 567,793 567,791 566,790 550,790 547,793 501,793 501,792 501,791 500,791 499,791 498,792 496,792 495,801 495,802 487,801 486,802 461,802 460,803 381,803 380,802 352,802 351,801 351,793 350,792 349,792 348,793 309,792 308,793 261,793 260,794 260,800 259,801 259,804 173,803 172,803 172,797 171,795 166,795 164,793 163,794 90,794 88,795 88,798 88,799 65,799 64,799 64,821 63,822 63,824 64,825 65,825 66,826 200,827 201,826 203,826 204,825 280,825 280,826 280,828 282,829"/><TextEquiv><Unicode/></TextEquiv><TextEquiv index="1"><Unicode>Philotime cede, da locum melioribus.</Unicode></TextEquiv></TextLine><TextLine id="l14"><Coords points="21,839 20,888 727,893 728,844 21,839"/><TextEquiv><Unicode/></TextEquiv><TextEquiv index="1"><Unicode>LI. Non huc iere noſtra, migrandum vt putem</Unicode></TextEquiv></TextLine><TextLine id="l15"><Coords points="63,889 63,939 807,944 807,894 63,889"/><TextEquiv><Unicode/></TextEquiv><TextEquiv index="1"><Unicode>Vita. PHI. Quid ergo IIgloriæ &amp; honoris via</Unicode></TextEquiv></TextLine><TextLine id="l16"><Coords points="98,995 103,995 103,994 103,982 104,982 168,982 169,981 287,982 288,981 337,982 338,981 425,981 425,982 425,989 426,990 426,991 427,991 428,991 429,992 430,991 432,991 435,988 435,987 436,986 436,981 437,980 476,980 477,979 528,980 529,979 538,979 539,978 578,978 578,979 578,988 579,989 579,990 580,990 581,990 582,991 590,991 591,990 593,990 594,989 595,989 597,987 597,979 598,978 627,978 628,977 685,978 686,977 709,977 710,976 711,976 711,975 711,964 712,964 713,964 714,962 714,960 712,958 701,958 699,956 653,956 652,955 652,946 647,946 646,946 646,956 646,957 605,956 604,957 542,957 541,958 500,958 499,959 455,958 454,958 454,948 454,947 453,947 452,946 449,946 448,947 447,947 446,948 417,948 415,950 415,955 414,956 414,957 369,957 367,959 312,958 311,958 311,949 311,948 310,948 309,949 308,949 306,951 306,959 305,960 259,960 258,960 258,952 257,950 247,950 246,951 245,951 244,951 244,956 243,957 243,959 243,960 172,959 171,958 170,958 168,960 168,961 109,961 108,960 89,960 88,959 88,957 86,955 85,955 84,954 82,954 81,953 78,953 77,954 76,954 75,955 74,955 73,956 72,956 70,958 69,958 68,958 68,959 67,960 67,961 66,962 66,963 65,964 65,981 62,984 62,985 61,986 62,987 62,988 63,989 83,989 84,990 85,990 86,991 87,991 88,992 89,992 90,993 92,993 93,994 97,994 98,995"/><TextEquiv><Unicode/></TextEquiv><TextEquiv index="1"><Unicode>Quæratur alia:ducet ad ſummum gradum:</Unicode></TextEquiv></TextLine><TextLine id="l17"><Coords points="184,1044 185,1045 186,1044 191,1044 192,1043 192,1037 197,1037 198,1036 198,1034 236,1034 237,1033 323,1033 324,1032 334,1033 335,1032 419,1032 420,1033 422,1033 423,1032 479,1032 480,1031 530,1032 531,1031 590,1031 591,1032 591,1039 592,1040 592,1041 596,1041 597,1040 598,1040 599,1040 599,1031 599,1030 637,1030 638,1029 758,1030 759,1031 759,1034 760,1034 761,1033 762,1033 763,1032 764,1032 768,1029 768,1028 769,1027 769,1023 766,1019 760,1019 759,1019 759,1010 758,1008 733,1008 732,1007 702,1007 701,1006 701,997 700,996 699,996 697,997 697,1001 696,1002 696,1005 695,1006 695,1007 695,1008 641,1008 640,1008 574,1008 573,1008 573,1000 572,998 569,1001 569,1004 554,1004 553,1005 552,1005 551,1005 551,1006 549,1009 512,1009 511,1010 464,1009 461,1006 459,1006 458,1005 413,1005 412,1005 412,1002 412,1001 411,1001 410,1000 378,1000 377,1000 377,1001 376,1002 376,1009 376,1010 360,1010 359,1011 346,1011 345,1012 328,1011 327,1011 327,1004 326,1003 326,1002 326,1001 325,1001 323,1003 323,1011 266,1011 264,1009 262,1009 260,1011 215,1011 214,1012 172,1011 171,1011 171,1003 169,1000 167,1000 166,1001 160,1001 159,1002 157,1002 151,1008 151,1009 150,1010 150,1012 92,1012 91,1011 91,1009 90,1008 67,1008 66,1007 62,1007 61,1007 61,1029 59,1031 59,1032 60,1034 142,1034 143,1035 143,1042 149,1042 150,1043 184,1044"/><TextEquiv><Unicode/></TextEquiv><TextEquiv index="1"><Unicode>Nec aſſequentur inuidi. PHI. Si quam doces,</Unicode></TextEquiv></TextLine><TextLine id="l18"><Coords points="59,1046 59,1098 726,1103 726,1051 59,1046"/><TextEquiv><Unicode/></TextEquiv><TextEquiv index="1"><Unicode>Ego dux præibo. LI. more tu hoc facies tuo,</Unicode></TextEquiv></TextLine><TextLine id="l19"><Coords points="99,1149 103,1149 103,1148 103,1140 104,1139 104,1137 105,1137 168,1137 168,1138 168,1146 167,1147 169,1148 170,1148 171,1147 174,1147 174,1139 175,1138 175,1137 176,1136 252,1137 253,1136 321,1136 322,1135 428,1136 429,1135 468,1135 468,1136 468,1143 469,1144 469,1145 470,1145 471,1145 472,1146 474,1146 475,1147 481,1147 482,1146 485,1146 485,1145 486,1144 487,1144 487,1143 489,1141 489,1135 490,1135 572,1135 573,1134 632,1134 632,1135 632,1136 633,1137 634,1137 635,1137 636,1136 637,1136 640,1133 640,1132 641,1131 641,1127 639,1124 629,1124 628,1124 628,1116 629,1115 628,1114 628,1113 628,1112 616,1112 615,1111 614,1112 606,1112 605,1113 549,1113 548,1112 548,1104 547,1103 545,1103 544,1104 543,1104 542,1105 519,1105 517,1106 517,1112 517,1113 496,1113 495,1114 486,1113 485,1114 429,1114 428,1115 394,1115 393,1114 393,1106 391,1104 390,1104 388,1105 388,1114 388,1115 342,1115 341,1114 341,1104 337,1104 336,1104 336,1105 335,1106 335,1113 334,1114 246,1114 245,1115 214,1115 213,1114 213,1107 212,1106 212,1105 210,1105 208,1106 208,1114 208,1115 182,1115 180,1112 179,1113 179,1114 178,1115 177,1115 176,1116 110,1116 109,1115 78,1115 77,1114 77,1113 75,1111 60,1111 58,1112 61,1115 61,1132 61,1133 60,1133 58,1134 58,1136 60,1138 97,1138 97,1147 99,1149"/><TextEquiv><Unicode/></TextEquiv><TextEquiv index="1"><Unicode>Rapere priorem rebus in magnis locum,</Unicode></TextEquiv></TextLine><TextLine id="l20"><Coords points="97,1201 99,1201 101,1199 103,1199 104,1198 104,1197 105,1197 105,1196 108,1193 108,1190 108,1189 122,1189 123,1188 179,1188 180,1189 180,1198 182,1199 183,1200 185,1200 186,1199 214,1199 215,1198 216,1198 222,1192 222,1188 293,1188 294,1187 319,1187 418,1188 419,1189 420,1188 422,1188 424,1186 461,1186 462,1185 519,1186 520,1187 546,1187 547,1187 547,1196 548,1198 550,1198 551,1197 552,1197 555,1194 601,1194 602,1195 603,1195 604,1194 606,1194 607,1193 608,1193 609,1192 610,1192 611,1192 611,1190 613,1188 613,1185 613,1184 733,1185 734,1186 738,1186 742,1183 742,1182 741,1181 741,1180 740,1179 739,1179 738,1178 733,1178 733,1166 733,1165 732,1165 730,1163 700,1163 699,1162 698,1163 630,1162 629,1162 629,1153 629,1152 628,1152 627,1151 622,1151 620,1153 567,1153 566,1154 564,1154 560,1157 560,1158 559,1159 559,1160 558,1161 558,1163 557,1165 478,1164 477,1164 477,1163 476,1162 476,1161 474,1159 474,1158 474,1157 471,1157 470,1156 454,1156 453,1157 450,1157 449,1158 447,1158 443,1162 443,1163 442,1164 442,1166 399,1166 398,1167 344,1167 343,1166 343,1157 342,1156 340,1156 339,1156 339,1167 339,1168 279,1167 278,1167 278,1154 278,1153 277,1154 277,1167 252,1167 251,1166 251,1161 250,1160 243,1160 241,1158 240,1158 239,1157 238,1157 237,1158 233,1158 232,1159 231,1159 225,1164 225,1165 225,1166 190,1166 188,1168 123,1167 122,1167 122,1158 121,1156 117,1156 116,1157 115,1157 113,1159 112,1159 110,1161 110,1162 61,1162 59,1163 59,1164 60,1165 61,1166 62,1166 62,1182 61,1183 61,1189 61,1190 96,1190 97,1190 97,1200 97,1201"/><TextEquiv><Unicode/></TextEquiv><TextEquiv index="1"><Unicode>Vt ferre poſſis neminem. PHI. ſic eſt meum.</Unicode></TextEquiv></TextLine><TextLine id="l21"><Coords points="118,1252 123,1252 124,1242 124,1241 222,1242 223,1242 222,1250 224,1252 231,1252 232,1250 233,1241 250,1241 251,1240 291,1240 292,1241 292,1250 293,1250 294,1251 295,1251 296,1250 298,1250 299,1249 300,1249 302,1248 302,1247 303,1246 303,1244 304,1243 304,1242 305,1240 364,1241 365,1240 377,1240 414,1240 415,1241 418,1241 419,1241 419,1240 419,1239 435,1239 507,1240 508,1241 511,1241 512,1242 516,1242 517,1241 518,1241 519,1240 520,1240 522,1238 591,1238 592,1237 746,1238 747,1237 790,1237 791,1236 794,1237 795,1236 795,1235 796,1234 796,1222 799,1222 800,1221 799,1221 796,1221 796,1220 796,1218 794,1217 793,1217 792,1216 726,1215 726,1206 724,1204 723,1205 721,1205 721,1206 721,1214 719,1215 686,1215 685,1216 640,1216 639,1216 525,1216 525,1215 525,1207 523,1206 488,1206 486,1207 440,1207 439,1206 438,1207 437,1207 437,1208 437,1214 436,1215 436,1216 435,1217 435,1218 434,1218 380,1218 380,1217 380,1213 379,1213 373,1213 372,1214 367,1214 367,1216 366,1217 323,1216 323,1209 321,1207 320,1207 319,1206 317,1206 316,1207 315,1207 314,1208 285,1208 284,1209 262,1209 262,1210 262,1219 261,1219 184,1219 183,1218 180,1217 178,1219 126,1219 125,1218 110,1218 110,1211 108,1209 85,1209 85,1208 85,1207 84,1207 83,1208 82,1208 82,1213 81,1214 66,1214 65,1215 64,1215 63,1216 63,1217 62,1218 62,1229 60,1231 60,1232 59,1233 59,1240 59,1241 116,1241 117,1242 116,1251 118,1252"/><TextEquiv><Unicode/></TextEquiv><TextEquiv index="1"><Unicode>Sed prome quid ſit. LI. belli &amp; armorum decus:</Unicode></TextEquiv></TextLine><TextLine id="l22"><Coords points="60,1255 60,1304 724,1309 724,1260 60,1255"/><TextEquiv><Unicode/></TextEquiv><TextEquiv index="1"><Unicode>Quo nil datum mortalibus pulchrum magis.</Unicode></TextEquiv></TextLine><TextLine id="l23"><Coords points="221,1355 226,1355 228,1353 228,1344 303,1344 304,1345 304,1349 305,1350 306,1349 309,1349 312,1347 312,1346 313,1344 326,1344 327,1343 348,1344 349,1343 398,1343 399,1344 401,1344 402,1343 479,1343 480,1344 480,1346 482,1346 484,1345 484,1344 485,1342 523,1343 524,1342 575,1342 576,1343 578,1343 579,1342 625,1342 626,1341 706,1342 707,1343 762,1343 763,1344 766,1344 767,1343 768,1343 769,1343 770,1342 770,1341 772,1339 772,1333 769,1330 762,1330 762,1322 761,1321 761,1320 761,1319 759,1319 758,1319 758,1318 757,1316 754,1316 753,1317 753,1319 746,1319 745,1319 745,1310 744,1308 743,1308 742,1307 741,1307 740,1308 740,1319 732,1319 730,1321 714,1321 713,1322 663,1322 662,1321 642,1321 641,1320 641,1312 640,1311 638,1310 637,1311 583,1311 582,1312 580,1312 579,1313 579,1321 519,1321 518,1322 505,1322 504,1323 422,1322 421,1322 421,1313 420,1311 418,1311 417,1312 366,1312 365,1311 346,1311 345,1312 344,1312 343,1312 343,1317 343,1318 323,1317 322,1318 322,1323 270,1323 269,1323 269,1321 269,1320 218,1320 217,1319 217,1314 216,1313 214,1313 213,1312 194,1312 193,1311 191,1312 191,1320 191,1321 184,1321 182,1323 120,1322 119,1321 93,1321 92,1320 92,1319 90,1317 71,1317 70,1316 65,1316 63,1317 63,1338 62,1339 62,1341 63,1343 84,1343 85,1342 151,1342 152,1343 152,1354 160,1354 161,1354 161,1347 161,1346 166,1346 167,1346 167,1343 167,1342 219,1343 220,1343 220,1353 221,1355"/><TextEquiv><Unicode/></TextEquiv><TextEquiv index="1"><Unicode>Nam quid putas, Philotime, cum litui canunt,</Unicode></TextEquiv></TextLine><TextLine id="l24"><Coords points="61,1358 61,1406 707,1410 707,1362 61,1358"/><TextEquiv><Unicode/></TextEquiv><TextEquiv index="1"><Unicode>Et auca reſonant cornua, audacem virum</Unicode></TextEquiv></TextLine><TextLine id="l25"><Coords points="58,1410 58,1458 691,1462 691,1414 58,1410"/><TextEquiv><Unicode/></TextEquiv><TextEquiv index="1"><Unicode>Medias per vndas militum, inceſſu graui,</Unicode></TextEquiv></TextLine><TextLine id="l26"><Coords points="57,1461 56,1509 644,1513 645,1465 57,1461"/><TextEquiv><Unicode/></TextEquiv><TextEquiv index="1"><Unicode>Se ferre, &amp; auro pectus, &amp; criſtis caput</Unicode></TextEquiv></TextLine><TextLine id="l27"><Coords points="57,1515 57,1560 708,1564 708,1519 57,1515"/><TextEquiv><Unicode/></TextEquiv><TextEquiv index="1"><Unicode>Vndique coruſcum, tela vibrantem manu</Unicode></TextEquiv></TextLine><TextLine id="l28"><Coords points="58,1564 58,1609 589,1613 589,1568 58,1564"/><TextEquiv><Unicode/></TextEquiv><TextEquiv index="1"><Unicode>uida cruoris, voce, vultu, ſpiritu</Unicode></TextEquiv></TextLine><TextLine id="l29"><Coords points="56,1613 55,1667 624,1671 625,1617 56,1613"/><TextEquiv><Unicode/></TextEquiv><TextEquiv index="1"><Unicode>Hoſti timorem, robur addentem ſuis</Unicode></TextEquiv></TextLine><TextLine id="l30"><Coords points="567,1665 567,1720 860,1721 860,1666 567,1665"/><TextEquiv><Unicode/></TextEquiv><TextEquiv index="1"><Unicode>S Quid</Unicode></TextEquiv></TextLine><TextEquiv><Unicode/></TextEquiv></TextRegion></Page></PcGts>