1137 2046
490 160 916 196 P HI L O TIMI
258 174 328 216 2SA4
312 217 937 274 oſtendere hoſti. Cliypeus & faciem tegit,
311 274 993 323 Et omne corpus. PHI. purus at albus mihi
313 325 963 376 Cur traditur? T. tyronibus talis datur,
314 376 974 425 Hi cum probantur, ſcuta mox picti nitent.
169 429 1104 472 PHI. Laxat lacertum: iam reclinabo. TY. vide
313 482 903 531 Ne deſeras: hunc victor e pugna refer,
312 534 964 582 Aut ille te reportet. PHI. at mucro ſimul,
313 584 1064 637 Et haſta vt eſt tractanda? TY. ſi eſt hoſtis procul,
313 639 936 690 Haſta vtere:at ſi contulit propius pedem,
268 690 909 743 Aut fregit haſtam, ſtringe veloci manu
269 739 1032 795 Enſem coruſcum, vmbone te oppoſito tegens.
313 797 1013 847 Vin tu periclum faceret PHI. nil cupio magis.
260 847 988 899 TY. Vbi hoſtis igitur impetum aduerſum facit,
312 902 1008 952 Intrepidus opperire venientem, & gradum
311 953 914 1005 Ita fige: nudum deinde ne oſtendas latus
310 1006 859 1059 Ferro petenti, tolle ſic clypeum: dein
310 1059 1056 1110 Sit cura corpus figere, ac figere, ac primum caput.
309 1112 976 1153 Sed cautus adde ad robur, & vires, dolum:
309 1165 964 1214 Minare ventri, aut cruribus, vultum pete.
246 1213 1071 1269 Inſurge in haſtam. PHI. vtrumq vix fieri queat.
310 1269 1051 1320 Sed dabitur opera. TY. Finge iam fractamgraui
310 1322 1000 1370 In vulnere haſtam. rumpe tum tardas moras,
309 1374 910 1425 Inerme fragmen abiice, & niteat manu
308 1426 1026 1477 Fulmineus enſis. PHI. cerne, num faciam ſatis.
258 1480 977 1530 TY. Satis imperite, & cum graui diſcrimine.
257 1530 1088 1581 PHI.At vulnero hoſtem. TY. vulnus incertum & leue
307 1585 923 1636 Morantur arma & oſſa, tu interea latus
306 1638 974 1691 Dextrumg nudas brachium. punctim feri.
971 1688 1092 1730 Ferientis
