1146 2046
493 128 928 170 PIII I O TI MI
267 147 340 192 86
324 192 1100 240 Hac arte. PHI. teneo. ſic eundum. TY. nil pote
252 243 1017 298 Magis venuſte. reddis antiquos duces.-
319 296 903 345 Erecta ceruix, plena ſrons audaciæ,
293 347 881 405 Oculi minaces, ſpiritu inflatæ genæ,
325 399 1115 449 Humeri eminentes, pectus animoſum, & patens.
328 453 1064 506 Adducta ſed quam aona ſubſtringit breuem
253 508 908 560 Aluum decore, vt enſis exornat latus:
271 557 1087 614 Quam recta crura, haud mnollia: & ſuræ, pedes,
328 611 1018 664 Neruis magis. quam carne tenduntur graui.
329 663 1087 718 Nuſquam alia mnelior indoles. PHI. vt me velim
331 720 914 771 Galiſtus ille aſpiciat: in lacrimas eat.
269 767 1006 820 Nec inuidia ſit tacita. TY. ſed melius reor
274 824 899 876 VVt ſapere de te diſcat, & ſocium tibi
331 877 1107 928 Seſe addat. PHI. alio ſtudia conuertit. TY. tamen
332 928 1016 981 VVis magna in oculis:illa ad inuidiam via est.
267 978 966 1032 Tu militari te interimn exerce gradu.
192 1031 1117 1089 PHI. Quam mox ituri ad Martis aſpectum? TY. brei
273 1095 1134 1168 TYTτT DTII ATAII5
532 1166 863 1224 TYPHIVS.
280 1244 1089 1341 EVISo.adhuc ne tempus. at cœpta eſt dari,
397 1301 939 1354 Ni fallor, ecce fabula. incedit graui
334 1355 903 1407 Munitus ære pectus, & gladio latus
289 1405 975 1459 Miles ſuperbus: & quod attentos ſolet
333 1457 1026 1508 Facere audientes, ſe tacens circumſpicit.
262 1508 1030 1565 Sed quis refert hunc :nilitemi haud video ſatis.
335 1561 1056 1621 Quiquam loquetur? vocis agnoſcam ſonum.
283 1615 1003 1669 PHI. Nunc ſat diume exercui. Durus labor
1083 1667 1144 1711 Et
