1147 2046
460 136 895 186 P HI L OTIMI
240 149 297 182 88
291 203 1033 252 Belli & magiſter, ille: iamque alios queam
291 258 786 305 Ipſe erudire, & te, cupido gloriæ
293 282 1144 372 Si tangit vlla: huc reſpice. CAL. at numquam reas
296 362 947 408 Te ſronte vera hæc dicere, & rectum loqui.
295 412 1029 463 Quiſquam profeſſus ſtudia ſapientum, & libros,
297 467 813 517 Vitæ quietæ ac litteratæ deditus,
297 517 1002 565 Belloque & armis, nulla queis vmquam quies,
300 571 875 617 Mutare tendats poſſe quis riuos neget
300 625 985 671 Pronos relabi montibus, & amnem in caput
300 676 1086 723 Suum reuerti PEI Timido & ignauo putem
300 726 954 775 Nihil eſſe iuuene iniuſtius: credit nihil,
303 780 956 828 Niſi quod vel ipſe faciat, aut factum velit.
252 832 1098 882 CAL. Quorſum iſta ? PAI. quia Calliſte non recte au-
354 898 490 925 tumas,
305 937 996 986 Nec bella, noſti, & arma, quid portent boni.
218 991 895 1043 Nam ſi quies iucunda, ſi pax, & ſalus,
303 1044 984 1093 Bello parantur. CAL. alia Calliſto eſt fides.
304 1098 824 1139 Immanis ille, durus, intractabilis,
304 1148 933 1200 Qui pacis odit commoda, & bello ſtudet.
305 1203 903 1249 Viri occidunt, vaſtantur yrbes ignibus,
261 1255 894 1302 Senes trahuntur, liberi e matris ſinu,
305 1308 929 1355 Et feminæ abducuntur in prædam datæ.
305 1358 991 1407 O anxia hominum pectora, o miſerum genus
304 1411 941 1459 Mortale, quorſum tela, quorſum dexteris
304 1466 963 1513 Aptantur enſes conditis quando modus
304 1517 870 1565 Ponetur iræ? non ne pugnatum ſatis?
303 1569 999 1619 Qui gurges, aut quæ flumina horribilis fuunt
215 1621 868 1679 Ignara belli? cæde quod veſtra mare
1038 1683 1145 1732 Non
