1125 2046
480 154 934 187 P HII L O TII
257 165 319 193 92
309 210 958 257 O quos gradus honoris, o quantum decus
309 262 877 309 Conceſſit illi: iuſſit auguſta in domo
308 316 951 361 Locum tenere principem. numquam fuit
309 368 923 413 Sic aliquis inuidendus. optarint licet,
309 416 966 466 Pauci aſſequentur. Martis ingenium mihi,
309 472 986 519 Animuſque notus:cuncta vehementer cupit,
310 524 943 571 Nilil remiſſe: gaudet ad ſummum viros
310 577 1010 620 Tuliſſe ab imo. CAL. variat interdum vices:
310 629 997 674 ſummo ad imum deiicit. LI. dici nihil
223 682 880 727 Illo poteſt amantius: iuuenem manu
309 734 960 780 Dextra prehendens, corpori afflauit decus,
309 786 986 833 Roburque menti. at ille iam pulcher magi,
311 837 940 883 Fortiſque, belli munera & cædem tonat.
259 890 900 937 CAL. Pigebit olim, nec rudimenta aſperi
257 939 998 988 Semper fauebunt prœlij. LI. Quis tu puer
310 993 943 1044 Et cuius iſte clypeus huc confer gradum.
255 1046 969 1093 PV. Noui armiger ſum militis: ſic Mars iubet:
307 1099 885 1144 Et munus hoc affertur: vt poni rudem
306 1150 1011 1197 Parmam putauit tempus. LI. oſtende: affabre
306 1204 1050 1250 Vt factiis eſt. P. VVulcanus eſt auctor. LI. ſecu
305 1256 1004 1302 Non potuit eſſe. Pv. hic aureum Solem vides
306 1309 910 1356 Candenti Eoo abgurgite emerſum rota,
261 1360 1050 1410 VVmbramque primam montiums hoc ſignum dedit
302 1409 928 1458 Habere iuueni: nempe quem virtus noua
237 1464 986 1513 lluſtrat, aſt inuidia conſequitur comes.
294 1519 1102 1569 Verba lege. Lux imminuet. LI. vt late micant
301 1569 910 1621 Radiante in auro: ſcilicet hæc mens fuit:
302 1621 939 1664 Virtus adulta pincit inuidiam, velut
1044 1676 1089 1712 Sol
