1156 2046
198 150 685 198 ACTVS TERTIVS.
820 160 873 193 295
70 206 822 259 Sol altus vmbram. PV. haud alia: recte coniicis.
21 259 754 316 LI. Sed dictitat quos inuidos? Pv. vnum ſupra
70 307 769 368 Omnes. LI. ſceleſtum. nomen inuiſum tenes?
21 370 649 422 PV. Calliſtus. huic iraſcitur: ſperat tamen
65 420 641 469 Ad arma iuuenem poſſe conuerti, Deo
66 468 744 519 Probante, vt habeat æmulum, non inuidum:
68 523 630 578 Illumque tota mente conquiri cupit.
22 567 803 631 LI. Et ile forſan fugitat. CAL. && faciet quidem
71 630 797 678 Pro viribus, dum ſapiet. PV. At Martis manus,
71 676 762 737 Quando ipſe Mars pollicitus eſt operam ſuam,
73 726 797 790 Quis fugiet? CAL. alas Mercuri qui aptat pedi.
22 783 652 840 I. Oſtende rurſus. vincit hoc Solis iubar:
73 839 713 889 Similemque Achilli mater, & nato VVenus.
78 894 635 934 Tulere, credo, cum Latinorum orees
80 940 558 990 Alter cecidit, alter infami fuga
83 990 716 1048 Timida tegentes terga conuertit Phrgas.
26 1045 795 1097 Pv. Didicit vtrumque noſter, & quamuis Dea
76 1096 645 1146 Non editus, neutro minorem ſegeret:
76 1150 670 1201 Et hoc ſibi tutamen, & magnum decus.
77 1200 638 1255 Scutum futurus patriæ ac murus ſuæ,
76 1245 834 1307 Numquam relinquet. CAL. nireuerſurus ferum
78 1308 674 1359 Ad prœlium paratior. PV. nolim moræ
79 1354 722 1409 Eſſe intus: abeo. LI. fidus imperia excipt.
82 1408 665 1464 Alacerque noſtri militis, Martis noui.
30 1454 780 1516 Pv. Vocem occupabo, & vota præuertam. Vale.
32 1506 777 1566 CAL. At ego ſtatim me ad Mercuri. noſcat volo
84 1560 711 1618 Hic quæ gerantur. LI. an ne diſceſſit ſibi
86 1614 726 1670 Timuit, opinor, vidi, vt exciperet procul
565 1666 892 1706 T Sermo-
