1125 2046
469 148 898 192 P HIIL OTI II
223 168 309 200 2S4
206 210 901 262 Sermonis auceps dicta: quod ſi non cito
298 264 948 315 Abiiſſet, animus aggredi incautum fuit:
298 316 1041 368 Nunc rurſus expugnandus eſt precibus Dolus,
298 371 981 419 In contumacem vt arma nociturus ferat,
297 420 1033 476 Iuueni caſſes tendat. Haud magnum eſt leuem
297 473 958 526 Fallere iuuentam. Sæpequi laqueos poteſlt
249 526 878 576 Vitaſſe, tandem capitur, &, ſero licet
299 579 899 629 Ratus ſatis cauiſſe, decipitur tamen .
298 633 851 682 Bonos vpiros conſilia ceperunt mala,
297 686 893 732 Et blanda verba. Sic venenatum latet
292 737 962 792 Cum lacte gypſum. an hæc mihi ſolamiua
297 790 951 841 Fingo, & ſagaci mente quos Virtus habet,
226 842 874 893 Et litterarum ſtudia ceperunt, viros
297 894 931 944 Non facile erit decipere? Cum lino videt
296 947 878 998 Intenta volucris vincla, ſuſtollens leui
298 1000 827 1050 Sublime penna corpus, illuſum ſua
297 1053 956 1102 Arte aucupem relinquit, & cælo volat.
297 1102 886 1153 Sed res vt eſt futura, conari libet:
222 1157 904 1207 Nihil nocebit. Sæpe, qui pugnam tulit
266 1209 905 1262 Vnam, alteramque, tertia occiſus iacet.
494 1282 853 1332 CHORVS.
254 1359 957 1457 VVIpiis mentem ſtudiis pudicam
386 1408 938 1461 SInſtruit, verbis acuitque linguam,
297 1464 783 1514 Et celebrandis veterum repertis
559 1516 800 1566 Sedulus inſtat:
245 1569 766 1618 Ira non illum mala, non cupido
297 1619 869 1672 Sordidus carpit, nec iniquus ardot,
1023 1666 1091 1710 Non
