1145 2046
220 173 691 221 ACTVS VARTVS.
841 195 898 227 3o5
95 232 864 288 Non metuit. MER. hoc expoſitus eſt fraudi magis.
88 285 696 325 Aditum nocendi candida & vitio carens
95 334 704 386 Natura prſtat. PHI. ede, fallendi putas
86 386 814 439 Quæ cauſſa fuerit. MER. Cogita forte, an minus
87 439 727 484 Datum volenti, vt maius amittas bonum,
40 489 829 538 PI. Ediſſere iſta clarius. MER. num ars tuus
85 542 660 595 Ad oppidum Cylenio & Muſis ſacrum
86 593 832 649 Admorit iſtam machinam. PHI. nimium ſapis,
83 645 602 691 Mihique ſuſpicionis indicium leue
84 698 736 748 Auges monendo. MER. Suſpicari nil nocet,
83 748 617 804 Qui ſuſpicandi nouit ancipites vias,
85 802 829 848 VVenit cito ad prudentiam. PHI. in mentem redit,
79 853 625 903 Cum nuper intus ludus && riſus fuit,
88 904 767 958 Mercurio amicus quiſquis, & Muſæ colens,
88 955 590 1005 Se litterarum in otio conſumeret.
91 1007 610 1056 Et credidi, doctrina ſi quos excolit,
83 1058 592 1110 Hi ſe labore plurimo frangunt dies
82 1108 832 1165 Nocteſque. MER. duplex error: pulchrum e
135 1163 246 1197 bonum
81 1212 624 1264 Venire gratis, & laborem Martium
80 1266 835 1321 Eſſe leuiorem. PHI. munus eſt magnum tamen,
78 1319 671 1369 Bt arduum, ac difficile, doctorum libris
83 1372 681 1421 Hærere. non adanante, non duro ſumus
80 1423 825 1475 Chalybe creati. MER. non vt e Cadmi ſatu
45 1474 708 1525 Subito extitere milites, quiſquam ſtatim
85 1525 696 1577 Fandi & ſciendi doctus, aut ſapiens fuit.
77 1577 765 1631 Huc adde. Nullum eſt artium, aut vitæ genus,
74 1629 662 1682 Quod litteris carere ſine damno queat.
641 1684 892 1737 2 Iſta
