1127 2046
468 168 896 209 P HIILO TIMII
230 184 350 226 3o6
265 228 975 284 Iſta ipſa, quæ nunc te onerat armorum graui
293 283 939 334 Sub faſce, molles, ſcita pugnandi, & viam
296 335 918 384 Rite inſtruendi exercitus, vſum, modum,
298 389 817 438 Ediſciplina bellica & libris petit.
241 439 944 491 PHAI. Puignare malim fortiter, quam ſcribere
292 492 971 538 Scienter. MER. erras. Fortiter ſi quid facis,
305 545 980 594 Vnum per æuum, ac forte non totum, viget.
300 597 904 648 At quæ doces ſcienter, & mandas libris,
294 650 957 699 terna ſunt, ſemperque diſcentes iuuant.
188 702 1071 750 PHI. Honor vnde maior? M ER. pectoris ſani parum,
294 753 945 805 Ea quære, quæ ad te pertinent. ſatis eſt tibi
292 808 859 857 Inſtruere rebus pectus, & verbis piam
292 860 847 907 Acuere linguam. poſcit hoc ætas tua:
210 912 1017 960 Ex hoc honor petendus. PHI. at ſuperat meam
295 964 988 1016 Caliſtus iſte induſtriam. MER. Curſus celer
300 1016 1020 1066 Curſum priorem ſuperat. PHI. O ſi ſpes gradus
300 1067 1026 1116 Primi daretur. MER. quem potes curſum tene.
292 1121 984 1171 Summa expetentem culmina eſt nullus pudor
293 1173 765 1223 Vel in ſecundo conſpici faſtigio.
668 1206 765 1229 6
240 1228 943 1275 CAL. Intende amice robur. ego victus quoque
290 1280 822 1332 Lætabor abs te: conſcius certaminis
278 1330 945 1371 Pulchri animus exultabit, & amici decus
265 1385 962 1433 Solatia addet. PHII. gitur in prauam viam
213 1434 931 1485 Deſlexeram? nec abditum agnoui dolum?
288 1488 1029 1536 Pudet, pigetque. M ER. ſumie nunc animos nouos
392 1528 440 1548 I V
286 1540 907 1589 Philotime: nugas mitte: quid poſſis vide:
293 1591 835 1644 Non ingeni vis defit, accedat modo
284 1644 934 1695 Sapiens voluntas nulla quam frangat dies:
995 1704 1080 1733 Com-
