1134 2046
451 161 884 196 PHI LOTIMI
228 169 289 214 08
296 330 1099 416 0 OVIT
231 356 732 420 t LI VV
330 358 491 382 III
552 434 813 477 MARS.
400 499 1032 551 ip τA ne cνiiam eſeconfaentiam,
400 557 1074 606 Fallendi vt homines improba libidine,
400 610 1035 668 , Quacumque poit arte, velſimulet Deoι
212 665 848 712 Deos, quibus iuuare mortales magis,
287 714 952 768 Quam perdidiſſe, congruit? faciem induat.
288 768 835 819 Et nomina, vt ſit fas abuti munere?
289 819 932 873 Et hoc ferendum? Capitur interea genus
288 871 923 925 Mortale fraudis inſcium, & dum ſe putat
288 923 848 977 Dono beari Cælitum, infernos dolos
296 977 927 1028 Vltro appetit, ſeſeque in exitium trahit.
289 1029 857 1081 Ah quam parata ſcena falſi criminis,
289 1081 877 1133 Perſona fcta quam tulit molem mali,
248 1136 888 1188 Cum vitia quis, virtutis, & prudentiæ,
289 1188 873 1242 Odiaque, amoris callido obtentu tegit.
288 1240 885 1294 Iniquitas ſemper nocet, ſed tum magis,
296 1294 935 1346 Cum nomen æquitatis, & ſpeciem refert.
289 1345 894 1394 Sed quælibet fraus vela circumdet licet,
289 1397 917 1455 Animum nocentis, tempus & res arguit:
293 1450 884 1500 Et preſſa quamuis veritas, exit tamem.
289 1503 994 1557 Ergo arma noſtra, imaginem noſtram Dolus,
287 1555 880 1610 Initia noſtra eſt auſus ? eſt auſus Dolus
290 1607 1002 1665 Simulare Martems& gemina quæ nudis ſtetit
288 1661 892 1720 Acies in armis, ſpe pari, & dubio metu,
938 1717 1104 1767 Linquends
