1146 2046
176 170 644 214 ACTVS VINTVS.
794 186 845 220 I17
3 221 350 251 SYTTIOT
437 229 818 257 DITτIIIT
4 247 839 284 CALLII V O IIILIIV,
102 288 731 335 DOLS, MARS, MER-
224 347 543 398 CVRIVS.
6 414 817 497 RERCVRIVS eſt. quis alter eſt lateri come
107 467 844 519 NP4I. ars verus. DO. ergo hic cumulus ad
165 517 366 552 culmen mali.
8 569 845 626 ARs. Quis hict MER. tuus ſimiolus. MARS.huis
153 622 327 667 votum fuit
49 672 629 722 Probare ſe pro Martes hic vrbes obſidet,
50 722 776 777 Vaſtatque ferro, & ſubdita incendit face?
50 775 738 828 Hic miſcet hominumi pectora, bellum ſerit)
15 829 670 877 Tu ne inclytam victoriam portas manu,
52 879 770 937 Quo fers pedem, ſuperbus? hinc monſtrum fuge.
52 931 691 984 Vmbratiliſque larua. quin latebras peti?
51 986 889 1045 ge Mercuri. MER. Mars fater, oſtendas velim
53 1035 743 1090 Tibi eſſe curæ litteras. MARS. Dubium quaſi
52 1085 617 1136 Id eſſe poſſit, prœliantum vel manus,
52 1138 689 1193 Conſilia quam ſapientium, proſint magis.
53 1189 555 1236 Vt diſciplinis liberi, belli artibus,
52 1246 774 1293 Vis mentis est, non corporis, rerum efſicax.
53 1294 815 1344 Tibi mos gerendus. MiER. tolle nunc vocem mibi,
54 1346 689 1397 Vincentium ede nomina: ego dandos libros
52 1395 606 1448 Enuntiabo ſingulis. ſi non graue est,
52 1452 572 1494 Iam tu pater victoriæ. victoribus
54 1499 703 1554 Da præmia. At te, lecta puerorum cohors,
55 1551 650 1617 Ornare verſu dona, quæ dantur, decet,
664 1677 858 1714 PRAE-
