1135 2046
532 153 850 200 P RÆIA.
249 179 371 224 324
246 223 1118 291 IN ALTERA IV. CLAS-
422 301 949 341 SE GRAMATICAE.
246 363 1118 409 I. M. T. CICERONIS epiſtolæ ad familiares.
299 417 1067 470 Hic ſemel at iterum datus eſt, ex omnibus vnus:
358 466 1016 525 Cunctorum in manibus debet hic eſſe liber.
248 538 1020 588 II. SANCTI AMBROSII de officiis.
302 596 1049 647 Hinc liba ambroſiam: replet hic ſi viſcera ſuccus,
361 652 1001 702 Te quoque in æternum vita beata manet.
216 711 656 769 III. CvRTIVS.
304 781 1010 831 Curtius eſt Rufus cognomine: Claudius illum
356 834 999 883 Extulit: hunc ſidus nominat ipſe nouum,
262 1034 1019 1160 P I L O V .
250 1174 1086 1237 NVNTIVS APOLLINIS.
425 1271 991 1324 ALVEuuentus læta, victrici manu
425 1321 1060 1379 u ſer labori præmia, atqueinduſri:
425 1375 1055 1426 Me miſit ad vos Phœbus intonſus comam,
254 1431 825 1484 vt veſtra vobis gratrularer gaudia,
255 1481 1033 1534 Pulchramque honorem, nulla quem minuet dies:
254 1537 861 1585 Liuor licet, dolenſque erberibus Dolus
256 1590 914 1643 Ad furta ſeſe, & prelia accingant noua.
238 1637 867 1695 irtus ſed ipſa cedere, aut vinci nequit,
