564 960
71 25 396 55 a40 (0 I
76 60 512 88 Aliquld gravius. Hi caleei nitidi nimis,
81 87 415 112 Et tibialia ſerica unde pauperi
79 111 502 132 Hæc omnia es furatus had dubieI ito
104 138 520 159 A eareeres ſurunculel cito ad earceres.,
81 161 539 189 Codr. Ad ereeres, a crceres. Crœf A
128 188 197 207 tiſeria
106 211 442 237 Me2 miſeri ſimilis hac di poteſt
105 234 537 263 Reperir In orbe ICodrod. ad cerceres. Cod.
88 262 330 288 ad patibulum.
176 312 435 337 B A5 Nτc
169 335 444 366 AIIAILIIe
216 367 399 396 Scena Prima.
36 410 534 447 Edmundus. Pamphilus Crœſillus. Codro-
84 447 232 469 omnus.
84 478 533 504 Em. Dii, vadem me preſto, o eſt hic pner
108 503 532 529 It ſuſplcaris, de genere furum. Fmpb. Menm
101 530 491 554 Oppignero fidem pariter, et iunorius.
85 548 561 577 Cod. Ni fur ſit, eſt fnrunculus ſaltem. Cui
103 579 512 603 Hos abſtuliſti clccost Croſ. Nil abſtuli.
85 604 535 624 Codro. Et tibialia unde? Edm. donait manus
110 629 535 655 mihi nota. Cod. Teſtimonia veſtra ſpernere
89 654 494 679 Non andeo demus igitur, cedat puer
90 678 537 704 E ubei, ſed citò, Edm. In domo mea
98 703 534 728 Pariare, latent. Famp. Vel me, a te-
137 731 246 754 pus breve,
88 752 534 777 Caodr. Si clanculum hoc, in gratiam tandem
93 803 514 828 Pro nocte diſpenſabo. Iam tanta eſt mihi
112 828 535 853 Authoritas, conſentio. Faph. Grates tu
451 859 535 877 Humani-
90 873 561 906 τεCῶ
109 888 360 913 Abducunt C illum,
