568 961
83 29 396 62 10 3 C0) 3
101 63 519 97 Eſt, quàm Locuſta, ſe ſetis rofro poteſt
106 91 542 119 Defendere luo. Mop Falleris multum puer.
105 116 490 147 Genus Locuſtæ, quale nobis imminet,
106 139 543 173 Fortiſſimum eſt, & unguibus pueros quoque
105 165 540 198 Diſcerpere poteſt. Heor. IIuguibus an
132 196 280 222 ungues habent
83 214 541 244 IRt locuſtſ Dympanot. viſa num talis tibi
105 239 540 272 Et beſtia Mopſ. equidem viſs non eſt,
129 271 209 292 Ied alii,
109 289 515 322 Qui viderant, horrenda nerrarunt ihi.
85 315 542 349 Hetor. Quænem ergo Mopſ. longam hubent
132 346 257 372 proboſcidem
107 366 492 393 H beſtiæ ſicut Elephs, hiſce pueros
109 390 540 421 Comprenere, & per æthera aufſurre aſſo-
134 421 179 441 lent.
72 441 541 472 Tympan. Mentiris. Mopſ. Ego non mentior,
132 470 256 491 tantum mlhl
111 492 565 522 Relata reſero. Ex ore deotes exſerunt
111 516 541 540 Sicut Dracones. Cornua it bos Helvetus
113 541 540 570 In fronte geſtant. Ignibus oculi micant.
33 567 541 595 Hector. Cornua Locuſt Iympan. repeto;
136 594 281 617 mentiris Puer.
87 616 564 645 Mopſ. Non mentior, mendacium vetuit Parens.
91 641 565 672 ympan Etiam Magiſter vetuit, & quoties
138 675 197 690 tamen
113 683 565 723 Mentitus ego ſum ſtrenue Mopſ. Paco
137 720 224 740 hne men
66 733 565 769 Feciſſe poteris. Sed ego aunqnem mentior,
114 766 565 796 Aecedo ad urbem, vendo Gallinas meat.
218 795 409 826 Scena Tertia.
175 833 458 867 Hetor. Tympanotriba.
90 856 565 895 Hector. Quàm deLocuſtis mima norravit PuerI
460 890 565 922 npn.
