1188 1984
251 134 778 188 388 SEDECIAS
201 221 1185 288 Conferre quidquam poſſe ad hanc rem, quam
901 277 1047 322 patas.
445 352 831 399 NABARDAN.
206 410 1185 476 OQuodj́ubeo, paucis accioe: id quod Rexſilet,
219 460 998 518 1u loquere: Regi ſic erit cautum ſatis.
510 542 800 590 BENASAR.
207 586 1185 659 Huc ſermo recidit Poſcis utfrangam fidem?
208 652 1185 717 Perdis ſed operam. Non is ego ſum, qui tuam
209 699 998 756 Hoc pretio inire gratiam infidus velim.
208 744 1185 816 An mortem obierint, hinc procul tacitaman
35 786 1057 927 Nati capeſſant, neſcio, & q́uamvis ſcicns
901 800 1058 853 (fugam
213 911 640 958 Nunquam retegerem.
465 977 855 1020 NABoRDAN.
593 972 1185 1096 ,Decipi nimium timens
214 1080 971 1137 ,,Timore ab ipſo ſæpe decipitur ſuo.
213 1133 1185 1184 Iam noſco: metuis, ſcire ne cupiam, puer
213 1179 1185 1237 bi ſit uterque, ſævus ut mortem inferam
214 1229 1023 1284 trique, & omnc regiæ evellam domus
219 1279 1185 1349 Germen, ſed erras. Vicimus poſtquam palam,
219 1328 1021 1381 Cœloque teſte: noſtra ſe poſtquam tulit
219 1378 1062 1428 Ad aſtra virtus, nunc dolos verſem, nihil
222 1421 1185 1486 Quando eſt timendum ab hoſte, qui victus
916 1481 1062 1526 Cacet,
222 1525 1113 1582 Trahitque mœrens vinclaied Pharao inquies,
219 1577 949 1631 lacere victos non ſinet. Belli exitus
221 1627 1055 1680 Pendebat anceps, cum fugax vertit retro
216 1673 1078 1733 Niliaca ſigna. Hic afferet miſeris opem?
990 1730 1063 1768 Res
