<PcGts xmlns="http://schema.primaresearch.org/PAGE/gts/pagecontent/2019-07-15" xmlns:xsi="http://www.w3.org/2001/XMLSchema-instance" xsi:schemaLocation="http://schema.primaresearch.org/PAGE/gts/pagecontent/2019-07-15 http://schema.primaresearch.org/PAGE/gts/pagecontent/2019-07-15/pagecontent.xsd"><Metadata><Creator>User123</Creator><Created>2022-01-24T09:06:09</Created><LastChange>2022-01-24T09:06:09</LastChange></Metadata><Page imageFilename="0310.png" imageHeight="1285" imageWidth="693"><TextRegion id="r0" type="paragraph" orientation="0.5"><Coords points="1,1 691,1 691,1283 1,1283"/><TextLine id="r0_l001"><Coords points="14,85 16,87 16,86 16,79 17,79 85,78 86,77 91,77 91,76 92,75 95,75 97,73 107,73 108,72 109,72 110,71 204,70 205,71 463,69 464,70 519,69 520,70 526,70 527,69 527,54 526,53 509,54 509,53 509,52 507,51 177,53 176,55 176,58 175,58 17,60 17,59 17,53 16,53 16,54 14,56 14,58 13,59 13,82 14,83 14,85"/><TextEquiv index="1"><Unicode>3oe LVDOVICI CELLOTII</Unicode></TextEquiv></TextLine><TextLine id="r0_l002"><Coords points="345,99 347,99 347,98 347,92 348,92 366,92 366,95 369,98 374,98 375,96 375,95 376,94 376,92 377,92 425,91 426,92 443,92 444,91 470,91 471,92 493,92 494,91 495,91 496,89 496,81 495,80 471,80 470,79 469,80 428,80 427,81 400,82 399,81 395,81 394,80 393,81 365,81 364,80 364,76 356,76 355,76 355,81 355,82 334,82 333,81 312,81 311,81 311,77 310,75 308,77 308,80 253,81 252,82 222,82 221,81 220,81 219,80 218,81 206,81 205,81 205,77 205,76 203,76 202,77 202,82 179,82 178,81 172,81 171,81 170,81 169,80 148,80 147,79 147,74 143,74 141,76 126,76 125,77 121,77 120,77 120,79 122,81 122,83 123,84 123,86 124,87 124,91 127,94 144,94 145,93 163,93 174,92 175,93 265,93 265,97 266,98 269,98 269,97 269,94 270,94 290,93 290,94 290,99 291,99 292,99 292,94 293,93 311,93 312,92 337,92 338,92 339,93 341,93 342,92 344,92 344,98 345,99"/><TextEquiv index="1"><Unicode>Vſu remittunt pondus. Ignavos metus</Unicode></TextEquiv></TextLine><TextLine id="r0_l003"><Coords points="424,121 449,121 449,115 450,114 475,114 476,115 500,115 501,113 501,106 502,105 501,104 500,104 499,103 463,103 462,102 460,102 459,103 415,103 414,103 414,99 414,98 412,98 410,100 410,103 393,104 392,103 348,103 347,102 347,99 335,99 334,98 333,98 332,97 331,98 330,98 329,99 325,99 321,103 321,104 294,104 293,104 293,100 293,99 290,99 289,100 289,104 275,105 273,103 254,103 253,102 253,101 252,100 224,100 223,99 210,99 209,98 205,98 201,102 201,104 137,105 135,103 135,102 134,102 132,100 131,100 130,99 121,99 120,99 120,102 121,103 122,103 122,115 123,116 149,116 149,120 150,121 152,121 152,120 152,116 153,116 180,115 181,116 192,116 193,115 221,115 222,116 228,116 228,117 228,119 229,119 231,119 232,117 232,116 233,116 256,116 256,120 258,122 264,122 264,121 264,116 265,116 298,115 299,116 300,116 301,115 362,115 362,119 363,120 364,120 365,121 384,121 385,122 388,122 388,121 388,115 389,115 411,114 412,115 423,115 423,116 423,121 424,121"/><TextEquiv index="1"><Unicode>Depone fili, Syrois effringam inpetus:</Unicode></TextEquiv></TextLine><TextLine id="r0_l004"><Coords points="328,147 330,147 331,147 331,146 335,142 335,139 335,138 352,138 353,137 385,137 386,138 402,137 403,138 409,138 410,137 423,137 481,137 482,138 485,138 487,136 487,127 485,126 483,126 481,124 480,125 479,125 478,126 457,126 456,122 456,121 424,121 423,122 424,126 423,126 389,127 389,126 388,122 385,122 384,122 384,125 384,126 351,126 350,127 323,127 322,122 322,121 319,121 318,122 319,127 318,127 277,128 276,127 266,127 265,126 265,123 264,122 259,122 257,123 257,125 256,127 206,127 205,125 204,123 178,123 176,121 167,122 166,122 166,126 166,127 133,127 132,126 132,123 131,123 130,122 129,122 128,123 124,123 122,124 122,125 122,126 121,126 120,126 121,132 120,133 120,136 121,138 122,138 123,139 128,139 129,138 162,138 163,138 163,144 163,145 164,145 165,144 165,138 171,138 173,139 235,139 236,139 236,145 236,146 239,146 240,145 247,145 248,144 249,144 250,143 250,139 265,139 266,138 295,137 296,138 296,139 324,139 325,140 325,144 326,144 327,145 328,146 328,147"/><TextEquiv index="1"><Unicode>Servile Satrapûm vulgus orientis litat</Unicode></TextEquiv></TextLine><TextLine id="r0_l005"><Coords points="282,168 284,168 285,167 285,163 314,162 315,161 365,161 366,162 367,161 451,160 452,161 486,161 487,161 487,163 487,164 488,164 489,163 490,163 492,161 492,157 490,156 483,156 483,155 483,149 481,148 480,149 454,149 454,145 452,143 451,143 450,144 433,144 432,145 415,145 414,147 414,148 413,148 378,149 377,148 355,148 353,150 297,150 297,147 296,146 295,146 294,145 291,145 289,148 289,149 288,149 263,150 262,151 241,151 241,150 241,146 240,146 237,146 237,149 236,150 231,150 230,151 200,151 199,150 195,150 195,146 193,144 162,145 162,149 161,150 133,150 133,149 133,148 130,146 122,146 121,145 119,145 119,160 119,161 120,161 121,162 124,162 125,161 148,161 149,161 149,166 149,167 150,167 151,168 166,168 167,169 170,169 171,168 171,163 172,162 173,161 198,161 199,162 200,161 226,161 227,162 230,162 231,161 281,161 282,161 282,167 282,168"/><TextEquiv index="1"><Unicode>Regis favori: noſter in tuto eſt labor,</Unicode></TextEquiv></TextLine><TextLine id="r0_l006"><Coords points="335,191 336,191 336,189 337,188 339,188 340,187 340,186 341,185 352,185 353,184 406,183 407,184 423,184 424,183 465,183 466,184 502,184 503,182 503,175 504,174 504,171 503,171 501,171 500,172 464,172 464,171 464,167 462,166 458,166 457,167 456,167 456,168 456,169 455,170 455,171 454,171 419,171 418,172 403,172 403,168 401,166 382,167 381,166 377,166 376,167 375,167 374,168 374,169 373,170 373,171 371,173 340,173 339,172 339,169 338,168 322,168 321,167 316,167 315,169 315,170 314,171 314,172 312,173 285,174 285,173 285,168 284,168 244,168 243,167 241,167 241,172 240,173 213,173 213,169 211,167 210,168 208,168 208,169 208,173 207,173 173,173 173,171 172,170 172,169 171,169 167,169 167,172 166,173 133,173 133,172 133,171 132,170 132,168 131,168 121,168 120,169 94,169 93,171 93,173 92,173 76,173 76,174 76,176 77,177 77,185 78,185 79,185 80,186 102,186 102,187 102,190 103,190 106,190 109,187 109,186 110,185 126,185 126,184 170,184 172,185 205,184 206,185 232,185 233,184 275,184 276,185 300,184 300,185 300,186 301,186 302,186 303,185 335,185 335,186 335,191"/><TextEquiv index="1"><Unicode>5 Extrâ arder hoſtis. ſeque ſatiatus furor</Unicode></TextEquiv></TextLine><TextLine id="r0_l007"><Coords points="436,212 438,212 438,207 439,206 482,206 483,207 520,206 521,207 525,207 526,206 526,198 525,197 525,196 525,195 522,195 521,194 496,195 495,194 495,190 484,190 483,190 483,194 483,195 452,195 451,195 451,190 451,189 449,189 448,190 448,195 422,195 421,195 421,194 420,193 420,192 419,190 418,190 417,191 417,195 383,196 382,195 375,195 374,194 374,191 373,190 370,190 369,191 368,191 366,192 366,194 366,195 338,195 337,195 337,192 337,191 336,191 335,192 335,196 293,196 292,196 292,191 292,190 263,191 262,190 261,190 260,191 191,191 190,190 188,190 187,191 185,191 184,192 182,192 181,193 179,193 177,195 132,196 131,195 131,192 130,192 129,191 125,191 124,192 123,192 122,192 122,193 121,194 121,195 120,196 120,203 119,204 119,205 121,207 123,207 124,208 125,207 162,207 162,213 163,214 166,214 166,213 166,208 167,208 193,207 194,208 242,208 242,212 243,213 244,213 245,211 245,208 246,208 259,208 260,207 290,206 291,207 322,207 322,208 322,212 323,212 324,212 325,213 325,211 326,210 353,210 354,208 354,207 355,207 365,207 396,207 396,210 397,211 399,211 399,210 399,208 400,208 434,207 434,208 434,211 436,212"/><TextEquiv index="1"><Unicode>Succeſſu in ipſo frangit, &amp; quo plus licet</Unicode></TextEquiv></TextLine><TextLine id="r0_l008"><Coords points="343,236 350,236 352,233 352,229 353,229 383,229 383,233 384,234 387,234 387,233 387,231 389,230 421,229 422,230 442,230 442,231 442,232 443,232 444,232 446,230 525,229 525,230 525,233 526,233 527,233 528,232 528,231 529,230 529,226 529,225 523,225 522,225 522,222 520,219 519,219 518,218 509,219 508,218 508,213 507,212 506,212 504,213 504,217 504,218 471,218 470,217 463,217 462,216 462,214 461,213 457,213 456,214 455,214 454,215 454,216 453,217 409,217 408,217 408,214 407,212 374,213 373,212 371,212 369,213 369,217 369,218 338,218 337,217 336,217 334,215 333,215 332,214 328,214 327,215 326,215 325,216 324,216 323,217 322,218 322,220 298,220 297,219 287,219 286,219 262,219 261,218 261,214 245,214 244,214 244,218 244,219 218,219 217,219 217,216 216,214 198,214 197,213 195,213 193,215 193,218 170,219 169,218 169,216 167,214 146,214 145,213 125,213 124,214 121,214 120,214 120,225 119,226 119,229 120,230 173,229 174,230 213,230 214,231 248,231 249,230 291,229 292,230 303,230 304,231 331,231 332,232 334,232 335,233 336,233 337,234 338,234 339,235 342,235 343,236"/><TextEquiv index="1"><Unicode>Minâs dolet libere. Quod jubeo, &amp; volo,</Unicode></TextEquiv></TextLine><TextLine id="r0_l009"><Coords points="671,266 672,266 674,265 674,264 676,262 676,260 677,259 677,246 676,245 676,242 674,240 673,239 672,237 671,237 670,236 605,237 604,236 604,233 603,232 600,232 598,230 598,229 597,228 597,227 596,227 595,227 595,233 595,234 401,236 400,235 400,234 396,234 394,235 394,236 394,237 263,238 262,237 133,238 132,237 126,237 125,236 123,236 122,237 121,237 120,237 121,250 120,251 120,252 121,254 149,254 150,254 150,256 151,257 151,258 151,259 155,259 156,259 156,262 156,263 157,263 159,261 159,258 187,257 189,255 293,254 294,253 475,252 476,253 516,252 517,253 565,253 567,255 603,255 604,255 604,256 605,258 669,257 670,258 670,261 671,262 671,266"/><TextEquiv index="1"><Unicode>Regna, &amp; coactus. MARD. Vos coruſcantes Dei,</Unicode></TextEquiv></TextLine><TextLine id="r0_l010"><Coords points="366,282 368,282 369,281 369,276 376,276 377,276 377,280 377,281 379,281 381,279 381,275 407,274 408,275 432,275 433,276 434,275 471,275 472,276 494,276 495,277 546,276 547,276 547,269 548,268 548,266 545,263 544,263 543,264 511,265 510,264 491,264 491,263 491,259 490,259 485,259 484,260 484,261 483,262 483,263 482,264 440,264 440,259 439,258 400,259 399,258 397,258 396,259 396,263 395,264 337,264 337,260 335,258 334,259 333,259 332,260 288,260 286,259 285,259 285,264 284,265 260,265 260,264 260,262 258,261 257,261 256,260 250,260 249,261 248,261 245,264 245,265 244,266 206,266 206,260 205,259 203,259 202,261 202,265 201,265 171,266 170,265 139,265 139,264 139,261 138,260 138,259 137,259 126,259 125,258 124,258 122,260 122,261 121,262 122,263 122,264 122,265 124,265 125,265 125,275 125,276 143,276 144,277 153,277 154,277 154,279 154,280 159,280 161,278 263,277 264,277 264,281 264,282 265,282 267,280 267,279 268,278 268,277 365,276 366,276 366,281 366,282"/><TextEquiv index="1"><Unicode>Teque alme Cyri Mithra qui ſolium foves:</Unicode></TextEquiv></TextLine><TextLine id="r0_l011"><Coords points="91,308 95,308 99,304 109,304 110,303 111,303 113,301 145,301 146,300 178,299 179,300 265,300 265,305 266,306 267,306 267,305 267,301 268,301 347,300 347,301 348,302 351,302 351,301 351,299 352,299 417,298 417,299 417,302 418,302 419,302 421,300 421,299 422,298 464,298 464,297 472,297 473,296 473,294 471,293 466,293 466,292 466,288 464,287 463,287 462,286 439,286 434,281 433,281 432,280 431,282 431,286 430,286 391,287 390,286 371,286 371,285 371,282 370,282 364,282 362,284 362,287 361,288 324,288 324,283 323,282 284,283 284,288 283,289 235,289 235,288 235,286 234,285 234,284 233,284 231,284 230,283 206,283 205,282 203,282 202,284 202,288 201,288 169,289 168,288 157,288 156,287 137,287 137,286 137,285 135,284 124,284 123,285 123,291 122,292 82,292 81,291 79,291 78,293 78,302 77,303 79,304 86,304 86,305 86,306 88,307 90,307 91,308"/><TextEquiv index="1"><Unicode>94o Et te reducto qui ſedes, frater, Hare</Unicode></TextEquiv></TextLine><TextLine id="r0_l012"><Coords points="436,328 438,328 438,322 439,321 498,321 498,320 498,316 499,316 505,316 505,315 500,315 499,314 499,311 498,310 472,310 471,309 435,309 434,309 434,305 433,303 432,303 431,304 430,304 429,305 429,309 396,310 395,309 395,304 391,304 390,305 367,305 366,305 366,310 366,311 301,311 300,311 300,308 299,306 298,306 297,305 296,306 284,307 283,307 283,312 283,313 265,313 264,312 217,312 216,312 216,308 216,307 214,307 212,309 212,313 175,313 174,312 173,312 172,312 161,312 160,313 133,313 132,312 132,308 131,307 124,307 123,307 123,309 124,310 124,319 124,320 123,320 122,320 122,323 123,324 126,324 126,325 127,326 132,326 132,328 134,330 136,330 137,331 139,331 140,330 141,330 142,328 142,326 144,325 179,324 179,325 179,330 180,330 180,326 181,325 199,325 199,326 199,328 200,328 202,328 202,327 203,326 203,325 204,324 238,324 238,326 240,328 241,328 241,327 241,324 242,324 274,324 275,325 287,325 288,323 320,323 320,324 320,327 321,327 322,327 323,326 324,326 324,324 325,323 353,323 354,322 368,322 404,321 404,322 404,328 405,328 406,328 406,322 407,321 424,321 426,323 435,323 435,324 435,328 436,328"/><TextEquiv index="1"><Unicode>Ignarus, improviſns, excluſus throno:</Unicode></TextEquiv></TextLine><TextLine id="r0_l013"><Coords points="474,350 475,351 476,350 484,350 485,349 543,348 544,347 545,347 545,346 546,345 546,342 547,341 547,340 546,338 545,338 543,337 543,336 542,334 541,334 540,333 539,333 538,332 534,332 533,332 533,327 533,326 531,326 530,327 373,329 372,328 369,328 368,329 237,330 236,330 236,331 236,332 122,333 120,334 120,335 121,336 122,336 122,337 123,338 123,341 124,342 124,343 125,344 125,346 126,347 126,348 128,350 222,349 224,351 325,350 326,351 474,350"/><TextEquiv index="1"><Unicode>Vos teſtor, humeros pondus invitos gravſ,</Unicode></TextEquiv></TextLine><TextLine id="r0_l014"><Coords points="155,379 157,379 158,378 159,378 160,377 160,376 505,373 506,372 505,372 161,375 161,374 161,373 344,371 345,370 345,369 446,368 447,367 483,367 486,364 486,357 484,356 483,356 482,355 476,355 475,354 475,351 469,351 468,350 357,351 356,352 291,352 290,353 232,354 231,355 121,356 120,357 120,372 120,373 150,373 151,373 151,377 151,378 154,378 155,379"/><TextEquiv index="1"><Unicode>Regno coactus: frater, hoc fieri velis</Unicode></TextEquiv></TextLine><TextLine id="r0_l015"><Coords points="161,402 165,402 166,401 166,396 203,395 204,396 204,400 206,400 207,400 207,396 207,395 222,395 223,394 304,393 305,394 305,398 309,398 310,398 310,394 310,393 326,393 327,394 327,399 330,399 331,399 331,393 331,392 340,392 341,391 366,391 367,391 367,397 367,398 369,398 370,397 370,391 480,390 481,390 481,395 481,396 485,396 486,397 488,395 488,390 515,390 516,390 518,390 519,391 519,394 522,394 525,392 525,386 523,384 517,384 517,379 515,378 514,378 514,377 514,375 513,375 507,375 507,374 507,373 506,373 503,373 503,377 502,378 489,378 488,379 447,379 446,378 440,378 439,379 413,379 413,375 412,374 404,374 403,373 402,373 401,373 401,378 400,379 369,379 369,378 369,374 368,374 353,374 352,375 325,375 325,376 325,381 324,381 291,381 291,377 290,376 287,376 286,376 284,376 283,375 281,375 280,376 277,376 276,377 275,377 274,378 274,381 273,382 227,382 226,383 182,383 181,382 148,383 147,381 147,379 146,379 123,379 122,380 120,380 120,394 121,396 160,396 161,396 161,401 161,402"/><TextEquiv index="1"><Unicode>Iubente patre. Si quid hinc livor coquit,</Unicode></TextEquiv></TextLine><TextLine id="r0_l016"><Coords points="209,424 211,424 212,423 218,423 219,422 219,418 220,417 333,416 333,417 333,422 334,422 337,422 337,421 338,420 448,419 449,418 451,418 453,416 469,416 469,415 469,414 470,413 470,408 469,408 463,408 463,407 463,404 459,401 426,401 425,400 425,399 423,397 366,398 365,399 250,400 249,399 248,399 247,400 235,400 234,401 123,402 122,403 122,404 121,405 109,405 108,406 79,406 79,407 79,416 78,417 78,418 79,418 90,418 90,419 90,422 91,422 208,421 208,422 208,424 209,424"/><TextEquiv index="1"><Unicode>215 Excitaſ quid turbat impietas ſtyge,</Unicode></TextEquiv></TextLine><TextLine id="r0_l017"><Coords points="352,441 353,442 354,441 355,441 356,439 356,438 357,438 507,437 508,438 523,437 524,438 526,438 528,436 528,435 526,432 520,432 519,432 519,426 516,423 443,423 442,423 442,421 442,420 438,420 436,422 436,423 435,424 338,425 337,425 337,423 337,422 246,423 245,424 122,425 120,426 120,440 122,442 131,442 132,443 164,443 165,442 263,441 264,442 352,441"/><TextEquiv index="1"><Unicode>In me redundent omnia, at non ſum rens,</Unicode></TextEquiv></TextLine><TextLine id="r0_l018"><Coords points="179,494 181,494 182,493 296,492 297,491 408,490 409,489 523,488 524,489 552,489 553,488 554,488 555,488 555,486 556,485 556,484 554,482 542,482 542,481 541,480 541,478 540,477 540,476 539,475 539,473 538,472 538,469 537,468 536,468 535,467 503,468 502,467 478,467 477,466 286,468 285,467 285,460 284,459 283,459 283,467 283,468 270,468 269,469 257,469 256,470 256,481 255,482 231,482 230,483 178,483 178,484 178,486 177,486 174,486 173,488 173,490 174,491 174,492 175,492 176,493 178,493 179,494"/><TextEquiv index="1"><Unicode>0 NA SECVNDA.</Unicode></TextEquiv></TextLine><TextLine id="r0_l019"><Coords points="397,545 399,545 399,544 399,536 400,536 679,533 679,534 679,540 680,540 680,539 682,537 682,535 683,534 683,520 682,519 682,517 681,516 593,517 592,516 481,517 480,516 459,516 459,514 457,512 397,513 396,514 220,515 219,516 169,517 168,518 140,518 140,519 139,520 129,520 128,521 127,521 126,522 126,523 123,526 123,527 122,528 122,529 121,530 121,532 120,533 120,534 121,535 121,537 123,539 124,539 125,540 137,540 138,541 238,540 238,544 239,545 396,544 397,545"/><TextEquiv index="1"><Unicode>Clades aliquæ ab Heraclio illatæ narran</Unicode></TextEquiv></TextLine><TextLine id="r0_l020"><Coords points="584,576 678,575 679,574 680,574 682,572 682,571 683,570 683,568 684,567 684,550 682,548 682,547 681,545 582,546 579,543 396,545 395,546 243,547 242,548 214,548 212,550 204,550 203,551 202,551 200,553 199,553 198,554 153,555 152,555 152,556 152,557 151,557 148,559 148,570 148,571 141,571 140,571 141,572 231,571 231,574 232,575 237,575 238,573 238,572 239,571 239,570 240,570 310,569 311,568 335,568 336,567 560,565 560,566 560,571 561,571 563,571 564,572 583,572 583,575 584,576"/><TextEquiv index="1"><Unicode>tur Choſroi cum certâ imminentis ſup-</Unicode></TextEquiv></TextLine><TextLine id="r0_l021"><Coords points="150,613 192,612 193,612 193,611 193,610 404,608 405,608 405,607 405,606 674,604 675,605 675,606 676,605 677,605 679,604 679,603 681,601 681,599 682,598 682,584 680,583 680,581 678,579 678,578 678,577 587,578 586,577 586,576 568,576 567,575 479,576 478,577 310,578 309,579 173,581 172,581 172,584 171,586 159,586 159,587 158,588 157,588 155,590 153,590 153,606 150,609 149,609 149,611 150,613"/><TextEquiv index="1"><Unicode>plicii denunciatione, quam ille blaſpl</Unicode></TextEquiv></TextLine><TextLine id="r0_l022"><Coords points="395,642 400,642 400,641 400,635 401,634 401,633 403,632 404,631 437,631 439,630 439,627 438,626 437,626 436,625 430,625 430,619 428,617 427,617 427,616 425,614 420,614 420,611 419,610 396,611 395,610 393,610 393,616 392,617 354,617 353,618 300,618 300,614 298,612 283,613 283,612 283,611 282,611 281,611 280,612 254,612 253,613 244,613 243,614 242,614 241,615 241,616 238,619 210,619 210,613 209,612 189,612 188,613 177,613 176,615 176,619 175,619 151,620 150,621 149,621 148,622 148,631 147,632 146,632 147,634 148,634 149,635 150,635 151,636 184,635 185,634 205,634 206,633 221,633 222,632 255,632 256,633 280,633 281,633 281,640 281,641 282,641 283,642 285,642 286,641 287,641 288,640 288,637 289,635 294,635 296,633 325,633 326,632 334,632 335,631 393,631 394,631 394,641 395,642"/><TextEquiv index="1"><Unicode>miâ in Chriſtum excipit.</Unicode></TextEquiv></TextLine><TextLine id="r0_l023"><Coords points="162,663 162,684 570,681 570,660 162,663"/><TextEquiv index="1"><Unicode>NVNIIVS. CnOsROES. COSAS.</Unicode></TextEquiv></TextLine><TextLine id="r0_l024"><Coords points="277,688 277,708 450,707 450,687 277,688"/><TextEquiv index="1"><Unicode>MARDESANES.</Unicode></TextEquiv></TextLine><TextLine id="r0_l025"><Coords points="121,748 126,748 127,747 127,746 137,746 138,745 138,741 335,739 336,740 336,742 394,742 395,742 395,743 395,744 478,743 479,742 479,736 491,736 494,733 494,726 491,724 460,724 458,722 457,722 456,721 453,721 452,720 403,720 402,720 401,720 400,721 178,722 177,723 148,724 147,725 134,725 133,726 117,726 116,728 116,730 117,731 118,731 120,732 120,745 121,746 121,747 121,748"/><TextEquiv index="1"><Unicode>Cxoſa Martis tela! quis veſtros Deus</Unicode></TextEquiv></TextLine><TextLine id="r0_l026"><Coords points="203,769 205,769 205,765 206,764 470,762 470,765 471,766 473,766 473,765 473,761 474,761 561,760 561,758 560,757 560,752 559,751 559,750 557,748 517,749 516,748 480,748 480,747 570,746 571,746 571,745 570,744 570,738 569,737 567,737 566,736 564,736 564,737 565,738 565,739 566,740 565,740 468,741 468,742 467,743 223,745 222,746 150,747 149,748 121,748 120,749 120,754 119,755 117,755 117,757 118,758 120,758 121,759 146,759 146,761 148,763 161,763 162,764 202,763 202,764 202,769 203,769"/><TextEquiv index="1"><Unicode>Suaſit uſus? CHOSR. Alius ex alio meam</Unicode></TextEquiv></TextLine><TextLine id="r0_l027"><Coords points="312,785 314,787 316,785 335,785 336,784 367,784 368,785 370,785 371,784 464,783 465,782 493,782 494,783 528,782 529,783 570,783 571,784 573,784 576,780 576,773 574,771 552,771 551,771 551,767 551,766 537,766 536,765 533,765 532,766 531,766 530,767 530,768 529,769 529,770 487,771 486,770 486,765 482,765 481,766 451,766 450,765 445,765 442,768 398,769 396,767 394,767 393,768 357,768 356,769 333,769 332,770 330,770 329,771 329,773 290,773 289,773 285,773 284,772 284,770 283,769 283,768 281,768 280,767 254,767 252,768 252,774 252,775 225,775 224,774 216,774 215,773 206,773 205,773 205,770 205,769 170,770 169,769 167,769 165,770 165,773 165,774 160,774 159,775 133,775 132,774 132,772 131,771 116,771 115,772 115,775 118,777 118,779 119,780 119,781 121,783 121,785 124,788 125,787 149,787 150,786 181,785 182,786 191,786 192,785 229,785 230,786 253,786 254,785 306,784 307,785 312,785"/><TextEquiv index="1"><Unicode>Vocabit iram luctus Nr. Arſacidum ſalus</Unicode></TextEquiv></TextLine><TextLine id="r0_l028"><Coords points="519,812 521,812 522,811 590,811 590,810 590,808 591,808 609,808 610,807 640,806 640,805 611,806 610,805 611,805 619,805 620,803 620,801 618,801 617,800 616,800 614,798 615,798 686,797 686,786 685,785 685,774 685,773 684,774 684,783 683,784 683,788 311,791 310,790 154,792 153,793 135,793 134,794 117,794 116,795 116,801 82,801 81,802 78,802 76,804 76,811 73,814 75,815 83,815 84,814 105,814 106,813 212,812 212,811 213,810 440,808 441,809 443,809 444,810 446,810 447,811 450,811 451,812 518,812 519,812"/><TextEquiv index="1"><Unicode>Vivis? fueſſ net ſtſ ne: Cnos. Quos Regi metu.</Unicode></TextEquiv></TextLine><TextLine id="r0_l029"><Coords points="581,837 583,837 584,836 585,836 586,835 587,835 588,834 588,830 599,830 600,829 601,829 603,827 685,826 686,826 685,812 686,811 686,810 686,809 685,809 684,810 491,812 490,813 251,815 250,814 247,814 246,815 171,816 170,817 127,817 126,818 119,818 118,819 116,819 115,821 117,823 117,833 118,834 276,833 277,834 354,833 355,833 355,836 355,837 356,836 576,834 577,834 577,835 577,836 580,836 581,837"/><TextEquiv index="1"><Unicode>VT. Perire, Princeps, cuncta, palantes ſugâ</Unicode></TextEquiv></TextLine><TextLine id="r0_l030"><Coords points="496,856 497,856 500,853 500,849 499,849 498,849 497,848 493,848 493,847 493,842 491,841 489,841 488,840 473,840 473,839 473,838 472,837 472,836 471,836 387,837 386,836 256,837 255,836 254,836 253,837 155,838 154,839 119,839 117,842 117,843 116,844 116,845 115,846 115,847 114,848 115,849 115,851 116,852 115,852 70,852 70,853 70,854 71,855 120,855 121,856 213,855 214,856 272,856 273,857 274,856 495,854 496,854 496,855 496,856"/><TextEquiv index="1"><Unicode>Cecidere Perſæ, victor Auſonius volat,</Unicode></TextEquiv></TextLine><TextLine id="r0_l031"><Coords points="373,883 376,883 377,882 378,882 379,880 379,879 380,878 380,876 381,876 404,876 405,876 438,876 438,877 438,880 439,880 440,880 440,877 441,876 448,876 519,875 520,876 536,876 537,877 552,877 552,878 552,879 553,879 557,879 558,878 559,878 559,873 558,872 558,871 558,870 551,870 550,870 550,867 549,866 549,865 548,864 547,864 546,863 530,863 530,860 528,858 513,859 512,858 508,858 505,861 505,862 504,863 472,863 471,864 463,864 462,865 453,865 452,866 427,866 426,865 425,865 424,864 418,864 418,861 417,860 398,861 397,860 395,860 395,864 394,865 349,865 349,864 349,860 347,859 344,859 343,860 342,860 341,862 341,863 340,864 340,866 339,866 307,866 307,862 305,860 304,861 302,861 302,862 302,864 300,865 175,866 174,866 166,866 166,865 166,862 165,862 163,862 159,866 131,866 128,863 126,863 125,862 119,862 117,864 116,864 115,866 115,873 118,875 119,875 121,877 122,877 123,878 124,878 125,879 128,879 129,880 131,880 132,881 135,881 136,882 146,882 146,884 147,885 150,885 150,884 150,881 151,881 165,881 165,880 165,879 166,879 205,878 206,877 216,877 239,877 239,883 240,884 242,884 242,883 242,880 243,880 269,880 269,881 270,882 271,880 271,878 272,878 274,878 302,877 302,878 302,880 303,880 305,880 306,879 306,878 307,877 370,877 370,880 373,883"/><TextEquiv index="1"><Unicode>Quaq́ue armna, quaque ſanguinis portat ſiims,</Unicode></TextEquiv></TextLine><TextLine id="r0_l032"><Coords points="422,906 423,906 423,901 424,900 425,900 426,899 487,899 487,902 488,903 489,903 491,900 491,896 490,895 485,895 484,894 484,888 483,887 481,887 480,888 446,888 445,888 445,884 445,883 423,883 421,885 421,888 405,888 404,888 403,889 377,889 376,888 375,889 321,889 320,888 319,889 288,890 287,889 281,889 280,888 280,884 279,883 278,883 277,884 276,884 275,885 274,885 272,886 272,887 272,888 260,888 259,889 244,889 243,888 243,884 219,884 218,883 215,883 214,884 213,884 211,886 211,888 210,889 176,889 175,889 151,889 150,888 150,885 115,885 113,887 114,888 114,901 115,901 175,900 176,901 189,901 190,900 292,899 293,900 325,900 326,901 329,901 330,900 352,900 352,906 353,907 355,907 355,906 355,900 356,900 410,899 411,900 421,900 421,901 421,906 422,906"/><TextEquiv index="1"><Unicode>Ruit una facies funerum: nurui ſocer,</Unicode></TextEquiv></TextLine><TextLine id="r0_l033"><Coords points="99,934 101,934 102,933 103,933 105,932 105,931 106,930 105,929 106,928 107,928 107,925 108,924 177,923 177,924 177,927 178,927 183,927 183,925 184,924 214,924 214,925 214,928 215,928 216,928 217,927 217,924 218,923 245,923 246,922 262,922 262,928 263,929 263,928 263,922 264,922 290,921 291,922 305,922 306,923 431,922 431,923 432,928 434,926 435,926 435,924 436,923 448,923 449,922 490,922 490,921 490,911 489,911 488,910 487,910 486,909 485,909 483,911 437,911 436,911 436,909 435,907 424,907 423,906 421,906 420,907 420,911 386,912 385,911 380,911 379,912 356,912 355,911 355,907 353,907 352,907 352,910 352,911 301,911 300,911 300,907 300,906 298,906 297,907 297,911 264,912 263,911 234,911 233,912 183,912 182,912 182,909 181,907 180,907 177,910 177,911 126,912 125,911 125,908 123,908 122,907 120,907 119,908 118,908 116,910 116,914 78,914 76,916 76,922 75,923 75,927 76,927 98,927 98,928 99,934"/><TextEquiv index="1"><Unicode>a0 pSenexq́ue puero mixtus immani jacent</Unicode></TextEquiv></TextLine><TextLine id="r0_l034"><Coords points="481,951 482,951 483,950 484,950 486,948 486,945 513,945 514,946 518,946 519,946 521,946 522,947 522,949 523,949 526,947 526,945 527,944 527,942 525,940 519,940 519,934 518,934 516,934 516,933 516,932 515,932 512,932 512,933 511,934 460,934 459,933 458,933 457,934 410,934 410,929 409,928 394,929 394,933 393,934 331,934 330,935 295,935 294,934 292,934 292,930 291,929 290,929 289,928 288,928 287,929 261,929 261,933 260,934 252,934 251,935 209,935 208,934 202,934 199,931 198,931 197,930 193,930 193,931 193,932 190,934 153,935 153,934 153,930 151,929 149,929 148,930 148,934 147,935 122,935 122,934 122,931 121,931 114,931 114,932 114,945 113,946 114,947 179,946 180,947 180,952 182,952 183,952 183,948 183,947 197,947 198,946 239,946 240,946 240,950 240,951 242,951 243,950 243,946 269,946 270,946 270,948 270,949 271,949 273,947 333,946 334,945 383,945 384,946 420,945 421,946 476,946 477,946 477,947 477,948 480,948 481,948 481,950 481,951"/><TextEquiv index="1"><Unicode>Letho perempti, ſaxa non miſeros tegunt,</Unicode></TextEquiv></TextLine><TextLine id="r0_l035"><Coords points="425,975 427,975 429,974 429,973 429,972 430,972 431,971 538,970 540,968 541,968 542,968 542,965 538,961 536,961 535,960 533,960 530,957 519,957 518,957 481,957 481,956 481,953 479,952 399,953 398,952 337,952 336,951 331,951 331,952 331,953 330,954 330,955 328,956 130,958 130,957 130,955 128,954 112,954 112,955 112,957 114,959 114,969 115,969 116,970 179,969 180,970 219,970 220,971 220,974 221,974 222,975 245,975 246,976 424,974 425,975"/><TextEquiv index="1"><Unicode>Non antra gatas: per ſacras Regum domos.</Unicode></TextEquiv></TextLine><TextLine id="r0_l036"><Coords points="413,997 414,998 414,997 415,996 418,996 419,995 419,993 420,992 509,992 510,991 511,991 512,989 512,986 511,985 511,981 509,980 508,980 507,979 495,979 495,978 495,974 494,974 490,974 489,975 488,975 488,976 487,977 487,979 486,980 478,980 477,981 443,981 443,980 442,979 442,978 439,975 437,975 435,977 434,977 434,978 434,981 433,981 405,981 403,980 360,980 360,979 360,975 359,975 344,975 343,974 340,974 339,975 338,975 338,976 338,977 336,978 329,978 326,981 281,982 280,981 249,981 249,980 249,976 248,976 223,976 222,978 222,979 221,980 221,981 220,981 171,982 170,981 127,981 127,980 127,979 123,976 119,976 118,975 115,975 114,976 112,976 112,977 112,979 113,980 113,991 115,992 161,992 162,993 165,993 165,996 168,999 171,999 172,998 173,998 174,997 175,997 175,996 175,993 176,992 209,992 211,994 212,993 235,993 236,992 267,992 268,993 277,993 277,996 279,998 281,998 281,997 281,994 282,994 295,993 296,992 344,992 344,993 344,997 345,997 346,997 347,995 347,991 348,991 399,991 399,994 400,995 401,995 401,996 402,997 411,996 412,997 413,997"/><TextEquiv index="1"><Unicode>Per agros. &amp; inopes ceſpite aggeſto caſas</Unicode></TextEquiv></TextLine><TextLine id="r0_l037"><Coords points="187,1021 188,1021 189,1020 189,1018 190,1017 298,1016 299,1015 300,1015 414,1014 415,1015 486,1015 487,1014 496,1014 496,1013 496,1011 489,1011 488,1010 488,1003 405,1003 404,1003 364,1003 363,1002 363,999 361,997 358,997 357,998 337,998 336,999 334,999 333,1000 333,1001 332,1002 157,1004 156,1003 156,1000 155,999 155,998 154,997 152,997 151,998 114,998 112,1000 112,1002 113,1003 113,1014 114,1014 150,1014 151,1015 175,1015 176,1015 185,1015 185,1016 185,1020 187,1021"/><TextEquiv index="1"><Unicode>Dvſmn pet aras unus eſt flammæ tenor.</Unicode></TextEquiv></TextLine><TextLine id="r0_l038"><Coords points="677,1047 679,1046 679,1044 680,1043 679,1028 679,1027 604,1028 601,1025 581,1025 580,1024 580,1023 460,1024 459,1024 459,1022 458,1020 340,1021 339,1020 227,1021 226,1020 127,1021 126,1020 119,1020 118,1021 116,1021 113,1024 75,1024 74,1025 74,1026 73,1027 73,1033 71,1035 72,1036 72,1037 74,1038 179,1037 180,1038 265,1038 266,1039 383,1038 384,1043 384,1044 462,1043 463,1044 548,1043 549,1044 676,1043 677,1044 677,1047"/><TextEquiv index="1"><Unicode>a1o CHOS. Et hoc placet fortuna, quod vans amputas,</Unicode></TextEquiv></TextLine><TextLine id="r0_l039"><Coords points="387,1065 387,1066 388,1065 388,1060 398,1060 399,1061 446,1060 447,1061 448,1060 475,1060 476,1061 478,1061 480,1059 480,1057 479,1057 478,1057 478,1056 478,1049 477,1049 467,1049 467,1048 467,1044 466,1044 443,1044 442,1043 441,1043 440,1045 440,1049 439,1049 405,1049 404,1049 400,1049 399,1048 388,1048 388,1047 388,1044 387,1044 384,1044 384,1047 383,1048 342,1048 342,1045 341,1044 334,1044 333,1043 310,1043 309,1044 282,1045 281,1044 242,1044 241,1043 226,1043 225,1042 224,1042 223,1043 221,1043 221,1044 221,1045 220,1045 219,1045 219,1046 219,1048 218,1048 185,1048 185,1045 184,1044 183,1044 181,1047 181,1048 180,1048 142,1049 142,1048 141,1043 138,1043 137,1044 115,1044 113,1047 113,1054 112,1054 110,1054 110,1055 110,1056 109,1057 109,1058 110,1059 110,1060 111,1060 112,1061 114,1061 115,1060 129,1060 130,1060 130,1064 131,1066 133,1064 133,1060 182,1059 183,1060 183,1063 185,1063 186,1063 186,1061 186,1060 197,1060 198,1059 262,1059 264,1061 294,1060 295,1061 296,1060 336,1060 337,1059 353,1059 354,1059 354,1065 354,1066 356,1066 357,1065 357,1059 362,1059 363,1059 363,1063 364,1065 365,1065 366,1064 366,1059 386,1059 387,1059 387,1065"/><TextEquiv index="1"><Unicode>Solumq́ue ſola Choſron primo ebria</Unicode></TextEquiv></TextLine><TextLine id="r0_l040"><Coords points="439,1089 441,1089 442,1089 442,1084 442,1083 473,1083 474,1084 475,1084 476,1083 479,1083 480,1082 480,1080 479,1079 479,1074 478,1073 478,1072 477,1072 440,1072 439,1071 424,1071 424,1068 422,1066 396,1067 395,1066 386,1066 386,1070 385,1071 357,1071 357,1070 357,1066 356,1066 349,1066 348,1065 339,1065 339,1066 339,1070 337,1071 323,1071 322,1072 290,1072 288,1071 287,1071 286,1072 250,1072 249,1071 235,1071 234,1070 228,1070 228,1066 226,1064 224,1064 222,1066 221,1066 220,1068 220,1069 218,1070 177,1070 177,1067 176,1066 176,1065 175,1065 163,1065 160,1068 160,1070 159,1071 134,1071 133,1070 121,1070 121,1069 121,1067 119,1066 111,1066 111,1067 111,1082 144,1082 145,1082 145,1087 145,1088 147,1088 148,1087 148,1082 175,1082 176,1082 237,1082 238,1082 238,1087 238,1088 261,1088 263,1086 263,1083 290,1082 291,1083 291,1087 292,1088 293,1088 294,1088 294,1086 294,1085 297,1085 298,1085 298,1084 298,1083 321,1083 322,1082 364,1082 365,1082 365,1086 365,1087 367,1087 368,1088 370,1086 370,1082 413,1081 414,1082 432,1082 433,1083 438,1083 439,1084 439,1089"/><TextEquiv index="1"><Unicode>Laceſſis auſu: perge relliquiis ſamem</Unicode></TextEquiv></TextLine><TextLine id="r0_l041"><Coords points="406,1105 477,1105 477,1104 477,1097 478,1096 478,1095 477,1095 463,1095 463,1094 463,1089 462,1089 448,1089 447,1088 446,1088 445,1089 439,1089 439,1090 439,1093 438,1093 431,1093 430,1094 404,1095 403,1094 399,1094 399,1093 399,1088 398,1088 395,1088 394,1089 394,1093 393,1094 342,1094 342,1090 340,1088 339,1088 338,1090 338,1094 337,1094 321,1094 321,1093 320,1092 302,1092 302,1091 300,1089 298,1089 297,1090 296,1090 295,1092 295,1093 294,1093 294,1089 293,1088 292,1088 292,1089 292,1093 291,1093 250,1094 249,1093 248,1093 247,1092 241,1092 241,1091 241,1088 240,1088 216,1088 215,1090 215,1091 214,1092 214,1093 213,1093 176,1093 175,1093 148,1093 148,1092 148,1088 147,1088 115,1088 114,1089 113,1089 113,1090 113,1099 112,1100 112,1103 113,1103 115,1103 116,1104 176,1104 177,1104 231,1104 232,1103 261,1103 261,1104 262,1105 275,1105 276,1106 405,1105 406,1105"/><TextEquiv index="1"><Unicode>Satiare noſtris: reſto vincendus tibi:</Unicode></TextEquiv></TextLine><TextLine id="r0_l042"><Coords points="422,1134 424,1134 424,1129 425,1128 481,1128 482,1129 520,1128 520,1129 520,1130 521,1130 543,1130 543,1129 544,1128 542,1125 537,1125 536,1125 536,1120 535,1118 533,1118 531,1116 509,1117 508,1116 508,1112 485,1112 484,1111 469,1111 468,1110 466,1110 465,1111 459,1111 458,1112 433,1112 432,1113 432,1117 399,1118 398,1117 396,1117 395,1116 395,1113 393,1111 391,1111 390,1112 389,1112 386,1115 369,1115 368,1116 313,1116 312,1116 312,1111 312,1110 310,1110 308,1112 308,1116 265,1117 264,1116 257,1116 256,1115 234,1115 233,1114 206,1114 205,1114 205,1111 204,1109 202,1109 201,1110 166,1111 165,1110 163,1110 161,1111 161,1114 161,1115 133,1115 132,1114 124,1114 120,1110 118,1110 116,1112 116,1113 114,1115 114,1119 113,1120 113,1122 111,1124 111,1125 112,1125 114,1125 115,1126 143,1126 143,1131 144,1132 145,1132 146,1130 146,1127 147,1127 222,1126 222,1127 222,1132 223,1132 224,1132 224,1126 225,1125 240,1125 241,1126 262,1126 263,1127 272,1127 273,1128 295,1127 295,1128 295,1133 296,1133 298,1133 299,1132 299,1129 300,1128 343,1128 343,1129 343,1132 344,1132 345,1132 345,1128 346,1127 393,1127 394,1128 413,1127 413,1128 413,1133 414,1133 421,1133 422,1134"/><TextEquiv index="1"><Unicode>Atqui in latronem plus poteſt qui nil habet.</Unicode></TextEquiv></TextLine><TextLine id="r0_l043"><Coords points="676,1162 677,1162 677,1161 679,1159 679,1157 679,1156 679,1138 678,1137 678,1135 678,1134 461,1136 460,1136 460,1135 459,1133 381,1134 380,1133 239,1134 237,1132 177,1132 176,1131 122,1132 121,1131 3,1132 2,1133 2,1142 3,1142 65,1141 65,1142 65,1144 66,1144 67,1144 68,1145 69,1145 70,1146 71,1146 71,1147 71,1150 73,1151 209,1150 209,1151 209,1153 211,1154 285,1154 285,1156 286,1157 312,1156 312,1154 313,1153 335,1153 520,1151 520,1152 520,1153 521,1153 580,1153 581,1154 676,1153 676,1154 676,1156 676,1157 676,1158 675,1159 675,1160 676,1161 676,1162"/><TextEquiv index="1"><Unicode>45 COs. Trepidare noſtrum eſt: vilis humanos timor</Unicode></TextEquiv></TextLine><TextLine id="r0_l044"><Coords points="282,1185 283,1185 285,1183 285,1174 290,1174 291,1174 304,1174 305,1175 305,1181 306,1181 307,1181 307,1175 307,1174 329,1174 330,1175 365,1175 366,1176 367,1176 368,1175 416,1174 417,1175 417,1180 418,1181 421,1181 422,1180 423,1180 424,1180 424,1176 424,1175 458,1175 459,1174 460,1174 461,1174 461,1163 460,1162 459,1162 458,1161 422,1161 421,1160 397,1161 397,1160 396,1156 395,1157 393,1157 393,1160 392,1161 313,1161 313,1158 311,1156 286,1157 285,1156 283,1157 284,1159 283,1160 257,1160 256,1159 178,1159 177,1158 161,1159 160,1158 155,1158 154,1157 154,1154 115,1154 114,1153 112,1153 110,1155 111,1159 110,1159 104,1159 104,1160 107,1160 108,1161 108,1169 109,1170 110,1170 111,1171 111,1175 114,1175 116,1177 126,1177 127,1178 128,1178 129,1179 130,1179 132,1177 132,1172 134,1172 135,1171 174,1171 175,1172 176,1171 177,1172 187,1172 188,1173 188,1177 193,1177 195,1176 195,1173 195,1172 252,1172 253,1173 268,1173 269,1174 278,1174 279,1174 279,1177 280,1179 281,1178 281,1174 282,1174 282,1184 282,1185"/><TextEquiv index="1"><Unicode>bitat penanes: irrito cara lmpem</Unicode></TextEquiv></TextLine><TextLine id="r0_l045"><Coords points="498,1177 498,1213 683,1212 683,1176 498,1177"/><TextEquiv index="1"><Unicode>chalcidica!</Unicode></TextEquiv></TextLine></TextRegion></Page></PcGts>