698 1293
87 40 542 68 316 LVDOVVICI OELLOTII
86 64 573 87 t05 Sic decuit actum claudeie, ut eodem obruas
129 87 602 113 Regnum ſepulcto, teq́ue? Nam ſi me furor
128 110 456 136 In arma juſtus abripit? fi te rem
120 132 495 155 Natum vindex damnat. & noſtro fibi
130 155 494 182 De jure tela fabricat? Inviſum caput
88 178 497 205 0 Si læſos orbis, aſtra ſi advgiſum Deis
129 203 517 227 Suo laceſſunt impetu. â âanto occides
128 227 531 252 Miſerande fato? patriandn quantas ages
128 249 563 275 Laceram ruinas? Spretus excludar throno?
129 272 543 295 Cidarin revellas ? ſceptra diripias manu?
87 293 609 319 115 Quæ cadere meruit culpa? quod luimus ſcelue!
129 317 522 339 Scelus eſt libido Patris, & majus ſcelus
129 340 580 364 Odium Novercæ. Nempe cùm thala mos Sira
129 364 508 390 Iniit meretrix Choſrois, regnexcidit
131 386 517 412 Syroes avito? prinius haud Syroes erit
72 409 539 439 120 E quo ſecudum rurpis ediderit Venus?
130 432 542 457 Fateare primum faxo. quem ſolum ſcies:
101 456 609 479 Feramq́ue, catulumq́ue unus opprin er inpetus,
103 478 617 506 Patremq́ue, ſobolemq́ue una reſecabit manus.
94 501 626 527 Nunc quoque vigebunt jura: ſtat rapere, aut mori.
89 523 578 551 225 Iam gravia ſpiras anime? tam ſævum truci
130 547 547 568 Das limitem iræ? Nam loquor facti ſcelus
129 570 478 594 Suo ruentis pondere. pericli aleam.
104 593 523 623 Curarum acuta tormina, & teſtes Deos.
124 615 533 641 Bonum excidiſſe credis? hoc rerum ſtatu
77 637 534 666 10 Ad ſcaptra cutris ? eſſe pereundum negas
131 663 512 688 Cui non peribunt? hoſtis externo ruit
130 685 498 710 Quoties ab orbe victor? incubuit ſhi
130 707 536 733 Convulſu ab imo Perſis: immedicabilem
129 731 507 756 Trarere cladem funere aggeſti Duces:
89 750 524 779 s Commota tellus, gentium excitus furor
128 775 695 810 Cæde, igne, abactu vincta populorum agmi4
121 799 554 823 dère & umbram Choſtois: Tutum putas
131 823 532 847 Optare regnum, cujus & turpe eſt genus
127 846 526 869 Nomine fateri ? Pectore excedat tumor,
46 869 537 893 40 Mendaxq́ue panni fucus, atque auri nitos
131 892 486 916 Illudere oculis definat, vitam exiges
130 915 517 939 Tot inter enſes? inter agitantes merus,
125 936 536 962 Ipſumqdue chalybem lateris infdum tui:?
155 954 678 984 Quid habet beatum purpura ? unde auget vir
82 983 559 1006 45 Rrecta cidaris? miles ad nutum obſequens,
109 1005 522 1030 Potatus auro Bacchus, & ſamui greges
130 1027 571 1051 Quâ mentis æſtus parte, quâ morbos levant?
129 1050 514 1075 Regnare pergat frater, obrineat Pater:
128 1072 521 1097 Tu quod negatum ſanguini nemo volet,
79 1095 491 1120 0 ERto ſecondus: quid voluptari perit,
128 1117 512 1142 Quid dignitati ? Bella confilio reges,
668 1123 696 1162 t
122 1139 559 1166 Paceḿue, legum primus, & recti arbiter5
473 1163 618 1189 Ftator4e
