697 1288
142 49 605 82 CHOROES TRAGOEDIA. 325
112 76 502 100 Traductus urbes genitor Arſacias terat?
111 98 603 123 Quid non movebunt oppida? HE M Oderunt virs.
112 121 603 146 SYR. Premit beatum invidia, quæ miſero indolet.
111 144 592 168 HEM. Videre miſerum læta, quem tlmuit, ſolet.
15 168 605 193 g25 R. Amare miſerum ſubita, quem timnuit, poteſls
111 191 603 215 HEM. Florente nato quis amet ejectum patrem
111 213 541 238 SVR Florere natum quis patre ejecto velit?
110 237 528 261 HEM. Non iſte regno caſus Arſacio novus.
111 258 494 284 Primus ſecundo ſternit oxemplo viam:
1 274 554 307 30 Quodq́ue antè factum eſt parte dimidi licet.
111 305 605 331 SYR. Tot peperit unû ſcelera non unquàm ſcelus.
110 328 603 348 Ræx eſt. HEM. Cruentus. R. Choſroes. HEM.
198 353 400 376 Sævus. SYR. Pater.
108 373 581 397 HEM. Raptor tiaræ. SVR Perſa Romano dabst
110 397 604 422 Pompâ triumpho? HEM Victus ST. A nato datus?
1 420 530 446 35HEM. Luctare fruſtrâ, patricidio eſt opus,
111 442 455 468 Patiare potius ipſe, faciſne, elige.
112 465 623 491 SR. Qu fata rapitis? quis ſuror ſuperos tenet?
112 489 563 514 Opus eſt perire, aut perdere? & crudum neſas
113 512 493 537 In utroque regnar: Iuris eripitur vigor
1 535 454 566 , S40 Si juſtus eſſe pergo; fi facio ſcelus,
109 558 588 583 In ſcelere jus eſt nullus ad ſolium eſt gradus
111 581 560 605 Niſi per parentis viſcera? ut vitam hauriam
109 604 562 629 Vitæ auctor obtruncandus? & prohibent mori
111 628 551 652 Qui amare dicunt? & putant vinci probrum,
1 650 527 681 4 5 Vbi eſt nefandum vincere? aut vitam date,
107 672 633 698 Aut mortem, amici, ſed piam. RA. Regnſ damns,
107 697 559 721 Sed vindicaodum. Quid petas. non quid geras
108 719 492 744 Spectabit orbis: crimen in causâ latet,
108 742 530 766 Agentis animus dat ſuum factis modume
202 789 511 815 SCENA SEXTA.
137 831 608 864 Choſrois eæ arce fuga Syroi nunciatar;
221 864 493 898 is illum perquiri jubet,
159 912 554 940 NVNTIVS. SYROES. HEMELIVS.
1 952 510 988 350 Vidum cruoris militem caſſo Senex
110 974 503 999 T2Labore fallit: undique everſis gemi
107 995 494 1023 Confuſa latebris aa, non quæ tramite
106 1020 491 1044 Implicita ſecto turris amfractus tegit
108 1042 536 1068 In ſe reductos, non quæ inexhauſto dier
63 1066 504 1091 55 Arcet meatu cavea, ſcrutantum impias
108 1088 460 1114 Fugere dextras: ponit eluſus furor,
59 1109 558 1137 Seque ipſe frangit. Sic ubi abſentem canis
104 1135 485 1162 Veſtigat aprum poſt pererratos ſpecus,
105 1156 523 1189 Et miqus nemoruam nare deſeſtâ irrimus
504 1178 627 1200 atmaffe
367 1182 410 1201 a2
