705 1311
124 60 595 89 CHOSROSTRAGOEDIA. 355
92 81 526 111 xefe ſacris. COSM. Video, dejecto patre
9 105 536 133 â0 Syroen coronant Satrapæ. O factum impiè!
100 129 546 156 SAND. Materia probri facilis eſt Syroes tibi?
96 152 574 179 SARB. Depone tragicos mentis indomitæ ſonos,
97 175 533 201 Arbitris Divùm ſequimur, in tuto eſt ſcelus.
97 197 590 226 COSM. Quicunque miſeros caſus Arſacidas grarat,
16 220 506 248 .235 Quicunque regni decora præcipitat furor,
97 244 481 269 Eſt teſte Coſmâ dignus: iteravit neſas
67 266 489 289 Seythis inauſum Perſa, & attonito diem
97 289 490 315 Polluit olympo: Phorbus alipedes rerro
96 312 579 338 Quùm penè flerit &R. Quiſquis es. luctûs novi
5 335 589 363 T4o0 Effare cauſas. COSM. Genitor, heul Princeps, tuus
98 358 468 383 Patitur catenas Choſroès, & quâ tulit
97 381 508 408 Potentis manu ſceptra, jam vincla induit
70 405 565 430 SVR. Certſane latebris erutum patrem refers?:
96 428 587 455 COSM. Et vidi, & hauſi lumine hoc tant ſcelus,
25 450 577 476 145 Et adhuc ſuperſtes vivo. SYR. Regnamus. viti;
69 475 588 498 Satrapæ, imperamus: Choſroes noſtrâ in manu eſt.
96 497 417 523 Felice tutas arte diſpoſui plagas.
96 519 500 543 Quæ melior unqum venit in caſſes fera?
71 544 588 568 COSM. O Mardeſane! 6 Choſroe SARB. In-
140 566 316 585 caſtùm invocas.
26 589 503 611 .e50 Depoſita res eſt: Choſrocs ſtetit hactenus
1 612 501 638 p Regis cadaver: meliot aſcendit thronum,
94 636 545 659 Qut ſi imperarit, Choſroem hac rapiam manu.
95 658 508 684 Solus potes damnare quod cunctis placet?
96 681 531 706 COSM. Faciendo tu ſuadere didiciſti nefas?
7 703 476 728 155 Poſt parricidium innocens etiam fores,
95 727 475 751 Niſi me vocares ſceleris in partem tui?
78 750 477 775 Tu facinus illud Sarbara? tu Choſroen
95 773 454 798 Ingente victum vulnere afiges ſolo?
1 768 590 844 160 uid fda comitam torbat qnid Ptocertum cohors?
75 796 490 821 Ræc ſuſtinebis ora quæ gentes tremunt?
95 842 469 866 Quid Mardeſa ipſe fliorum per latus
96 866 515 890 Pater eſt petendus? vita Vologeſi imocens
53 884 478 913 Ferire prohibet: ſit reus genitor, nihil
96 912 548 937 Meruere nati. SARB. Stulta te pietasmovet,
8 933 532 958 1065 Occide, vel morere pium eſt quodvis ſcelus
97 957 536 981 Quod Perſis urget tota, otod Princeps jubet.
79 979 587 1005 COSM. Quid Dii? SARBA. Quieſcunt. COS.
163 1004 390 1028 Quid perennantes ſtyge
95 1023 587 1050 Ignes propinquâ? SARB. Fabmlæ. COS. Quid
164 1049 261 1068 Mardeſa?
96 1068 591 1096 SARB. Quid Satraparum turba, quid Syrois favor?
10 1087 590 1118 150 osi. Natura ubi es, ſi quicquam es? 0 aſtra!
165 1118 231 1136 6 Dei!
98 1137 546 1167 Hoc lentè pateris Iupiter Mithra aſpicis?
79 1161 487 1188 Nec fugis in ortus, nec remetiris diam!
485 1182 591 1204 .
