680 1217
104 58 122 89 02
170 58 560 89 NABVCHODONOSOR.

106 85 166 116 Edicta
182 85 264 116 ſparget
280 85 359 116 Aquio
375 85 403 116 per
426 85 489 116 mundi
505 85 587 116 plagas,

119 112 236 155 iitus
249 112 314 155 tonir
371 112 423 155 euli
444 112 501 155 vosen
522 112 622 155 audient.

105 138 119 170 Et
136 138 278 170 extimeſcent,
289 138 306 170 vt
320 138 386 170 ſolent
400 138 459 170 auium
499 138 564 170 reges,

107 165 143 195 Cum
164 165 206 195 Rex.
221 165 305 195 volãtum
332 165 406 195 clangit
427 165 532 195 inſolitum
553 165 616 195 polo.

275 193 278 223 A
307 193 456 223 NANIAS.

111 220 152 250 Viue
168 220 294 250 Imperator,
307 220 379 250 dignus
395 220 487 250 Imperio
503 220 550 250 ſoli,

109 248 166 276 Cunct
175 248 229 276 iſque
250 248 316 276 mait,
325 248 346 276 ſis
367 248 427 276 minor
445 248 517 276 tantùm
547 248 592 276 Deo.

159 275 553 302 NABVCHODONOSOR.

111 301 151 331 Quis
165 301 198 331 ille
215 301 264 331 quem
288 301 321 331 vos
338 301 418 331 fingitis
434 301 494 331 vobis
514 301 584 331 Deum:

271 329 271 351 A
299 329 306 351 Z
324 329 442 351 ARIAS.

111 354 139 391 Qui
155 354 222 391 vitam,
231 354 332 391 honores,
342 354 414 391 ſceptra
436 354 522 391 donauit
541 354 588 391 tibi.

156 382 558 411 NABVCHODONOSOR.

119 409 173 439 ihine
188 409 239 439 ſcept
251 409 275 439 ra?
284 409 305 439 pe
314 409 332 439 pe
344 409 368 439 rit
380 409 416 439 hoc
431 409 527 439 ſceptrum
548 409 620 439 labor,

113 436 233 466 Gladiuſque
246 436 303 466 felix.
326 436 416 466 ANAN.
452 436 499 466 Pepe
509 436 532 466 rit
542 436 618 466 auſpi-

137 467 170 487 ciis
191 467 221 487 Dei

112 489 140 524 Qui
156 489 172 524 te
188 489 311 524 iremendum
333 489 390 524 Regib
406 489 428 524 us
447 489 500 524 cunct
507 489 519 524 is
538 489 602 524 dedit.

153 516 553 547 NABVCHODONOSOR.

112 543 211 572 Dominos
223 543 295 572 habere
307 543 373 572 neſcit
391 543 433 572 hæo
448 543 523 572 ceruix,
541 543 583 572 mihi

121 572 187 608 Æterna
205 572 238 608 ſoli
253 572 307 608 regna
331 572 427 608 diſpenſat
451 572 523 608 manus.

295 598 401 627 MISAE
427 598 438 627 L.

115 625 232 654 Quacunque
248 625 311 654 terras
326 625 386 654 lucida
402 625 424 654 ſtt
434 625 487 654 ingit
503 625 541 654 rota

112 651 199 681 Pnœbus
214 651 328 681 renaſcens,
337 651 412 681 ſeruiet
430 651 511 681 mundus
526 651 571 681 tibi,

108 679 141 707 Sed
153 679 267 707 imperabit
285 679 285 707 c
309 679 372 707 œlitum
396 679 432 707 Rex
447 679 459 707 &
483 679 543 707 Pater.

162 706 556 730 NABVCHODONOSOR.

114 733 167 762 Deos,
183 733 253 762 Deaſve
272 733 369 762 fingimus
385 733 461 762 quando
480 733 546 762 lubet,

113 759 131 788 Ex
155 759 191 788 ære,
200 759 212 788 &
221 759 281 788 auro,
293 759 305 788 &
323 759 428 788 marmore,
437 759 452 788 &
473 759 524 788 molli
539 759 593 788 luto:

108 786 142 817 Sed
154 786 253 817 imperare
267 786 301 817 nee
315 786 397 817 volunt,
406 786 440 817 nec
451 786 460 817 ſi
477 786 539 817 velint

115 813 189 844 Facient
203 813 274 844 inulti,
282 813 319 844 nam
336 813 370 844 que
395 813 495 844 Vulcanus
512 813 571 844 vetat.

110 838 176 872 Agunt
197 838 293 872 quietos,
311 838 433 872 approbant
457 838 544 872 cuncta,
565 838 577 872 &
595 838 619 872 ſi-

135 872 186 899 lent,

117 893 167 927 Tales
186 893 294 927 miniſtros,
303 893 319 927 &
338 893 385 927 Deos
401 893 414 927 ta
426 893 451 927 les
467 893 524 927 volo.

265 923 444 950 ANANIAS.

110 945 144 976 Heu
167 945 291 976 Imperator,
305 945 365 976 credis
379 945 416 976 hoc
435 945 495 976 diuum
517 945 574 976 genus

118 975 171 1002 Cenſe
182 975 185 1002 s
195 975 233 1002 hoc
251 975 283 1002 eſſe
299 975 363 1002 cuncta
382 975 422 1002 vert
435 975 494 1002 entem
523 975 587 1002 Deum,

121 1000 169 1028 Quod
181 1000 244 1028 bulla,
256 1000 307 1028 quod
322 1000 405 1028 lutum,
423 1000 474 1028 quod
489 1000 573 1028 exiguus
594 1000 618 1028 ci-

122 1028 159 1046 nis:

115 1048 143 1083 Iam
168 1048 250 1083 quiſque
276 1048 345 1083 muſcas
367 1048 440 1083 Numen
478 1048 563 1083 æternum
585 1048 601 1083 pu

140 1082 174 1106 tet.
