686 1222
113 45 135 79 1is
183 45 574 79 NABVCHODONOSOR.

109 77 191 106 Adeóne
205 77 253 106 lucis
273 77 293 106 eſt
307 77 364 106 tenax
378 77 468 106 animus:
477 77 539 106 pudet

115 102 136 133 De
142 102 229 133 liberare
244 102 295 133 talia,
303 102 315 133 &
330 102 399 133 pectus
414 102 480 133 fremit

113 129 140 158 Sui
155 129 239 158 pudoris
254 129 365 158 conſcium.
380 129 440 158 Teſtor
455 129 527 158 polos,

111 157 151 185 Hoc
167 157 228 185 facere
242 157 327 185 noſtrum
354 157 410 185 nemo
431 157 532 185 tenrabit:
548 157 610 185 tamen

120 183 171 213 ,Vel
189 183 279 213 cogitare
294 183 372 213 puduit,
384 183 396 213 &
414 183 426 213 ſe
438 183 474 213 ipſa
498 183 558 213 minor

111 210 123 247 ,
139 210 168 247 Iam
187 210 231 247 facta
250 210 323 247 virtus,
332 210 373 247 quæ
386 210 434 247 tulit
446 210 516 247 nomen
538 210 573 247 fug
592 210 605 247 æ.

124 237 165 267 Quid
177 237 237 267 facere
253 237 325 267 poſſint
338 237 411 267 neſcio,
423 237 493 267 poſſum
515 237 562 267 pati.

115 264 197 304 ANAN.
229 264 232 304 O
254 264 308 304 digne
330 264 393 304 gentis
403 264 479 304 anime,
498 264 520 304 ſic
536 264 621 304 præſtat

146 291 211 320 loqui,

118 316 142 343 Sic
151 316 268 343 arbitrabar
280 316 348 343 frater,
354 316 378 343 aſt
402 316 471 343 ætatula

122 345 149 373 Tua
173 345 191 373 me
212 345 311 373 mouebat.

114 371 162 399 M1s.
177 371 243 399 Maior
260 371 281 399 eſt
290 371 347 399 annis
368 371 425 399 Deus,

126 380 238 430 Qicunque
252 380 364 430 roburpect
378 380 402 430 ori
416 380 493 430 afſlauit
510 380 555 430 meo.

292 426 456 447 ALARIAS.

124 451 181 480 Dulce
196 451 208 480 &
223 451 310 480 decorum
334 451 352 480 eſt
364 451 400 480 pro
427 451 454 480 Dei
469 451 514 480 eauſa
538 451 574 480 mor
586 451 595 480 i.

117 479 150 507 (Ni
162 479 216 507 fortè
231 479 291 507 nobis
303 479 407 507 blandior)
416 479 449 507 non
473 479 491 507 eſt
509 479 563 507 mori.

127 505 161 532 Cum
180 505 237 532 fracta
257 505 325 532 cecidit
344 505 404 532 patria
424 505 492 532 hoſtili
508 505 582 532 manu,

123 532 138 561 Et
153 532 231 561 Solyma
249 532 294 561 cæcâ
309 532 369 561 nocte
381 532 483 561 funeſtans
501 532 558 561 caput

123 559 176 588 Luxit
190 559 289 588 parentum
309 559 363 588 filios
385 559 453 588 mixtos
470 559 526 588 rogo:

114 585 188 613 Incuſſa
207 585 233 613 cec
238 585 272 613 idit
295 585 351 613 gloria
368 585 461 613 ingentis
478 585 557 613 domus.

148 611 167 639 vO
193 611 273 639 bearos,
283 611 331 639 quos
350 611 379 639 ſuo
398 611 475 639 excepit
491 611 523 639 ſinu

122 636 146 666 Ma
170 636 210 666 erna
229 636 250 666 tel
261 636 338 666 luslnos
356 636 407 666 feras
420 636 519 666 trahimus
532 636 594 666 neces

116 663 170 691 Inter
184 663 306 691 prophanos
320 663 399 691 barbari
416 663 465 691 ritus
479 663 524 691 ſoli,

118 690 215 724 Interque
228 690 285 724 faſtus
310 690 411 724 Principũ,
417 690 477 724 atque
490 690 544 724 aulæ
556 690 626 724 nefas,

122 717 179 746 Exilis
191 717 263 746 anima,
275 717 331 746 tædio
343 717 358 746 at
373 717 424 746 lucis
445 717 517 746 grauis,

117 743 129 773 H
149 743 185 773 æret
200 743 248 773 labol
256 743 279 773 lis
290 743 302 773 in
324 743 367 773 ſuam
395 743 449 773 viuax
466 743 551 773 crucem.

125 771 164 809 Dein
181 771 219 809 hoc
233 771 317 809 putatur
331 771 418 809 tempus,
432 771 443 809 &
467 771 519 809 vitam
544 771 624 809 vocant.

297 797 443 825 MISAEL.

121 823 154 854 Heu
175 823 262 854 ſeruitut
268 823 283 854 is
301 823 397 854 pœnitet:
409 823 481 854 Magne
496 823 586 854 Arbiter,

125 849 194 880 Ecquis
215 849 287 880 miſello
302 849 353 880 luxit
365 849 446 880 innubis
467 849 512 880 dies,

124 877 144 907 Po
152 877 223 907 ſtquam
243 877 344 907 prophanâ
361 877 406 907 ſacra
423 877 536 907 temerãtur
559 877 604 907 manu

130 904 142 934 Et
161 904 196 934 vaſa
212 904 291 934 templi,
306 904 338 934 vaſa
357 904 442 934 ſupremi
464 904 502 934 Dei,

132 932 171 961 Oris
186 932 273 961 Mephiti
291 932 363 961 perditi
384 932 483 961 inceſtant
498 932 558 961 caprir

125 959 162 987 Sion
189 959 253 987 pudica
276 959 303 987 ma:
316 959 340 987 erl
362 959 364 987 ô
388 959 441 987 mater
457 959 511 987 Sionl

125 984 163 1014 Sion
190 984 268 1014 meorum
288 984 355 1014 ſumma
378 984 405 1014 vot
418 984 465 1014 orum
493 984 550 1014 omnia

132 1010 217 1041 Extincta
234 1010 290 1041 tecum
313 1010 395 1041 gaudia,
415 1010 417 1041 ô
437 1010 491 1041 mater
508 1010 567 1041 Sion:

158 1036 185 1068 Ax
197 1036 233 1068 AN.
263 1036 314 1068 Cœlo
335 1036 404 1068 Sionis
434 1036 497 1068 mœnia
533 1036 614 1068 æternum

168 1068 238 1098 uanent
