682 1223
170 35 290 70 ACTVS
334 35 498 70 QVARTVS
574 35 606 70 r7

97 62 107 97 ,
129 62 227 97 Sceleſtus
246 62 265 97 cſt
284 62 401 97 quicunque
417 62 518 97 ſimulauit
534 62 607 97 ſcelus.

100 90 163 126 BALT.
172 90 214 126 Stat
229 90 277 126 ergo
289 90 343 126 fium
363 90 444 126 perpeti
456 90 546 126 immites
573 90 603 126 ro-

154 118 157 145 g
170 118 197 145 os:

95 142 152 173 ANA.
161 142 203 173 Star
224 142 317 173 gloriosè
331 142 364 173 pro
388 142 418 173 Dei
433 142 481 173 cauſa
505 142 556 173 mori.

97 171 159 204 BALT.
182 171 187 204 O
207 171 298 204 pertinac
303 171 317 204 is
332 171 408 204 ferreus
433 171 498 204 mentis
518 171 577 204 rigor:

103 197 138 231 Ego
160 197 235 231 Leænas
251 197 362 231 flecterem,
371 197 434 231 atque
453 197 507 231 orbas
529 197 602 231 Tigres.

100 223 136 256 Ego
151 223 160 256 ſi
184 223 262 256 æſiuoſæ
280 223 378 256 tunderem
405 223 456 256 Syrti
468 223 549 256 preces,

103 249 163 283 Tamen
187 249 265 283 doloris
283 249 373 283 redderet
391 249 469 283 queſtus
484 249 535 283 pios.

102 276 137 308 Vos
158 276 187 308 mea
208 276 320 308 volupras,
339 276 408 308 mixtus
421 276 434 308 &
450 276 501 308 curis
514 276 578 308 amor,

96 301 122 334 Sic
141 301 238 334 obſeratis
258 301 311 334 corda
331 301 362 334 per
376 301 467 334 ſummum
487 301 552 334 nefas,

98 330 112 363 Et
126 330 157 363 iſta
183 330 214 363 mer
225 330 240 363 ui
257 330 350 363 perditus
367 330 421 363 quod
438 330 469 363 vos
480 330 534 363 amo.

93 353 96 388 A
120 353 153 388 2A.
180 353 216 388 Heu
240 353 306 388 mitte,
333 353 441 388 Princeps,
462 353 513 388 mitte
531 353 600 388 crude-

143 383 174 413 lem
194 383 216 413 am
245 383 306 413 itum,

93 410 164 443 Sumus
178 410 238 443 beati,
255 410 300 443 perg
311 410 360 443 imus
382 410 467 443 Dmino
479 410 558 443 auſpice

101 437 131 469 Quà
146 437 278 469 ſempiternæ
293 437 377 469 ſyderum
398 437 485 469 rutilant
497 437 557 469 faces,

98 460 101 492 E
140 460 230 492 eruitute
245 460 314 492 Iiberi,
323 460 335 492 &
350 460 419 492 ſimiles
440 460 485 492 Deo.

93 490 175 520 BALT.
195 490 401 520 Ev0Sanĩlestabul
435 490 506 520 ludunt
525 490 548 520 ſat
565 490 593 520 eſt,

99 516 136 546 Vos
153 516 252 546 cogitate,
268 516 300 546 tem
317 516 350 546 pus
367 516 401 546 hoc
415 516 472 546 luero
489 516 551 546 datur,

99 542 192 574 Flammis
207 542 273 574 necari
288 542 345 574 nemo
363 542 396 574 non
420 542 480 574 durum
501 542 564 574 putat.

251 760 324 780 ...
