689 1225
102 50 158 123 Penna
182 50 210 123 dec
221 50 263 123 oras
280 50 368 123 præpeti
382 50 445 123 nubes
459 50 518 123 ſecat.

162 64 286 97 ACTVS
329 64 504 97 QVARTVS.
584 64 604 97 29

102 119 114 151 Tu
135 119 198 151 lacera
222 119 294 151 truneo
315 119 393 151 memra
414 119 498 151 deformi
510 119 552 151 abri
576 119 588 151 c,

95 146 191 176 Immerge
206 146 218 176 ra
233 146 272 176 pidi
287 146 341 176 fruſta
365 146 479 176 vorticibus
494 146 548 176 freti,

104 172 130 213 Vel
145 172 158 213 vt
190 172 190 213 m
205 172 272 213 inaris
287 172 316 213 vre
335 172 445 213 crepitanti
461 172 518 213 roo,

94 200 131 227 Hęc
144 200 201 227 vaſta,
210 200 276 227 ſparſa,
292 200 352 227 merſa,
365 200 456 227 reſtituet
481 200 535 227 Deus.

193 228 493 255 NAEVCHODONOSO.

99 252 201 284 Lmphata
219 252 279 284 rabies
297 252 348 284 corda
369 252 399 284 per
420 252 489 284 cœcum
513 252 573 284 raꝑit.

273 281 276 309 A
300 281 408 309 2ARIAS.

99 305 114 336 Et
126 305 159 336 hoc
174 305 255 336 furorem
279 305 339 336 credis
357 305 375 336 at
393 305 450 336 peius
465 305 537 336 furit,

110 334 207 364 uicunque
220 334 300 364 fragilis
316 334 373 364 tenue
393 334 459 364 figmen
476 334 509 364 tum
536 334 572 364 Iuti

97 361 122 390 Dei
139 361 255 390 tremendos
266 361 351 390 arrrogat
368 361 441 390 titulos
458 361 472 390 ſib
489 361 497 390 i.

94 382 144 421 Heu,
161 382 287 421 Imperator,
307 382 357 421 quàm
381 382 447 421 tauis
467 382 511 421 tuus
527 382 547 421 eſt
561 382 601 421 ſtu-

124 417 155 443 Por

93 440 162 469 Ideõne
184 440 244 469 mundi
263 440 335 469 ſceptra
354 440 436 469 donauit
455 440 512 469 Deus,

98 467 114 496 Vt
125 467 197 496 impiat
232 467 293 496 mente
309 467 429 496 contemnas
445 467 531 496 patrem,

99 493 116 521 Vt
130 493 144 521 te
164 493 266 521 colendum
286 493 371 521 prebeas
391 493 518 521 mortalibus,

99 520 116 548 Vt
135 520 245 548 maceratos
265 520 307 548 ſang
316 520 369 548 uine,
378 520 389 548 &
406 520 448 548 tabo
468 520 544 548 oblitos

93 529 159 584 Nobis
176 529 267 584 coloſſos
281 529 372 584 ingeras?
393 529 470 584 valeant
494 529 519 584 Dei

156 571 527 630 :XXXX

148 627 530 684 X:aXa:caXX.XXXa.

97 680 185 714 Eſcinde
214 680 267 714 ferro
286 680 337 714 quam
362 680 419 714 potes
451 680 545 714 iinʒuam,
577 680 596 714 a-

129 717 158 731 men

97 680 146 771 uui
182 680 249 771 nomn
285 680 325 771 ulce
343 680 432 771 clnaai
477 680 495 771 ei.

191 763 494 790 NABVcH0D0NOOOR.

93 787 229 818 Fanaticorum
251 787 330 818 rabidus
349 787 364 818 vt
377 787 428 818 ludit
443 787 516 818 dolor:

86 816 179 847 Auferte,
192 816 262 847 rapite,
272 816 352 847 tollite,
362 816 372 847 &
389 816 519 847 ſuccenuite-

260 844 413 867 ANANIAS.

104 861 155 899 uæſo
173 861 260 899 Imperat
272 861 295 899 or,
310 861 352 899 tune
379 861 460 899 uccendi
478 861 535 899 iubes

96 897 113 926 Vt
127 897 257 926 proditores,
271 897 285 926 vt
305 897 375 926 magos,
401 897 403 926 t
420 897 449 926 per
460 897 519 926 fidos?

95 923 158 953 Teſtor
174 923 278 953 flagrantis
291 923 364 953 auream
383 923 430 953 ſolis
449 923 522 953 rotam,

90 948 180 980 Iugique
195 948 243 980 curſu
264 948 327 980 cuncta
345 948 474 980 torquentem
501 948 567 980 Deum,

87 976 189 1005 Mõcimur
201 976 294 1005 honeſtè,
305 976 392 1005 cadimus
404 976 416 1005 in
443 976 488 1005 cauſa
515 976 551 1005 Dei-

88 1001 129 1033 Hoc
145 1001 202 1033 terra,
214 1001 293 1033 cœlum,
303 1001 315 1033 &
331 1001 398 1033 inferi,
407 1001 420 1033 &
436 1001 499 1033 ſuperi
508 1001 549 1033 aud
559 1001 597 1033 iãt,

86 1029 130 1059 Non
153 1029 269 1059 proditores
286 1029 319 1059 non
346 1029 406 1059 Magi,
412 1029 446 1059 non
469 1029 496 1059 per
509 1029 539 1059 fidi

85 1056 199 1084 Morimur,
208 1056 289 1084 honeſtè
307 1056 393 1084 cadimus
405 1056 417 1084 in
438 1056 486 1084 cauſa
516 1056 552 1084 De.

90 1083 247 1116 Navilecte
266 1083 317 1116 cclo
346 1083 416 1116 ariter,
427 1083 438 1116 &
456 1083 522 1116 terris.
537 1083 577 1116 uer
