696 1215
80 37 106 65 12
146 37 535 65 NAVCHONSOR.

84 63 166 96 SAELL.
182 63 233 96 Satis
248 63 277 96 eſt,
290 63 350 96 querel
362 63 375 96 is
391 63 445 96 figite
460 63 568 96 histander

112 95 194 121 modum,

77 117 95 148 Im
110 117 161 148 peria
182 117 239 148 Regis
254 117 287 148 non
311 117 379 148 ferunt
391 117 460 148 ſegnes
484 117 556 148 moras.

86 145 134 173 DAN.
154 145 213 173 Valete
238 145 303 173 dulces
314 145 385 173 animæ
396 145 408 173 in
427 145 518 173 amplexu
543 145 591 173 meo.

79 172 128 200 MIS.
153 172 295 200 CuOOaaIauit
312 172 383 200 fletus?
408 172 414 200 O
436 172 501 200 ſacrum
524 172 592 200 caut:

81 200 135 223 A2AR
172 200 265 223 OSancte
279 200 344 223 vates.

81 224 152 253 AN.
177 224 256 253 Omeum
276 224 335 253 lumen
360 224 405 253 vale.

89 251 136 281 Da.
152 251 187 281 Heu
212 251 219 281 ſi
238 251 301 281 valere
313 251 374 281 patria
396 251 484 281 extorris
500 251 579 281 poteſt,

90 279 96 308 O
118 279 242 308 Solitudol&
258 279 334 308 orbitas
359 279 397 308 vite
413 279 489 308 grauis:

96 305 177 336 Quouſq;
189 305 219 336 dur
228 305 252 336 um
273 305 348 336 corpor
357 305 369 336 ĩs
384 305 465 336 pondus
480 305 534 336 feram

110 362 169 391 vides,

96 384 105 413 Tu
126 384 162 413 ſola
183 384 240 413 reſtas
252 384 335 413 anchora
353 384 365 413 in
392 384 455 413 tantis
479 384 536 413 malis,

85 412 130 440 Arx,
139 412 176 440 ara,
207 412 269 440 ortus,
277 412 353 440 lumen,
362 412 376 440 &
398 412 483 440 columen
500 412 559 440 tuis3

86 439 98 469 In
119 439 134 469 te
149 439 248 469 recumbit
266 439 344 469 pondus
359 439 419 469 afſlict
431 439 434 469 ę
449 439 527 469 domus:

94 467 109 494 Da
127 467 142 494 te
160 467 205 494 tuis;
220 467 232 494 da
250 467 265 494 te
283 467 325 494 tibi,
337 467 349 494 da
370 467 385 494 te
406 467 448 494 Deo.

92 492 143 521 DAN.
158 492 224 521 Valete
236 492 308 521 fratres
320 492 350 521 heu
377 492 416 521 mei,
437 492 470 521 non
491 492 521 521 iam
551 492 590 521 mei.

88 519 151 549 AaR.
169 519 196 549 Tui
208 519 295 549 feremur
313 519 391 549 quandiu
415 519 469 549 ſtabit
487 519 556 549 polus.

88 547 139 577 ANA.
153 547 247 577 Supreme
261 547 326 577 rector
340 547 414 577 reſpice
425 547 436 577 in
459 547 516 577 gentẽ
530 547 592 577 tuam,

97 574 157 603 Conde
170 574 202 603 heu
221 574 221 603 I
243 574 315 603 minacis
331 574 407 603 igneum
429 574 461 603 teli
477 574 540 603 iubar,

94 601 106 628 Et
121 601 154 628 nos
172 601 235 628 ſerenâ
250 601 324 628 frontis
342 601 411 628 irradia
435 601 480 628 face.

96 627 150 656 Vides
168 627 249 656 egenos,
261 627 333 656 exules,
342 627 426 656 inopes,
438 627 507 656 vagos,

92 652 180 682 Ramenta
202 652 265 682 terræ,
278 652 363 682 gentium
382 652 441 682 ludum
460 652 473 682 &
485 652 558 682 pilam.

104 680 177 710 uouſq;
187 680 259 710 tandem
288 680 367 710 genitor
379 680 389 710 in
411 680 493 710 ſtipulas
509 680 569 710 furis,

93 707 135 737 Quas
147 707 192 737 igne
207 707 276 737 rapido
288 707 392 737 flammeus
407 707 467 737 turbo
485 707 554 737 vorat:

89 735 199 764 Squallore
216 735 289 764 merſam
309 735 391 764 perditæ
422 735 487 764 marris
501 735 575 764 domum

94 760 173 792 Reſpice
186 760 274 792 benigno
290 760 372 792 lumine,
379 760 410 792 aut
426 760 436 792 ſi
451 760 496 792 quid
508 760 578 792 pater,

93 789 108 818 Si
123 789 168 818 quid
186 789 267 818 minaris,
279 789 288 818 ſi
303 789 348 818 quid
360 789 423 818 iratus
438 789 504 818 tonas,

101 816 197 844 Conuerte
215 816 266 844 cũcta
284 816 365 844 fulmina
380 816 389 844 in
410 816 497 844 noſtrum
524 816 593 844 caPur,

96 840 108 871 En
129 840 270 871 conſecramus
285 840 365 871 corpora
380 840 392 871 in
419 840 482 871 mediis
500 840 557 871 focis,

92 868 134 898 Hoc
152 868 209 898 thure
224 868 305 898 Babylon
323 868 344 898 ad
356 868 398 898 tuas
407 868 449 898 aras
464 868 509 898 litat

100 895 100 924 ,
118 895 196 924 Hebræa
217 895 286 924 tellus:
298 895 331 924 vict
340 895 385 924 imas
400 895 448 924 tales
460 895 514 924 amor

92 922 102 952 ,
124 922 171 952 Fecit
193 922 294 952 Tonantis.
310 922 383 952 Magne
405 922 509 952 cœlituum
537 922 591 952 Parẽs

90 950 165 978 Noſtro
184 950 253 978 cruore
264 950 338 978 noxiam
365 950 434 978 gentem
456 950 472 978 ex
482 950 519 978 pia,

100 976 114 1005 Et
128 976 185 1005 parce
199 976 253 1005 Regi,
270 976 335 1005 mentis
355 976 383 1005 hic
397 976 457 1005 furias
471 976 539 1005 truces

94 1000 105 1030 In
131 1000 193 1030 molius
213 1000 252 1030 olim
272 1000 343 1030 vertet,
354 1000 368 1030 &
388 1000 456 1030 meruer
478 1000 543 1030 Deum.

99 1027 174 1060 Ftatres
193 1027 253 1060 camus
272 1027 307 1060 quò
322 1027 363 1060 reos
379 1027 439 1060 lictor
458 1027 521 1060 vocat.
