696 1224
146 49 266 84 ACTVS
304 49 465 84 QVINTVS
548 49 573 84 10

84 78 126 108 Tune
146 78 251 108 execrandi
265 78 358 108 ponueris
384 78 443 108 molem
463 78 537 108 auream

80 104 140 133 Erigis
152 104 164 133 in
182 104 236 133 altos
254 104 344 133 fornices
359 104 362 133 c
383 104 404 133 œli
422 104 491 133 minax?

81 131 93 160 Tu
114 131 153 160 ſupp
171 131 225 160 licari
240 131 306 160 thure,
318 131 327 160 tu
348 131 420 160 fidibus
435 131 468 160 tibi

79 158 139 189 Paſſus
154 158 214 189 feroci
235 158 292 189 mente
310 158 433 189 conculcans
457 158 520 189 Deum.

101 185 139 216 Dein
158 185 282 216 innocentes
297 185 386 216 pabulum
408 185 487 216 ftammæ
503 185 576 216 ineri,

76 211 90 241 Et
110 211 121 241 di
135 211 164 241 gna
183 211 186 241 c
206 211 234 241 œlo
254 211 330 241 membra
353 211 404 241 carni
412 211 457 241 ſices
474 211 511 241 pati

74 238 107 269 Sed
122 238 194 269 Hamma
212 238 263 269 fuſos
278 238 344 269 pauida
365 238 446 269 compre
455 238 479 269 ſſit
494 238 578 269 globos,

77 265 181 298 Deumque
194 265 260 298 nouit,
276 265 327 298 noſſe
346 265 396 298 quem
418 265 478 298 regem
500 265 560 298 udet

92 293 180 320 uponto
197 293 208 320 &
222 293 267 320 igno
281 293 352 320 ſæuior
369 293 442 320 ſemper
462 293 521 320 furis,

79 319 184 350 Tentaſque
197 319 263 350 numen
285 319 361 350 trahere
393 319 478 350 etortum
507 319 567 350 polo.

87 346 163 376 Audite
182 346 232 376 cœli,
251 346 327 376 voſque
339 346 361 376 ſte
371 346 437 376 llarum
462 346 522 376 chori.

77 373 194 402 Quicumque
209 373 266 402 puras
284 373 380 402 ſpargitis
401 373 452 402 cœlo
467 373 524 402 faces.

66 401 71 429 A
87 401 117 429 udi
132 401 215 429 intremi
223 401 249 429 ſce
268 401 292 429 ter
305 401 316 429 ra
332 401 353 429 ad
369 401 451 429 obturus
472 401 531 429 meos.

68 418 143 456 Audite
164 418 236 456 Reges,
251 418 307 456 maior
322 418 343 456 eſt
361 418 415 456 vobis
442 418 496 456 Deus,

66 454 72 483 A
86 454 109 483 ud
117 454 117 483 i
134 454 219 483 impiate
233 454 270 483 quo
284 454 287 483 d
313 454 358 483 Deus
378 454 412 483 dici
426 454 491 483 iuhet.

72 480 100 508 Per
132 480 151 508 me
166 480 248 508 rotatur
268 480 310 508 vaſta
330 480 392 508 compaa
424 480 435 508 es
452 480 503 508 poli,

74 504 89 535 Et
103 504 137 535 ima
154 504 196 535 nutu
222 504 275 535 regna
295 504 402 535 firmantur
431 504 473 535 meo-

75 532 94 563 Di
103 532 160 563 ſabo
179 532 242 563 cœlos
258 532 314 563 halitu
355 532 384 563 iam
403 532 434 563 naon
466 532 529 563 erunt.

79 559 144 589 Vram?
161 559 276 589 liqueſcent
291 559 308 589 fla
327 559 387 589 mmeo
404 559 500 589 vudantes
517 559 576 589 rogo-

77 583 143 615 Feriam
185 583 269 615 dehiſcet
287 583 335 615 terra
350 583 359 615 in
377 583 485 615 abruptum
512 583 578 615 chaos.

72 614 201 643 Immergam?
216 614 309 643 aquarum
333 614 423 643 vortices
447 614 495 643 denſi
513 614 576 643 tuent,

77 640 90 671 Et
109 640 153 671 fluct
159 640 216 671 uanti
235 640 317 671 mundus
330 640 390 671 horre
402 640 440 671 ſcet
456 640 504 671 ſalo.

91 667 103 697 Tu
130 667 154 697 dei
163 667 199 697 nde
217 667 295 697 vecors,
307 667 319 697 tu
346 667 385 697 mihi
403 667 472 697 bellum
502 667 568 697 patas?

70 695 145 724 Ideõne
160 695 226 724 Regem
256 695 352 724 maximum
376 695 436 724 terris
457 695 505 724 dedi?

71 721 116 751 Ideò
134 721 254 751 triumphos
269 721 278 751 in
299 721 350 751 tuum
374 721 431 751 eſfudi
446 721 461 751 ſin
479 721 500 751 um

73 748 166 779 Spoliare
178 748 250 779 regno.
265 748 315 779 pone
333 748 366 779 gem
387 748 444 779 matas
468 748 522 779 opes,

74 774 146 803 Regale
158 774 269 803 ſceptrum,
278 774 290 803 &
308 774 380 803 capitis
395 774 446 803 excel
455 774 488 803 ſum
512 774 575 803 decu.

75 803 125 833 Pone
148 803 151 833 ô
167 803 192 833 ſce
201 803 252 833 leſte.
280 803 372 833 Vindicem
391 803 454 833 ſentis
476 803 524 833 Deum

76 829 94 869 Te
109 829 241 869 fulminantis
259 829 316 869 magna
340 829 358 869 de
376 829 427 869 cœlo
445 829 511 869 manus

80 856 96 886 Vt
115 856 247 886 contumacem
270 856 352 886 turbine
371 856 424 886 illiſo
440 856 494 886 ferit.

73 884 103 912 Iam
124 884 268 912 contremiſcis
289 884 289 912 ô
313 884 376 912 miſerl
391 884 424 912 non
448 884 469 912 eſt
484 884 538 912 ſatis.

79 910 252 939 RatiOniSexperS
186 910 348 939 eulem
375 910 426 939 vitam
444 910 522 939 trahes.

73 937 142 967 Iterum
163 937 277 967 expaueſcis
298 937 382 967 degener
409 937 442 967 non
463 937 481 967 eſt
496 937 520 967 ſat
529 937 553 967 is.

80 964 92 993 Tu
110 964 215 993 bellainus
233 964 326 993 corpore,
341 964 401 993 atque
407 964 413 993 a
425 964 482 993 nimo
497 964 557 993 ferur,

74 988 182 1021 squallore
194 988 257 1021 terros
276 988 349 1021 obſitus
361 988 390 1021 tur
402 988 418 1021 pi
434 988 494 1021 pilos,

72 1017 147 1046 noſpes
162 1017 243 1046 ferarum
270 1017 344 1046 perditu
380 1017 467 1046 latebras
485 1017 548 1046 petes.

75 1045 101 1074 Sic
115 1045 250 1074 ſempiternus
267 1045 315 1074 ordo
332 1045 355 1074 fat
369 1045 417 1074 orum
437 1045 499 1074 iubet,

98 1070 111 1103 ic
124 1070 157 1103 fata
177 1070 240 1103 volvit
260 1070 313 1103 maior
330 1070 340 1103 in
366 1070 423 1103 magni
456 1070 509 1103 Deui.
