574 958
181 26 370 57 (0
25 59 486 92 Hæc Quæ ſtio nihil eurioſ habet, tamen
75 86 492 118 Ne ſcandalo ſim cæteris, non pluribus
76 111 504 144 lnterrogo. Quemcunque det ludum Coτes,
1 128 477 162 Præſcire neutiquam aveo, nunei meo
75 161 548 193 Intentus. Cerο. ANibus nempe enpiendisI
103 187 212 211 Roſ. favet,
76 211 495 242 It video, tibi fortuna. voluerum eoplam
75 238 491 267 In retia tus eompulit. ulp. Nil Vulpulo
74 262 481 286 Fortuna dedit. Induſtriæ eſt fructus meæ
75 286 501 317 Hæc præda voluerum. Cero. Induſtriam ad-
101 318 225 333 miror tunm.
1 334 503 367 Roſind. Sed me, fatebor, miſeret innocœntium
55 361 502 393 Avicularum. Vulp. Miſerett haud, mihi cre-
100 388 149 409 dite,
74 410 404 435 Sunt innocentes inter alites Pari.
73 437 463 463 Animaleula nimis enrioſa criminis
71 461 494 492 Pœnas dedẽre debitos. Cer. Ergo arguis
74 486 460 516 Etiam volucres criminis, quod ſcilicet
74 512 501 542 Sint curioſ ulp. Crimen eſt turpiſſim
40 535 451 568 Quæcunque curioſitas, in fœminis
74 561 502 587 Toleronda tantum. moneo, tanto à erimie
77 585 420 612 Cavete vobis ſedulo. damnum niſi
75 610 486 640 Graviſſimum velitis inourtere. Roſ. Pium
41 636 482 665 Mouitum ſequemur ſeduli eemplo tuo,
48 659 501 697 Cer. Atecceljem enmEuſtechio prodiComes.
178 698 376 733 Scena Quinta.
47 733 502 769 Perſona. Heribertus, Eutac hius portans
100 764 502 797 ſub Axilla clauſam ciftulam. Vul.
102 793 423 826 pulus, Aoſindus, Cervinus.
51 827 519 864 Cervin Enl quam benigna Vulpulofavit hodie
459 864 502 883 For-
67 888 224 908 A Heribertτ
