689 1304
196 28 684 78 A 0V NTV. 63
86 73 685 123 poſtulavit ut elogium ſuum, neciſ-
1 113 686 156 2 que cauſſa publicè à præcone pro-
7 153 686 195 nunciaretur, ne quam perfidiæ pro-
6 193 686 240 ditioniſque de ſe ſuſpicionem in
90 234 682 275 vulgus relinqueret. Sed eò nimi-
1 272 686 315 5rùm poſtulatio illa ſpectabat, ut ſi
91 312 686 361 quibus fraudi offenſioniq́ue ſcelerisI
12 352 686 394 .exemplo fuiſſet, iiſdem mutatæ vo-
92 389 686 436 luntatis, ac ſuſceptæ obſid ChriſtiI
95 434 686 480 necis præconio conſuleret. At Rex
95 474 686 516 ceterorum ad terrorem quod roga-
49 514 686 557 batur pertinere ratus, ultrò con-
98 552 686 601 ceſſit. Intererat ſpectantium tutbæ
99 593 685 639 Puſices Regiis artificibus præfe-!
99 632 686 676 ctus. Qui ut metu mortis attonitâ!
99 677 687 716 ac titubantem Ananiam Simconis
100 715 686 758 Presbyterum vidit, nihil cunctatus!
99 755 686 798 voce hortatuque ſuo illius animos
100 796 686 838 erexit. Obid comprchenſus & ipſe!
102 833 686 880 paulò poſtinterfectus eſt.Cæſus eſt!
103 877 686 919 Vſthatanes Conſtantii & Conſtan-!
103 916 686 959 tis anno. feriâ V. majoris Heb-!
104 955 686 1000 domadæ. Simeon verò ac ceteri!
103 995 686 1040 poſtridiè, hoc eſt feriâ VI. ſive Pa-!
103 1037 686 1084 raſceve. Hæc Sotomenus lib. VlI.!
104 1083 267 1126 cap.VIlI.
532 1141 686 1185 ER-
