691 1299
124 58 610 84 VSTHAÆ ANES TRAGOEDIA. 3
111 82 512 106 Et lætus Arabum ture ſublatus vapot
113 105 522 128 Et odora Cilicum meſfis. & caſtæ preces,
112 127 496 154 Et uæ ſuperbis dona ſuſpendi tholis;
66 151 575 176 p0 Quæque ipſe vovi, proſperum Imperio ſtatum,
111 174 522 199 Noſtriſque felix omen inceptis ferunt.
111 197 560 223 ,,P. Audita ſuperis vota: ſupplicibus favent
111 221 518 247 ,,Suis, amantq́ue: nec piè orati preces
111 244 541 269 ,,Sutdâ capeſſunt aure Contrâ illi impios
64 267 509 290 5,, Odere. faſtu bella ui tumido movent
111 290 520 315 ,,Paterna regni in ſacra; nec cultu Deos
111 314 545 338 ,,Dignantur, & qui jura præ patriis habent
109 337 615 368 ,,Peregrina;quid; hos premere cùm poſſint, ſovce.
109 360 617 386 S Nempe hos rebelles, hos mihi exoſos canis
66 384 600 410 o Chriſti execrardos nomine. P. Hos ipſos loqno,
109 406 490 432 Perdenda letho capita, quos ultrà cave
109 430 514 455 Patiare Princeps , peſtis occultæ amputa
110 453 500 478 Ferale virus: gliſcit, & populos vagum
110 476 474 501 Latè per omnes ſerpit, offenſi trahens
66 502 527 524 1S5,, In nos Tonantis odia. In inſontes cadit
110 523 503 548 ,,Cive; nocentum culpa, ſi pon caret.
109 547 559 571 Nec tu ſacrorum hæc proinde, vel noſtri pug
110 568 523 595 ,,Referre tantum. Publicæ ex uſu rri eſt
111 593 585 619 ,,Eadem eſſe cunctis numina: hand quales velit
65 616 539 642 150,, Arripere cultus quemque, nec ritu minus
70 640 579 672 ,,Quim Rege eodem vivere, hoc ſceptris fdem
110 664 556 689 ,,Pacemq́ue populis ſancit. S. Hortatu nihil
110 687 575 712 Ous eſt: peregi cuncta mecum animo priùs.
109 710 607 734 di ipſe, quantum hos nullu: & Superùm, & mei
64 732 486 757 95 Cauſsâ nefandos perſequi, exitio dare,
109 755 539 780 Abolere prorſus meditor. P, Æternùm tibi
110 780 585 804 Hac mente firmas ſceptra, S. Non aniio recent
111 802 523 828 Aut temerè in illos cœptus incubuit furor
109 826 568 851 Vetus eſt, nec olim ſi uid ndultum eſt, nefas
66 849 539 874 o0 Fovere volui: tempori & regno datum eſt:
112 872 572 898 Non huic remiſſum: pretſa mod ſeſe effera
111 896 523 920 Conſili. Vos non ore, & admonitu tenus
111 919 494 944 Favere cœptis, ſed manu & factis volo.
113 942 514 968 Properare curſu concitos celeri jubes.
1 967 538 994 5 a205 Sed quam in laboris fare nos partem vocps.
112 989 580 1015 S. Excutite profugos: rapite; per tecta c lares
110 1013 479 1036 Inquirite ; urbes, ruta, deſertos legat
112 1035 497 1056 Saltus oberrans mile;. Hic veſter labor
109 1057 468 1084 Eruere ſontes undique, ulciſci meus
68 1079 612 1107 10 PHuic gerere morâ eſt facile, cui quod vis jubet
111 1102 517 1130 In perduelles Impeti, atque hoſtes Deſm
114 1126 535 1153 iolenta mandas bella. Quis juſſa abnuat;
113 1148 580 1178 Niſi & hoſtis; & cui ſceleris exemplum placet?
114 1175 483 1201 Sed quid laebris abditos cæcii xat,
546 1193 665 1217 Precul
396 1196 433 1219 3
