676 1290
185 21 508 48 DIONVSII PETAVII
18 27 109 57 7n
113 45 527 69 Huc fama celerem quem tui adventus agit.
82 63 668 98 SoS. Vbinam eſt? A. Propinquat. Tu, virâm ut
201 92 332 115 par eſt, malis
116 113 498 140 Obſiſte firmo pectore, & Regum minas
118 138 580 161 ,Contemue. Levis eit ira, uuæ vitæ amputat
119 160 540 184 ,,Pereuntis aliàs ſpatia: quæ corpus rapit
121 181 666 211 ,,Animumq́ue, magis hanc metue. S. Iampri-!
208 208 314 225 dem metus
92 227 595 253 S5 Hic me remordet. A. Nec minùs lapſum erige.
125 251 574 276 Nam tempu ultro dabitur. His cæptis viamt
126 273 525 300 Molitus, huc te cœlitum advexit parens,
127 297 480 321 Per te ut ruina ſtratus ingenti ſenex
130 321 554 346 Iterum reſurgat: hunc tui extremum rogat
93 339 664 367 n0 Fructum laboris. S. Hoc quidem faxo, & lubens:!
132 366 563 391 Non ſi ille flammas fere in adverſas caput;
132 388 505 413 Aut ſtricta jubeat tela: ſi furv Stygis
134 411 544 439 Sub opaca ruere Tartaro im merſum velit,
136 435 577 460 Parere dubitem. A. Dignus hic cœlo vigor.
137 473 670 513 Simeon àDathy plangi ſe vetat, jubet
179 510 600 545 pot is Vſthaxanem lugeat, qui
258 541 527 566 Mithræ tus adole verit.
245 584 541 605 DATHAXS. SIMEON.
111 618 598 644 35D.5Magne Chriſti interpres, & lecti gregis
170 641 660 667 Longæve cuſtos! quid tuo adventu gerat
143 664 608 689 Præ ſe animus hæret; læter. an doleam magis.
143 683 532 713 Tua lætus ora cerno, & alloquio fruor.
146 711 548 735 At mole preſum ſortis indignæ grave eſt
98 734 655 758 00 Aſpicere. Tene hæc vincula? has collo graves
146 758 591 780 Ferro cate nas trahere? Me maiſerumul quibus
146 780 585 805 Subeſſe fatis, quem virum & qnalem intuor!
143 798 667 828 S. Bona verba quæſo. Parce quem Chrilii vides
148 826 666 855 Caus hæc ferentem perditum ac miſerum queri.
106 850 592 877 205,, Non eſt, nec eſſe rere. Qui ſcelere æſtuans
151 873 552 898 ,Errore cæco premitur. & lucem fugit.
150 896 606 919 ,Miſer eſt; ſecundis quamlibet rebus fluat:
150 910 665 944 D.Ote beatu hac mentelS.Quid tu?tu aliter ſapis?!
150 942 536 966 D. Ita luce caſſum ſedis æthereæ quies,
108 965 534 989 IoEt vita nullos maneat occaſus pavens:
149 988 543 1006 Vt iſta tecum ſentio. Et miſeret tamen
149 1010 562 1036 Et ora lacrymæ ſponte. nec iufſæ, rigant.
148 1033 606 1058 S. Quo me beatum credis, hoc plangis ſtatn?
146 1056 588 1082 D. Non cauſa triſtem cladis, at clades facit
111 1074 660 1107 115,. S. Rudis ille veri eſt decoris. & ſolidâ minor
150 1102 576 1127 ,,Virtute, cui non dulce pro Chriſio pati.
148 1124 591 1149 ,,Niiùm ſupremo diſtat, ac vilis uotæ eſt.
607 1142 659 1177 Te!
