680 1306
90 30 582 58 vSTRAANES TRAGOEDIA. 55
77 53 478 77 Tere hic amici ſquallor & luctus uecat?
82 77 538 103 Mea ſunt, muea illa vota. Quem pro me capis,
2 88 491 124 o0 Pro me laborem mitte. Si recte æſtimas,
83 123 455 143 Non eſt amoris ille, at invidiæ dolor.
1 146 586 194 Iaeſeeeâia
87 191 500 215 Gratare, quod ſe fata tam læta explicant.
1 198 542 240 5 Sibi regna opeſq́ue mundus, & fructum brevis
88 238 552 264 Vitæ caducus habeat. Hæc mihi ſors placet.
1 255 571 288 14 Quâ me eſſe miſerum fſingis, & gehiitu obſrepis.
90 283 480 311 Quas tu ſenili corpore implicitas, gravi
91 308 487 333 Cernis catenas pondere, illuvie obſitum
645 314 675 342 5
1 332 470 365 Io Iuvat juvat traviſſe. Non ſi me ducem
92 354 523 378 Sub jura miſſus orbis, & dominum tremat
90 377 506 402 Hoc me beatum decore, ſed miſerum rear.
92 400 551 426 Quamquam iſta ſolum perpeti, & vinclis tenur
93 423 500 448 Tua Chriſte, famulum fata ſectari piget.
1 445 508 479 5 Cut non per ignes ſanguis admotos fluit?
96 470 509 495 Nec aduncus artus unguis extentos fodit?
94 492 544 518 Imbellis, heu mel miles intactum, integrum
95 516 499 541 Hoc vile terræ pondus. hoc ſenium gero
97 539 527 565 Sed ſpes propinquæ cædis, ac penæ caput:
9 562 543 587 140 Vinctus Tyranno ſiſtor. D. Hoc utinam foret
98 587 521 611 Ignavus animo transfuga. & Chriſti recens
98 609 530 633 Deſertor. S. Ecquis ſceleris eſt tanti reus?
99 631 480 658 D. Atate feſſum Regis altorem tenes?
99 655 554 681 S. Pierate clarum noveram, & meriris virum.
6 677 600 702 45 D. Nunc ille præceps culmine ex illo ruit. (ſcias.
100 701 601 727 SQuid hocce memotas? D. Luce quod geſtum hac
83 724 591 750 SChriſtum abnegavit penitùs. nne aliud refers?
102 748 502 777 D. Et juſſa Mithræ tura cornigero dedit
66 771 570 795 S. Huc tu querelas confer; hic lactymis locus:
54 794 542 821 5o Sors iſla gemitus poſcit : hæc miſerum facit
104 818 536 841 Non qua dolebas antè. Sed quinam obſecro
102 840 555 864 Hunc caſus, aut quæ cauſſa præcipitem dedit-
101 863 604 893 D. Primum hæc Tyrannis ſueta, blanditiæ, preceâ
103 886 502 912 Promiſſa; terror inde, pœnarum minæ,
1 909 472 948 155 Et quidquid ardor Regis irati poteſt.
104 932 501 958 Quæ voce ſola quamdiu, & factum citra
104 956 479 981 Admota vis eſt: pectoris contra vigor
105 978 587 1003 Haud pœnitendus hæſit. Vbi ventum ad manus:
107 1001 485 1026 Vbi ſecta crebro verbere, & lent face
63 1024 524 1052 6o Aduſta ſenſim membra: tum nudum latus
106 1048 499 1073 Ahenus unguis carpſit: aut ſuleos arans
105 1070 490 1095 Dentatus hæſit pectine infeſto chalybs.
105 1094 562 1117 Labare primuni ſenior, & pœnæ moram.
106 1118 478 1143 Paulùm precari: ſubſtitit ſævi manus
67 1140 522 1165 i65 Carnificis. Exin precibus, hortatu Sapor
528 1161 610 1185 Inſtare;
