704 1298
154 35 687 71 VSTHAANESTRAGOEDIA. S3!
209 90 440 106 I5
440 91 593 106 D mTV O
173 92 605 121 2 V I I V .
135 153 630 188 Sapores Simeonem ad cultum Mithræ
201 185 580 218 Vonis fruſtra pertrahere nititur.
149 229 621 258 SAPORES. CHORVS. SIEON.
137 267 567 298 SA. Eripite collo vincla: laxatis ſener
190 291 633 320 Compedibus egros cominâs greſſus ſerat.
203 314 688 339 Eicet huic ſceleſtû rumnor affigat nelas
103 337 543 364 Ego ſparſa canis tempora, & longo caput
117 360 516 390 5 Ævo gravatum vene or Ac forſan ſibi
137 384 506 406 Iam ſanus ultri tuta conſlia expetet.
137 406 562 433 Quæ capere porro iubeo, vel, ſi fas, precor
135 429 558 455 Te, quem ſenili decore conſpicuum ferunt
138 454 552 478 Pollere mentis dote: quem populos ſuprâ
101 476 570 503 o Conſpicua virtus nobilem, ac toto inclytum
139 500 593 525 Oriente celebrat. Decora, quod merito dolet,
139 523 524 547 Tot una labes carpit in Sup eros ferox
140 547 599 572 Quod vana ſequeris ſomnia; & tu pem Deum,
139 569 533 594 Vetitoſ ne nimiùm credulus ritus foves
106 592 575 618 5 Quontum iſta uer ſe ſceleris imuietas trahat,
140 616 555 642 Contage quantum noceat in vulgus, piget,
139 640 548 664 Quod mne tacente cernis, incaſfum exequi.
139 663 562 687 Sed certa tamen eſt venia, ſi culuææmodum
139 687 544 710 Malè perti acis ſtatums, atque iſtam paras
107 709 522 737 D Exuere mentem. Crimitms tanti poteſt
141 732 555 758 Quæ levior eſſe pœna Quin. fi nos amas,
141 755 527 775 Geminos latrones inter obſccenæ crucis
141 779 504 803 Fixum pudendo ſtipite abjura Deum.
140 801 535 826 Veniamque Superos poſce Mutati feres
110 824 529 853 p ecurus animi præmia: allectun gregi
143 848 559 872 Proce rum, & cohorti regiæ in paucis fies
142 871 552 896 Te magna rernm ſpectat. Hoc uno mino
95 893 638 919 ceptro, capeſſes cetera. CH. Haud lanum pnteo;
144 918 504 942 Ab Rege ouiſquis talia invitus capit.
111 939 605 967 30,, SA. Taoti eſt ſagaci pectore atque uſu comes
144 962 543 988 ,Populos regenst , cujus arbitrio & fide
144 985 603 1012 ,Cmmiſſa tractet ſceptra. Nam Regni decus
145 1008 610 1034 ,,Non arma; nof vis militum ; aut cæcis ones
144 1032 654 1058 ,,Latebris repoſtæ non in hoſtilem impetum
113 1054 577 1081 5,, Diſ,oſita latè caſtra: ſed Re vum in manu
147 1076 594 1105 ,Conilia firmant. Sic ubi i briferi iubar
144 1100 592 1127 Gravidum procell crine terrifico exerit
144 1123 484 1146 Minax Orion, ſive Parrhaſiæ jubar
144 1147 526 1176 Pluviale capreæ; nou lateſſits RNoto
525 1170 643 1186 mee
434 1171 472 1188 F 2
