705 1304
114 49 600 82 vSTHAEANESTRAGOEDI. S
95 79 688 124 extrancue ſocies. v. Nam quid occurſum ne??
3 103 513 147 80S. Abi hinc, ſaceſſe. Parce ſacrilegâ pias
100 127 513 148 Obtundere aures voce: nil tecum eſt mihi
98 150 598 175 Commune poſthac. V. Petere ſi amplexum vetas,
1 168 24 184 Æ
100 173 569 199 Agnoſce ſaltem. Quod meum ob crimen ſuis?
100 196 536 221 S. Pergin? moleſtus eſſe? Qua viſum eſt iter
1 217 563 244 S5 Proſequere porro. V. Siccine excidimus tibi?
101 242 554 268 S. Inunc: jubarq́ue Solis, aut Mithræ focos,
101 266 536 292 Ignemq́ue adora. Veniet hæc veniet dies,
103 288 580 313 Quâ te iſta tangant facta. V. Quid potui miſer?
104 312 471 336 Coacta ſi quod lingua fimulavit nefas,
4 332 530 359 1po. Mens intus horret. S. Pergis inviſos adhuc
102 358 556 384 Objicere vultus? V. Per ego te æterno ſatum
101 381 514 401 Genitore numen.S. Vocis infeſtæ ſonum
102 405 473 430 Eſt impetus fugiſſe. Iam condi juvat.
102 427 543 453 Duc me hinc Satelles. Pollui etiamnum ſacri
4 452 536 482 195 Contage timeo capitis. V. Et merito timet.
104 475 509 500 Hic ſceleris ille ſructus. In medio pedem
87 497 550 522 Sermone retulit. Vt feram aſpectans procul;
103 521 543 547 Aut, qui ſub alto gramine implicitus latet.
103 544 448 569 Pallens viator angue calcato fugit.
1 566 602 602 2oo0 Quantum eſt quod ille exborret. ac reſugit malum)
62 590 550 616 Cur reſugit autem? Cur nec aſpectom tulit?
105 615 476 639 Hæc me libido lucis: hæc quavis pati
106 638 469 661 Pejora morte mortis impellit timor,
108 660 558 686 Quæ ſpes ſalutis reliqua? quo vertam preces?
6 682 566 712 o5 Hlic me ille pridem notus, atque hoſpes truci
105 706 487 732 Vultu ſuperbus abigit; hic noxæ reum
105 729 496 755 Nullius in ſe, tactu, & alloquio fugat.
106 751 579 777 Quanto, hæc negantis culpa quem propiùs petit,
666 759 698 788 I
106 777 505 797 Tremendus orbis Rector in me odio furit
57 799 547 825 10 Graviore? ouem nunc juſtus accendit dolor.
108 822 512 847 Det ille veniam ſupplici. aut ullas tamen
107 846 542 872 Poſt tam ſceleſtum facinus admitrat preces?
681 846 703 886 I
107 869 483 895 Vix hæc licet ſperare: nec rantum ſibi
107 892 576 918 Promittere audet animus. Et melius quidem
1 909 587 940 15,, Neſcio quid intùs agitat. Hæc fruſtra in malis
106 938 545 965 ,,Orata numquam, pronaq́ue in miſeros Dei
107 961 519 988 ,,Pietas recurſat: nulla quam moles mali
108 985 478 1010 ,Pervincit. Et. ſi vera correpti Deo
109 1009 532 1033 ,,Cecinere vates. crimini ingemuit nocens
63 1031 526 1058 220,. Quâ luce cui q́ue nulla parcendi mora,
107 1053 567 1079 Promiſſa venia eſ. Sceleris ah! ſceleris piget,
106 1076 520 1102 Pudetque nimium Teſtis nccultu arbiter,
107 1099 530 1124 Ouem nil ſub imo pectore abſtruſum latet;
107 1122 531 1149 Feciſſe quanem doleat. Ah potiùs forem
62 1146 494 1173 215 Damnatus atrâ nocte; nec nitidum poli
105 1169 478 1196 Vtero parentis fuſus aſpicerem jubar.
562 1188 599 1207 Aut
390 1193 474 1225 F
