660 1284
91 31 519 56 545 DIONSII PETAVII
127 76 653 114 Vſthaanes veſiit in vinculis, militeḿ
110 111 649 143 inducit palam, ut proclamet Chriſtianæ
129 141 650 174 fidci caus capti vum ſe detineri, quo
162 174 650 208 Chriſtiamis exemplo ſuo forte timids
160 208 264 237 conſulat.
199 251 563 270 VSTHAANES. MILES.
129 284 590 308 V. Elle eſt. Secundos vota ſucceſſus habent.
158 301 650 339 Optanda miſeris, debita & ſorti prope eſtI
90 330 564 359 D or luce potior. Sumuma contigimus ſpei.
134 353 651 385 Moriere. Ferro, aut igne penfandum eſt nefas.!
135 377 558 401 Obeuda tandem pena. Quam potui bene
135 399 584 423 Sine crimine inſons perdere, hæc ſceleri meo
135 422 514 447 Vili literur anima. Sic ſagi eit ſemel
61 445 504 474 545 Periitſe? Fac ſit Numiui offenſo fatis.
136 469 532 493 Quid quos tuo deſertor exemplo trahis?
136 491 512 515 Qui te Deos auctore falaces colunt
136 510 654 547 His conſulendum eſt. Promnde tentandum eſt ier,!
136 540 555 559 Mecum ut revulſos Tartaro ex imno eruam.
93 561 548 587 I50 Agenda mecum hæt ſpolia. Sic læſi furor
135 585 553 610 In me Tonatris ponet. Hac pompâ ducem
135 608 522 632 Comitante ſuperas lætus in ſedes ſerar.
137 629 654 663 Qu dabitur autem? Sentio: inventum eſt mihi,
62 650 563 678 Niſ fallit animus, ſpeſq́ue, quâ lapſis opem
95 673 650 707 2155 Reditumdue præſtem. Quiſquis eſt culpæ comea,s!
137 701 512 726 Hic ſi pigere ſceleris auctorem audiat,
137 723 558 748 Mrtemque ſerò petere: furs illum pudor,
139 746 500 772 Et emenda prerio lucis afficiet ſalus.
108 769 552 795 Ergo illa noſtræ fama, quàm longè poteſt,
95 793 544 817 160 Spargenda necis eſt; urbe uo tot ſciant
131 816 561 842 Quam me abnegaſſe pudeat. Hæc fiſtet dies
136 839 580 864 Pronum in ruinam vulgus, aut latſum eriget.
138 853 650 891 Atque ecce miles: commodòm hic cuſtos adeſt.!
138 885 598 910 Per hunc quod optas, dabitur. Huc ſodes veni.
98 898 648 934 105 M Quæ cauſa?V. Quod me petere. te fas exeoni eſt,
138 931 645 962 Abs te impetrare liceat. . Haud fruſtra petas,!
138 955 582 978 Quodcumque ſalvo capite preſtari poteſt.
137 977 547 1000 V. Nil tale noſler petere conluevit pulor.
138 998 644 1029 M. Agedum profare quidquid itupenſum cupis.!
42 1022 590 1046 150 Facile eſt, o ipſumn precibus hoc ſolis eget.
137 1046 567 1070 M. Quem me pubec adire? cui ferri ireces?
136 1069 553 1092 V. Qui regna patri Parſica imperio regit.
136 1080 643 1114 M. Er quid tuopte nomine hune ſu plex mgem?!
136 1112 643 1138 V. Quod tam roganti ſuave, quâm factp leve eſt.
96 1131 642 1163 155 M. Poœnam ut remittat, ci teum addixit caputè
555 1158 655 1187 V. iæ
