696 1299
654 1 682 46 M
119 45 600 70 vSTHAANESTRAGOE.DIA.95
1 41 31 72 1
79 68 606 93 Mene iſta cenſes cupere, cui votum mori eſt?
102 91 520 116 M. Iaxare ſaltem tempus ut mortis velit?
93 113 609 139 S. Neque hoc petendum, nec levis tanti mora eſt.
1 129 34 162 5
103 138 605 162 M. Quidnam aliud ergo eſt, quod tuâ exorem vice?
1 161 568 189 5 1o S. Scin! quo revinctus crimine in poœnas agor?
1 183 590 218 1 . M. Quod Chriſti adoras Numen, ac cœlo inſeris,
102 207 551 230 S. Palâm hoc per urbis ora differri juvat.
103 230 555 254 M. Quid? Obire fata temet, ac juſſum mori?
104 253 604 278 S. Imò hoc peremptâ crimine. M:At quorsſ cupis?
1 271 517 300 l 155 Quod iſte pretii titulus aut fructus habet?
105 299 567 324 S. Ne quod neſandum, ſacinus adſcribant reo.
104 322 574 346 M. Parúmne veſtra hæc ſceleris impietas ſubit?
1 331 33 348 t
105 345 512 370 S. Ergo illa noſtræ cauſæ prodatur necis.
106 368 607 393 M. Quidqumne ſpargi gravius in populum times?
1 391 607 420 s o S. Timeo, M. Quid illud deinde?S. Perfdiæ nefas
106 415 527 439 Ne quod ſiniſter rumor in populum trahat,
108 438 539 461 Lethumqjue racit frande eommiſſum putet.
98 461 581 486 Ergo hæc cavenda eſt fama. Tu Regem pete:
107 484 496 508 Affare. Si me cætera inſontem probet,
56 504 539 534 295 Culpaq́ue vacuum: Si mea haud ullâ fdes
108 530 554 555 Aſperſa maculâ eſt: una ſi Chriſti gravat
108 555 498 578 Pietas. Deum ́ue turba non patrio mihi
107 577 501 602 Dignata cultu: hunc ſeri in vulgus ſinat
99 599 572 625 Titulum necis cauſamque. M. Quid lethi propè
64 623 495 652 20 Poſitum ſub ictu cura ſollicitar minor?
66 646 554 671 Quin tu ipſe ſervas temet, ac Regi obſequens
1 655 24 675 o
109 667 600 694 Vitam caputq́ue, dum licet, morti eripis? e
108 691 660 715 V. Factum eſt: Abire, nec retro, ut libeat, pedem
111 715 596 741 Revocare poſſum; nec mihi, ut poſſim, libet.
1 739 516 764 ao,5 Proin tu monere deſine: ac, ſi quid facis,
110 760 611 786 Mandata perfer Principi. M. Haud deero quidem;
113 786 478 810 Nec ille credo facile morituro neget.
114 821 664 854 Simeon lætitur viſo Vſthaxane, eí ſua-
157 854 565 887 der præteritam ut clpam lacrmis
325 887 408 919 eæpiet.
154 922 580 950 vSrHAANES. SIECN. ILES.
113 948 609 975 VVidnam aliud ultrà reſtat? hoc unum reor;
142 971 607 997 VTandem ut verendi ruere in amulexus ſenis,
74 995 546 1020 a1oEt adire caſto liceat Hunc urinam alloqui,
114 1017 533 1042 Vtinam intueri detur! atque eccum ſubit.
115 1042 504 1065 Gravant catenæ colla, & infurmi riget
109 1064 514 1090 Pædore corus: blanda ſed ſolito magis
107 1087 523 1107 Fac ies renidet: conſcium & ſibimet bene
1 1108 603 1134 e a2t5 Geſtit, ſalitq́ue pectus. I O fauſtum diem!
116 1132 512 1159 Qum lætus aures tumor ad noſtras iit!
111 1156 515 1178 Miſeruim hune rtelictâ fraude fallacis viæ
539 1176 694 1219 1ednlue5
1 1181 35 1199 1
