676 1281
168 37 514 63 DIONYSII PETAVII
1 33 26 78 4
22 41 511 87 j gediiue tandem; te ue, qui ſolus regis
123 83 523 108 Humana, conſors maximi ſoboles patris,
1 106 661 141 ! 22o Regis profeſlum ante ora. V. uo celeras gradum?
125 130 557 156 S. En; tne nobis reddttum ac elo caput?
124 153 579 178 Tranſlate Chriti in jura? fer propiùs pedem.
93 177 599 203 Quò te retorques? V. Frontis hic caſtæ decox:
107 200 478 224 Hic ille vultis terret: aſpectus pios
84 223 661 258 215 Mens ſceleris horret conſcia. S. Huuc etiam tines,
125 247 543 272 Qui te vel ipsâ luce, pluſ ue oculis amat?
124 269 512 295 Ades: licet jam labe purgatas manus
124 293 565 319 Dare, dum piæ ſunt. Teoeo, quem votis diu
125 314 546 341 Lacrymiſq́ue petii: cujus haud parvo mihi
77 341 530 366 24o Revocata pietas cunltat. Elt certè Deus:
126 363 532 388 Certè aſiquis illic corde concepta preces
124 387 592 411 Non lævus audit. Quàm bene impe nſus labor !
125 409 496 434 Qu m non inanis noſter hic pro te fuit
124 429 663 462 Gemitus dolorq́ue V. Quid tibi hæc contra quram
80 457 522 480 245 Referre? Grates quas tibi iufelix agam?
124 477 542 504 Tu mihi parentis inſtar: I adeo partuns
123 502 540 528 Tutore propior. S. Reſpice auctorem tuæ
123 525 550 550 Chriſtum ſalutis potiù, Huic te te imputa,
123 548 527 574 Quem ne mo fruſtrà lapſus auxilio vocat:
78 572 533 596 o Volente nemo periit. V. Agnoſco libens,
122 593 663 626 At te ſecundum hunc veueror: Hanc animam tuis!
90 618 526 643 Debere meritis fateor: abſque illis foret,
121 641 499 667 Adhuc jacerem. S. Robur ex illo cae
122 665 572 691 ,Animumque caſu. Diſce quo lapſus modo,
78 688 497 713 45,, Qrnam ruinâ ſtratus, ac rebus pere
119 712 553 736 ,,Documenta dubiis. Numinis virtus habet
119 735 660 759 ,,Proprium hoc & lngens, ut bona ex ipſis trahas
119 758 527 782 ,,Majora damnis. Ilie de pecorum grepe
80 774 534 806 Iſacis guondam ad ſceptra tranſlatus puer,
76 799 481 830 5o Vt adultus arſit veneris illicitæ fce;
119 827 527 852 Poſt illa demum ſtupra, & infames toros,
116 850 561 875 Cædemque. & hoſti proditum inſontis caput,
114 873 461 898 Ardore quanto tactus ad ſeſe redit!
116 896 532 922 Quid ille? Cbriſtus cui ſuns moriens vices
67 919 526 945 55 Commiſit, orbis Rector. & coli arbiter?
111 942 467 964 Quali ruinâ fractus, & famulæ meru
114 966 530 991 Quo tuiacebas ſcelere comiſſo. gradum
114 989 500 1008 Revocante Chriito vetulit, & caſu ſtetit
113 1011 505 1036 Firmatus illo? Cetera ut parcam eloqui
70 1034 489 1058 00 Oeroſa ſeries cogit. Exemiplo utere:
113 1058 610 1082 Geu:iituq́; Superos fecte. V. Quid gemitu Parâ eſt:
111 1080 513 1105 Niſi & hoc tebelli fpiritu. ac vitâ exuam
113 1103 482 1124 Senile corpus, jamq e devotum neci.
598 1104 661 1129 -
110 1126 663 1158 S. Magnum eſt & iſta cupere: ſed voto ams lius
66 1147 553 1175 2N5 Potuiſſe. Nunc te ad facinus egregium p ara
536 1171 662 1201 CH0-I
375 1241 397 1252 2
