660 1289
159 15 505 45 DIONYSII PETAVII
48 32 80 48 r0s
88 48 544 72 SI. Si Stygia Divos monſtra Tartareos vocas:
89 70 492 95 His diſplicere laudis immenſæ eſt caput.
90 93 520 118 Sin fictus hominis hic tibi in ſpeciem ſilex,
66 116 504 142 Truncuſque Deus eſt, ſtipite exciſus ſuo;
51 140 495 165 115 Odiſſe nec nos iſte, nec Chriſtum poteſt;
92 163 502 187 Qui ſe nec ipſum ſentit. At lucis parens,
93 186 455 210 Qui certa urſu ſpatia dimenſo regit,
92 209 524 233 Hoc nempe veſtrum Solis exoſum eſt jubar,
57 232 486 257 Cur me perenni lumine afflatum fovet?
51 255 485 280 14 Cur non opacâ nocte ſubductoo premit,
94 278 494 303 Conditq́ue radios, & diem terris negat,
94 299 651 334 Cm me vel iſtos cernit? SA. Haud inerio quidem
94 325 647 348 Tuo ſceleſte frueris. I. At quodnam eſt ſcelus?
96 347 475 372 Quæ fare noxa eſt, cujus arceſſis reos?
54 371 535 399 15 SA. Minora taceo. Quid quod arcana impiè
97 394 517 420 Magicas per artes ſacra, & infantum neces
97 417 495 442 Patrare mos eſt? quæq́ue vulgari pudor,
31 440 565 466 Mœrorq́ue prohibet noſter, hoc quidquid mali
96 464 508 485 Nox atra ſuadet. SI. Vana, nec certâ fde
52 483 655 517 540 Comperta memoras. Quippe tam dictu hoc leve!
98 511 654 544 ,Quam non revinci facile. Si temertèe licet (eſt,
98 534 487 559 ,, Iactare quidvis, ſola ́ue eſt dicti fides
73 557 472 588 ,Potuiſſe dici,. nemo non fiet uocens.
65 576 652 605 ,,SA. Vulgata in omnes fama quod cſtans refere,!
42 602 655 634 1455.. Credi neceſſe eſt.SI. Pars quota hæc orbis canitt!
98 626 532 652 Quantoq́ue veſtm major hanc ſectam fovet?
93 650 519 676 Quæcumque Phœbi lampas occidui videt:
96 672 452 699 Quæ medius axe torret æſtivo dies:
97 695 494 721 Quidquid Bootes frigore Arctoo premit,
49 719 547 745 150 Noſtra illa regio eſt. Iura ſub Chriſti Nomas
95 744 466 769 Vterque venit, quiq́ue Mæotin tenens
90 766 474 815 Vraateam
93 812 530 837 His adice Eoo quidquid in tractu jacet,
54 836 456 861 r55 Tua regna præter; totus auctori ſuo
95 858 654 883 Famulatur orbis: hunc Deum, hunc Domini canit:
81 882 655 919 Runc lingua memorat omnis: hunc templis Deum
92 905 541 930 Non Grajus, aut Romanus. aut ſi quis modo
95 928 497 952 Meliore ritu vivit. At ſparſus Scythes,
44 950 509 976 160 Feroxq́ue Alanus: quique Phaſiacas bibit
94 972 523 999 Hinc Colchus undas inde Caucaſeâ ſedet
94 997 466 1022 Albanus exlex rupe, & Hyrcano mari
81 1020 571 1045 Quacumque propior Barbarm tellus patet.
94 1043 491 1066 Hoc nemore paſtor avio, & viridi ſedens
49 1064 520 1091 65 Convalle nomen celebrat: hox duro ſolum
94 1090 516 1113 Scindens arator vomere ingeminans vocat.
92 1110 532 1137 SA. Impuuè garris iſta: nec quidquid malè
83 1134 555 1161 Conſulta ſequitut. turba, ſi turpe eſt, amo.
516 1151 653 1188 . Qe2
