720 1379
163 124 697 173 STHAANES TRAGOEDIA. 103
153 154 618 184 SI. Quin hoc quod omnes iſta mortales probant
108 178 579 206 170,, Objecta purgat crimina. Improbitas diu
152 200 623 229 Paſſimque nulla regnat: utq́ue homines brevi
152 224 567 251 ,,Mentita fallat, fronte dum blandâ tegit
129 247 530 273 ,,Lethale virus, tempore arguitur ſuo
154 269 587 299 ,,Peprenſa tandem. Sola ſe vittus probat,
110 293 600 322 5,, Firmatq́ue ſenſim. Deſine inſontes probris
155 317 535 342 Vexae fruſtra, quæque nec viſu eloqui
155 341 554 365 Comperta, nec rumore, niſi vano, potes.
156 363 588 389 SA. Subducere oculis iſta, & aſpectu ſolent.
157 386 652 415 S. Da ſceleris hujus conſcium, aut facti indicem,
1 405 653 435 P o Quamquam hæc requiro? Da mihi afflatum horridi
1 431 81 450 tis
156 432 594 458 Sceleris vel umbrâ. Nil ego alienos moror;
155 455 553 483 Si noſtra ſimulat aliquis,. & ſceleris ſui
154 479 609 504 Transfundit in nos crimen: & plures ſcio
156 502 547 528 Sub hoc latere nomine, ut pecoris lupos
1 508 45 528 5
111 525 597 551 25 Sub pelle tectos. Nam quod arguimur ſtupri
156 548 584 574 Et execrandæ veneris: hinc quantum putas
155 572 513 597 Abeſſe, quorum exoſa genialis faces
1 595 578 620 ?. Pars magna thalami cœlibem vitam colit?
158 618 583 645 Pars fruge ſola Cereris, aut herbis famem,
1 620 23 639 5V
112 641 585 666 190 Riguoue paſcit olere. Nec Baccho imbui,
157 664 505 690 Nec ora dulci carnium attactu ſinit.
156 688 545 713 Nedum cruentas avida contingat dapes.
1 687 33 712 5
154 710 645 736 Veſtrum omne, veſtrum hoc facinus: & ritu Magi
157 734 587 760 Didicere patrio. SA. Longa fac ſodes lucri
114 757 580 783 195 Colloquia: teq́ue ad tuta, ſi vitæ eſt amor,
158 781 522 806 Conſilia revoca. Miles hic tete labor
155 803 592 828 Reſpiciet. Omnes capite ſupplicium luant:
141 827 539 851 .Niſi qui paternis tura reddiderit focis;
156 850 607 874 Mithraque Chriſtum mutet. His noſter comes
114 872 570 898 200 Accedat altor. M. Mnus extremum dari
157 895 597 920 Neſcio quod abs te ſenior ante obitum rogat.
155 916 659 948 SA. Quidnam eſt? . Peremptum ne quis ob facl-
243 947 366 967 nus putet,
157 963 549 990 Fidemq́ue Regi proditam, in vulgus ſeri
157 988 592 1014 Vtcumque res eſt oprat: haud ſe alio necem
117 1011 573 1038 205 Meruiſſe titulo; quàm quod exoſus Deus;
161 1034 559 1061 Iterum negati nomen ad Chriſti redit.
159 1054 633 1084 S. Æqua impetrandi cauſſa. Nec noſtrâ minus
161 1081 579 1107 Referre ſtatuo: ne quis hoc tutum putet:
160 1103 575 1135 Qu0 Regis alter crimine occiderit parens.
595 1184 665 1212 Prin-
382 1188 491 1218 4
1 1268 30 1294 3
