669 1287
57 48 488 78 104 DONSII IAVIr
98 94 653 131 Princeps Magorum fruſtrâ Simeonem ́u-
127 128 654 165 ducere parat, ut ius Mithræ offerar;I
126 161 658 195 Puſices Ananiam timentem animar;
91 192 657 228 ſthaanes ad ſupplicia, ad Regem adii
127 228 275 252 bduccunrur.
57 261 657 301 Ncnrs gonm, roN. rvsicxs
216 294 467 313 ANnNIAS. CHORVS.
51 324 576 352 250 PR. Vdite Domii juſa. Cui cordi eſt ſalus,
141 351 617 385 opibuſque patris eris adivntus favor;
95 372 481 397 Cæs potentem vicimâ Mithram colat.
94 390 656 426 Quid eidus hæres? Quin te ad obſequium paras?!
94 420 580 444 I Occidere certum eſt potiùs, ac mortem pati:
53 442 583 467 ar5 t ſ quid ultra eſt. Nec tamen facilem volo.
94 466 512 492 Conſume pœnas antè: perque omnes mali
92 488 489 514 Di ſcurre ſacies. Seu rapi in partes jubes
93 512 500 535 Diviſa ferro membrat ſeu famis cremas:
94 537 465 559 Sou ſacibus uſtos; fve diſtractos rotâ
6 554 459 585 0 olvente torques nulla conffos Deo
92 578 658 619 Tormenta quatient. PR. Abripe infandum ſepx.j
92 605 525 632 I. Sed tu fidelis turba. q́uam Curiſti ſacer
92 628 515 653 Erebo redemnptam reddidit cœlo cruor,
91 651 526 677 Eempla ſequere noſtra: Nec Regum mias
49 675 504 700 25,, Iramue metue. Sævit ad tempus furor
90 698 521 723 ,,Mortalis, & nil corpus hoc ultrâ appetis.
90 721 469 742 Non ſic Tonantis odia : nec vitâ tenus,
90 744 505 769 Fragilique ſævit corpore: at ſcelerum raas
68 767 519 793 Perenuis animas pœna poſt obitum premit,
49 791 472 816 30 Damnata famis hic ubi exercet cohors
91 813 503 839 Supplicia. miſeris nulla quæ minuit dies.
89 836 504 861 s vos brevis, fugaxq́ue carnificum manu
91 859 460 883 Ferroque nunc infictus eripiet dolor:
90 882 551 909 Et mors honis optanda. Quid mortemloquor?
48 904 471 931 5 An potiùs arces tutum ad ætherias iter,
88 929 509 954 Pretiumque Regni vile, qnod votum ſupra
88 951 515 977 Magnificum. & ingens ille promiſfi memor
89 974 457 999 Cæſis tependet, eſe qui mortem nihil
89 997 554 1023 Docuit ferendo PR. Pergis ætemnâm obloqui?
9 1021 519 1049 240 Hunc rapere cefſas miles aliquando premat
89 1043 577 1068 Linguam hanc prncacem, mentis S vitio oblia,
87 1064 501 1095 Ta fraude temerè inducta ſacrilegi cohors
88 1089 494 1113 Simeouis, ecquid pœnam & exitium tihi
86 1111 433 1137 Arceſis ultro? ſolus occumbat fne
44 1132 479 1160 5 Qæ cæde meruit: cnjus ingentes Deos,
85 1157 517 1185 Salemq́us in lpſum fidermaæ andi decns.
494 1182 649 1219 Eâ â
