653 1257
110 40 603 68 SEDECIASTRAGOEDIA. 2
80 66 433 90 Decertant animum jungere funeri:
82 89 419 113 Manes innocuos inter, & Abrahæ
84 112 441 134 Exceptus patrio eſt parvulus in ſinu,
85 133 440 163 Securuſq́ue ſeri Nabuchodouoſos
39 155 266 184 455 Ævum lætus aglt.
84 178 418 204 Nec turpi Ioſias occubuit nece;
83 202 473 226 Quem non Rex animi tertuit impotent,
85 223 376 247 EIati tumidus nube ſupercili,
85 246 467 269 Non pendenie minax vulnere camniſex.
37 268 378 295 420 Aliò luctus vertite veſtros,
86 291 371 315 Alio planctus ; ſua juſta tulit
86 314 423 339 Larymaſq́ue puer de tribus unus.
120 336 411 361 Qualis cupido ſectus ab ungui
87 359 423 383 Flos veris honor (quem virgineæ
38 382 425 409 425 Carpſere manus, dum quæque ſibi
87 403 398 430 Sertum axguto pollice nectunt)
86 427 401 448 Cui ſia nondum forma receſſit,
86 450 391 476 Cui ſua ſenſim forma recedit;
86 473 404 497 Nec enim tellus jam mater alir:
38 495 340 521 4 Tulis veſtros pueri vultus
86 518 472 543 Nunc candor habet, cedenſq́ue genis
84 541 416 567 Detor extremus quiddam ſolito
86 565 400 589 Plus more micat; ceu ſupremo
84 589 368 613 Natura parens munere ſunus
39 611 386 640 45 Pignata, novos afflet honores.
118 635 372 653 Scilicet iſtæ timor armato
85 658 392 681 Meruere manus eſſe tyranno,
86 680 410 705 Vix benè balbâ voce parentum
88 703 408 729 Pappare infaus nomina doctus,
36 726 362 751 440 Sciltcet olim bella moveret.
88 749 426 775 Patriæ quærens ubi ſortè locus;
86 772 468 797 Sortiſ́ne memor quam noſſe nequit.
86 794 384 819 Si tamen æquum tollere cenſes
86 818 414 843 Quidquid poſſit metui quondam
36 841 410 866 445 Et idem juſtum tutumq́ue putas;
85 864 402 889 Evilmerodach, ieliquamq́ue ru
82 886 417 912 Spem tolle domus: hac lege licet,
83 909 381 934 Metui poſſunt. nempe Aſſyrius
81 933 431 958 Rex Sennacherib (dignus ab illo es
33 955 371 980 450 Terius heres) jugumum natis
83 978 406 1004 Dedit incautus; quaſq́ue tolebas
82 1001 367 1025 Cernuus aras, victima major
81 1025 248 1048 Sanguine ſparſit,.
114 1044 434 1070 Parcite longis turba ouerelis:
32 1066 373 1093 455 Fugit ardenti levis hora rotâ.
80 1092 376 1113 Nec niſi furtim licet eſſe piis.
79 1113 378 1137 Conferte ſuos oſiæ frarres,
79 1135 408 1159 Dona q́ue tumolo mittite raptim,
77 1160 382 1183 Qualin deceat mitrere captas
538 1174 606 1190 Non
349 1179 397 1197 Æ 2
