622 957
98 26 413 59 1s (0
94 59 546 90 debebus pro uloa hujus panni? Seνi. Preu
94 86 545 115 hoc merentori et ſarturi reliqul, melius in-
94 99 619 139 telligunt, quam ego. Bert. Omnino. Iter-
87 136 548 164 qοe eſt vir iduſtris. Nonter ſe ipſum deci-
90 161 481 193 plet. Vitul. Pergamus a ad ſocos.
191 210 478 245 Scena Quinta.
92 252 385 285 Vere Srib. Capr. Vitul
575 261 619 282 I
118 285 619 315 Cap. Heus doiul. non iſti M. mumm
92 311 619 337 Hireaſium fruſtra vbique illum per omnes te- o
92 336 547 365 bernes inquiro. Seris. Apud peoximum mer-
92 361 577 390 entorem Italum inoenies. Bert. Placeet præ-
92 385 583 413 edore, D. Cognate. Scrib. Iter amicos
91 404 619 440 non ſoleo diſputare de præccdendi præroga- I
92 441 176 474 s.
230 484 436 521 Scena Sexta.
193 532 254 562 Cpr.
93 560 619 594 Capr. Quàm felſum eſt, quod maer mihl ſeB
91 587 619 619 pius. dum domi adhue eτam, minitata eſt. ο
91 613 619 644 Eſpecta, dicebat ſæpius, exſpecte puer iu- I5
90 638 573 669 uiete. Dum proxio e ſartorum eyroelnio
90 663 619 690 tadideto, diſces quietem, & nffixus ſcamuo
90 687 619 712 tota die adnærere. Pelſiſſiτum hoc eſt, apud
90 712 619 742 Hircaſium tota die debeo currere. Nune ju-
89 738 619 763 beor ooire domos eivinn, & iuterrogare, I
89 763 619 793 ntrum nnll ſint illis veſtes vel conficiend,
89 787 619 818 vel reſarciendæ. Nune Iuſtrare jubeor hoſ-.
89 811 619 842 pitia, & taberuas, &, an nùlll, aut quales ii
89 830 619 873 iertnt ſtudioſi, explorere. Nuno - t. I
448 861 620 888 Seeni
98 890 128 904 .I
