<PcGts xmlns="http://schema.primaresearch.org/PAGE/gts/pagecontent/2019-07-15" xmlns:xsi="http://www.w3.org/2001/XMLSchema-instance" xsi:schemaLocation="http://schema.primaresearch.org/PAGE/gts/pagecontent/2019-07-15 http://schema.primaresearch.org/PAGE/gts/pagecontent/2019-07-15/pagecontent.xsd"><Metadata><Creator>User123</Creator><Created>2022-01-27T06:58:34</Created><LastChange>2022-01-27T06:58:34</LastChange></Metadata><Page imageFilename="0192.png" imageHeight="952" imageWidth="588"><TextRegion id="r0" type="paragraph"><Coords points="1,1 586,1 586,950 1,950"/><TextLine id="r0_l001"><Coords points="238,13 238,39 424,39 424,13 238,13"/><TextEquiv index="1"><Unicode>(0)</Unicode></TextEquiv></TextLine><TextLine id="r0_l002"><Coords points="101,21 101,47 168,47 168,21 101,21"/><TextEquiv index="1"><Unicode>1</Unicode></TextEquiv></TextLine><TextLine id="r0_l003"><Coords points="526,77 529,77 529,73 531,71 533,71 536,68 585,68 585,51 584,49 583,50 582,50 581,51 581,52 367,52 366,51 111,51 110,51 110,48 110,47 109,48 109,51 102,51 101,52 97,52 96,53 96,54 97,55 97,71 98,71 255,71 256,72 378,72 378,73 378,75 379,75 525,75 525,76 525,77 526,77"/><TextEquiv index="1"><Unicode>Iulonem mone, Btrndi patrem. Hneip-</Unicode></TextEquiv></TextLine><TextLine id="r0_l004"><Coords points="220,100 415,100 416,99 585,99 585,77 584,75 583,75 582,76 582,77 328,77 326,76 326,75 326,74 325,75 226,75 225,76 169,76 168,77 100,77 99,78 98,78 97,79 97,80 96,81 96,83 94,85 94,86 95,87 95,95 96,95 219,95 219,96 219,100 220,100"/><TextEquiv index="1"><Unicode>ſus veniat viſurns, quàm egregium edurit</Unicode></TextEquiv></TextLine><TextLine id="r0_l005"><Coords points="482,133 483,133 483,129 484,128 523,128 524,127 527,127 528,126 528,122 529,121 542,121 542,120 544,118 585,118 585,117 584,116 584,109 583,107 580,107 579,107 579,101 578,99 577,99 574,102 574,106 363,106 362,106 362,105 362,104 257,104 256,104 256,102 256,101 255,101 254,100 194,100 193,101 104,101 103,102 100,102 99,103 98,103 97,104 97,105 96,106 96,120 97,120 98,120 99,121 107,121 107,122 107,126 108,126 108,124 109,123 275,123 275,124 275,125 276,125 280,125 281,124 479,124 480,125 482,125 482,126 482,133"/><TextEquiv index="1"><Unicode>linm. Citò, inquem, enrre, me, ge. h</Unicode></TextEquiv></TextLine><TextLine id="r0_l006"><Coords points="586,144 586,126 544,126 544,144 586,144"/><TextEquiv index="1"><Unicode>ſe</Unicode></TextEquiv></TextLine><TextLine id="r0_l007"><Coords points="230,150 230,177 412,177 412,150 230,150"/><TextEquiv index="1"><Unicode>Scena Nona.</Unicode></TextEquiv></TextLine><TextLine id="r0_l008"><Coords points="93,189 93,221 403,221 403,189 93,189"/><TextEquiv index="1"><Unicode>Hircaſius. Aoparitor.</Unicode></TextEquiv></TextLine><TextLine id="r0_l009"><Coords points="505,249 509,249 510,248 512,248 513,247 513,246 514,245 514,244 515,243 533,243 534,242 535,242 535,241 537,239 542,239 543,238 543,237 542,235 537,235 536,235 536,232 534,230 534,229 533,227 530,227 529,228 502,228 501,228 501,225 501,224 495,224 494,224 494,223 493,221 492,222 492,224 491,225 491,230 458,230 457,229 450,229 449,228 433,228 432,228 432,226 431,224 430,224 429,224 429,223 429,222 428,223 428,229 378,229 377,229 377,228 376,227 376,226 376,225 375,225 374,225 374,224 374,223 372,225 372,229 351,229 350,230 333,230 332,230 332,225 332,224 329,224 328,225 328,230 306,230 305,229 296,229 291,224 290,224 289,223 262,223 261,223 261,222 261,221 260,221 259,222 259,229 249,229 248,228 201,228 200,228 200,226 199,224 197,224 196,225 185,225 183,227 183,231 150,231 148,229 145,229 144,229 144,227 143,225 139,225 138,224 126,224 125,223 124,223 121,226 121,234 120,235 120,238 119,239 119,240 118,240 116,242 118,243 158,243 159,244 160,243 195,243 196,242 230,242 230,243 230,249 231,249 233,249 233,243 234,242 384,242 384,243 384,247 385,247 386,247 387,248 399,248 400,247 400,244 401,243 419,243 420,242 446,242 446,243 446,247 447,247 447,243 448,242 467,242 467,243 467,245 468,245 471,245 474,242 502,242 502,243 502,248 503,248 504,248 505,249"/><TextEquiv index="1"><Unicode>Hie. Tu veò Domine Apparitor, digne-</Unicode></TextEquiv></TextLine><TextLine id="r0_l010"><Coords points="294,273 295,273 296,272 296,268 297,267 477,267 477,268 477,270 478,270 544,270 544,269 543,268 543,266 544,265 585,265 585,244 585,243 582,243 581,243 581,242 581,241 580,242 580,249 327,249 326,248 291,248 290,249 219,249 218,250 102,250 101,251 101,254 93,254 92,255 92,256 90,258 91,259 91,268 92,268 292,268 292,269 292,272 294,273"/><TextEquiv index="1"><Unicode>τs mecum hi eſpectere non nihil, du I</Unicode></TextEquiv></TextLine><TextLine id="r0_l011"><Coords points="117,299 119,299 119,294 120,293 322,293 322,294 322,297 323,297 484,297 485,298 487,298 488,297 489,297 490,296 490,293 491,292 541,292 542,291 584,291 584,290 543,290 542,290 542,289 540,287 540,286 540,285 536,285 535,285 535,276 535,275 467,275 466,275 466,274 466,273 460,273 459,274 217,274 216,275 98,275 97,276 97,281 94,281 93,282 92,282 91,283 91,284 90,285 90,291 92,292 93,292 94,293 115,293 115,294 115,298 117,299"/><TextEquiv index="1"><Unicode>eprehenderimus hos potatores in fagranti-</Unicode></TextEquiv></TextLine><TextLine id="r0_l012"><Coords points="426,324 427,324 428,323 437,323 438,322 439,322 440,321 585,321 585,320 584,319 584,305 584,304 542,304 541,303 540,303 539,302 417,302 416,302 416,301 415,299 307,299 306,298 302,298 301,299 109,299 108,300 107,300 106,301 106,302 100,308 99,308 94,313 90,313 89,314 89,315 88,316 88,317 89,317 90,317 91,318 101,318 101,319 101,323 103,324 184,324 184,321 185,320 189,320 426,320 426,321 426,324"/><TextEquiv index="1"><Unicode>App. Quid ad me, ſi in tabernis potent, ant</Unicode></TextEquiv></TextLine><TextLine id="r0_l013"><Coords points="580,347 585,347 585,337 584,335 582,335 581,335 581,330 581,329 526,329 525,329 525,325 525,324 524,324 523,323 218,323 217,324 179,324 178,325 92,325 91,326 91,327 90,328 90,329 89,330 89,332 88,333 88,342 90,343 156,343 157,342 311,342 311,343 311,346 312,346 313,346 315,344 315,343 316,342 579,342 579,343 579,347 580,347"/><TextEquiv index="1"><Unicode>ſalritent ſtudloſi ? nil iuris mihi in ſtudioſos</Unicode></TextEquiv></TextLine><TextLine id="r0_l014"><Coords points="139,374 142,374 142,369 143,368 203,368 204,367 462,367 462,368 462,370 463,370 580,370 580,371 580,372 581,372 585,372 585,356 583,354 583,353 583,352 514,352 513,352 513,349 513,348 261,348 260,347 259,348 253,348 252,349 185,349 184,350 106,350 105,351 103,351 101,353 101,356 93,356 92,357 91,357 88,360 88,364 89,365 89,366 92,368 117,368 117,369 117,371 119,372 137,372 139,374"/><TextEquiv index="1"><Unicode>eſt, poteſtatis nihil. Ad ſolos eives, ſi for</Unicode></TextEquiv></TextLine><TextLine id="r0_l015"><Coords points="122,399 129,399 130,398 131,398 131,397 132,396 132,395 133,394 393,394 393,395 393,397 394,397 394,393 395,392 580,392 580,393 580,397 581,397 585,397 585,380 583,377 519,377 518,377 518,376 517,374 516,374 515,374 515,372 515,371 513,371 512,372 451,372 450,373 367,373 366,374 103,374 102,375 101,375 100,376 100,380 89,380 87,382 87,383 88,384 88,391 90,392 91,392 92,393 100,393 100,394 100,398 101,398 121,398 122,399"/><TextEquiv index="1"><Unicode>tè grotiter rixentur, mea ſe extendit auco.</Unicode></TextEquiv></TextLine><TextLine id="r0_l016"><Coords points="138,425 139,425 139,420 140,419 308,419 308,418 309,417 427,417 427,418 427,422 429,423 431,423 432,422 432,420 433,419 581,419 581,420 581,421 583,422 585,422 585,411 584,410 584,407 583,406 583,405 583,404 533,404 532,404 532,402 531,401 531,400 531,399 530,399 529,398 528,398 527,399 402,399 401,398 312,398 311,397 308,397 307,398 238,398 237,399 177,399 176,400 99,400 97,402 97,403 88,403 87,404 87,406 86,407 86,417 88,418 131,418 132,419 137,419 137,420 137,425 138,425"/><TextEquiv index="1"><Unicode>rits. Hire. Teſtis ſaltem eſſe poteris, &amp;</Unicode></TextEquiv></TextLine><TextLine id="r0_l017"><Coords points="584,454 585,454 585,436 585,435 534,435 533,435 533,433 532,432 532,430 531,429 531,428 529,425 528,425 527,424 520,424 519,423 319,423 318,422 315,422 314,423 89,423 88,424 87,424 86,425 86,442 87,442 90,442 91,443 93,443 94,442 192,442 193,441 404,441 404,442 404,447 405,447 584,447 584,448 584,454"/><TextEquiv index="1"><Unicode>Domiοo eonſuli viſa referre.App. Neque D.</Unicode></TextEquiv></TextLine><TextLine id="r0_l018"><Coords points="583,471 585,473 585,455 585,454 528,454 526,452 494,452 493,452 493,451 492,449 469,449 468,448 240,448 239,447 238,448 128,448 127,449 124,449 123,450 123,451 122,452 122,454 100,454 99,455 89,455 88,456 87,456 85,458 85,464 87,466 87,467 88,467 112,467 112,468 112,473 113,473 200,473 200,467 201,466 215,466 447,466 447,467 447,470 448,470 534,470 535,471 583,471"/><TextEquiv index="1"><Unicode>conſul ſe ſtuioſorum cauſis immiſtet; habent,</Unicode></TextEquiv></TextLine><TextLine id="r0_l019"><Coords points="93,498 94,498 95,497 242,497 243,496 328,496 328,495 329,494 329,493 331,491 517,491 518,492 584,492 584,493 584,497 585,497 585,487 585,486 539,486 538,486 538,484 538,483 531,483 530,483 530,482 529,480 523,480 522,479 517,479 516,478 493,478 492,478 492,475 491,473 389,473 388,472 256,472 255,471 254,471 252,473 147,473 146,474 113,474 111,476 111,478 88,478 86,480 86,483 85,484 85,485 84,486 84,487 85,488 85,489 88,491 89,491 90,492 92,492 92,493 92,498 93,498"/><TextEquiv index="1"><Unicode>pui illis invigilet, gymnaſiarcham ſuum-</Unicode></TextEquiv></TextLine><TextLine id="r0_l020"><Coords points="477,521 478,522 479,521 479,517 480,516 530,516 530,515 531,514 541,514 542,513 585,513 585,512 585,511 543,511 541,509 539,509 538,508 530,508 529,508 529,507 528,505 516,505 515,504 433,504 431,502 420,502 419,502 419,499 418,497 227,497 226,498 90,498 89,499 88,499 87,500 87,509 86,510 86,513 85,514 84,514 83,515 83,517 84,517 307,517 307,518 307,519 308,519 397,519 397,520 397,521 398,521 477,521"/><TextEquiv index="1"><Unicode>Hire. Si non ſtudioſos, tamen ipſorum paren-</Unicode></TextEquiv></TextLine><TextLine id="r0_l021"><Coords points="169,548 173,548 174,547 175,547 176,546 388,546 388,544 389,543 585,543 585,537 585,536 540,536 538,535 538,534 538,533 532,533 531,533 531,530 531,529 529,529 528,528 504,528 503,528 503,524 503,523 464,523 463,522 357,522 356,523 225,523 224,524 162,524 160,526 160,527 85,527 84,528 84,530 83,531 83,533 84,534 84,541 86,542 166,542 166,543 166,546 169,548"/><TextEquiv index="1"><Unicode>tes cortigere, &amp; punire conſul poteſt, &amp; debet.</Unicode></TextEquiv></TextLine><TextLine id="r0_l022"><Coords points="96,574 98,574 98,568 99,567 184,567 185,566 379,566 379,567 379,570 381,571 389,571 389,570 390,569 390,568 392,566 452,566 453,565 529,565 529,564 530,563 540,563 541,562 585,562 585,561 585,560 541,560 539,558 529,558 528,558 528,557 527,555 514,555 513,554 486,554 485,553 478,553 477,553 477,549 477,548 465,548 464,547 456,547 455,546 454,547 85,547 82,550 82,566 84,567 95,567 95,568 95,574 96,574"/><TextEquiv index="1"><Unicode>Parentes enim talia ſuis indulgentes filiis ma-</Unicode></TextEquiv></TextLine><TextLine id="r0_l023"><Coords points="210,598 214,598 214,595 215,594 215,595 215,596 217,597 218,596 219,596 219,592 220,591 230,591 231,590 279,590 279,591 279,595 281,596 281,591 282,590 285,590 286,589 319,589 320,590 343,590 344,591 346,589 346,583 347,582 378,582 378,583 378,589 379,589 395,589 396,590 406,590 407,591 409,591 410,590 434,590 434,591 434,594 435,594 438,594 440,592 440,591 441,590 506,590 507,591 525,591 527,589 528,589 529,588 537,588 538,587 539,587 539,585 538,583 536,583 535,583 535,582 535,581 529,581 528,581 528,580 528,579 526,579 525,579 525,577 525,576 501,576 500,575 480,575 479,575 479,573 479,572 462,572 461,571 460,571 459,572 459,574 458,575 458,576 457,577 433,577 432,576 431,577 402,577 401,577 401,575 401,574 398,574 396,572 355,572 354,571 353,572 320,572 319,571 298,571 297,572 295,572 294,573 274,573 273,574 273,578 241,578 240,578 240,576 239,575 239,574 239,573 237,573 236,574 236,579 187,579 186,578 185,578 184,579 158,579 157,579 157,575 157,574 141,574 140,575 140,579 100,579 99,579 99,576 98,574 96,574 95,575 95,577 88,577 87,578 86,578 85,579 85,581 84,581 83,582 83,583 82,584 82,597 84,598 92,598 93,597 94,597 94,596 95,595 95,593 96,592 134,592 135,591 154,591 177,591 178,592 191,592 191,593 191,594 192,594 209,594 209,595 209,598 210,598"/><TextEquiv index="1"><Unicode>gs rei ſunt, quàm ipſi filli. uat, bat no-</Unicode></TextEquiv></TextLine><TextLine id="r0_l024"><Coords points="252,622 273,622 273,616 274,615 332,615 332,616 332,618 333,618 334,618 335,617 335,616 336,615 468,615 469,616 482,616 482,617 482,618 483,618 485,618 488,615 535,615 536,614 537,614 538,613 538,605 538,604 537,604 536,604 536,602 536,601 535,602 535,603 509,603 508,603 508,598 508,597 507,597 506,596 505,596 503,598 503,603 428,603 427,604 390,604 389,603 364,603 363,603 363,597 363,596 359,596 358,597 358,603 357,603 356,604 328,604 326,602 325,602 324,603 281,603 280,603 280,601 280,600 257,600 256,601 256,602 255,603 215,603 214,603 214,599 214,598 210,598 209,599 209,604 208,604 207,605 174,605 173,604 151,604 150,604 150,603 149,602 149,601 147,598 137,598 136,599 136,605 98,605 97,605 97,602 95,599 94,599 93,600 91,600 90,601 88,601 87,602 87,604 85,606 85,607 84,608 84,610 83,611 83,614 82,615 82,618 78,618 77,619 77,622 78,622 83,622 83,621 84,620 84,619 86,617 92,617 93,616 134,616 135,617 136,616 208,616 209,615 250,615 250,616 250,621 252,622"/><TextEquiv index="1"><Unicode>ſe Du dum potamus, dum</Unicode></TextEquiv></TextLine><TextLine id="r0_l025"><Coords points="81,646 83,647 86,644 86,643 87,642 170,642 170,643 170,645 171,645 172,645 173,644 174,644 175,643 175,642 176,641 212,641 213,640 243,640 243,641 243,644 244,644 248,644 249,643 249,642 251,640 332,640 332,641 332,643 333,643 336,643 339,640 377,640 377,641 377,645 379,646 383,646 383,642 385,640 489,640 489,641 489,645 490,645 493,645 496,642 496,641 497,640 529,640 530,641 531,640 534,640 536,638 536,633 538,631 538,629 537,628 537,627 535,624 508,624 506,622 505,622 504,623 502,623 500,625 500,626 499,627 499,628 472,628 470,626 452,626 451,626 451,623 451,622 450,622 449,623 449,624 448,625 448,626 447,627 447,628 412,628 411,628 411,627 410,626 410,624 409,622 407,624 407,628 368,628 367,628 367,626 366,625 366,624 366,623 365,623 364,624 363,624 361,626 360,626 359,627 359,629 356,632 356,634 329,634 328,634 328,629 327,627 281,627 279,625 274,625 273,625 273,623 273,622 256,622 255,623 254,623 253,624 253,625 251,627 251,628 207,628 206,628 206,624 205,622 201,622 200,623 200,629 199,629 198,630 197,630 195,632 195,633 193,635 167,635 166,635 166,630 166,629 163,629 162,630 119,630 118,629 97,629 96,629 96,626 95,624 90,624 87,627 87,628 84,631 83,631 82,632 82,643 81,644 81,646"/><TextEquiv index="1"><Unicode>funtamus, dum ſoltamus, qudi lta fluit</Unicode></TextEquiv></TextLine><TextLine id="r0_l026"><Coords points="118,670 194,670 195,669 196,669 197,668 197,667 198,666 300,666 301,665 325,665 500,665 501,666 510,666 511,665 528,665 528,663 529,662 537,662 537,661 538,660 537,659 537,658 537,657 527,657 526,657 526,654 526,653 509,653 507,652 507,650 506,648 446,648 445,647 444,647 443,646 358,646 357,647 242,647 241,646 221,646 219,648 219,649 91,649 90,648 88,648 87,649 86,649 85,650 85,653 84,654 84,656 83,657 83,659 81,661 81,662 79,664 79,665 80,666 80,667 81,667 116,667 116,668 116,669 118,670"/><TextEquiv index="1"><Unicode>Iux, viut, bibat uoſler Dux. Hire. Au-</Unicode></TextEquiv></TextLine><TextLine id="r0_l027"><Coords points="453,696 456,696 456,691 457,690 523,690 524,691 530,691 531,692 531,691 532,690 535,690 536,689 536,686 535,684 530,684 529,684 529,680 528,678 526,678 525,677 520,677 519,677 519,674 518,672 516,672 514,674 514,677 461,677 460,676 445,676 444,676 444,674 443,672 439,676 438,676 436,678 411,678 410,678 410,676 409,675 409,674 409,673 408,673 407,672 405,672 403,674 403,677 391,677 390,678 366,678 365,678 365,677 364,676 364,675 364,674 360,674 359,673 358,673 357,674 357,677 329,677 328,677 328,676 328,675 325,678 281,678 280,678 280,675 278,672 272,672 270,674 270,677 264,677 263,678 248,678 247,678 247,677 247,676 224,676 223,676 223,675 222,673 221,673 220,672 219,672 218,673 216,673 214,675 214,680 212,682 184,682 183,682 183,681 183,680 182,680 181,679 171,679 170,678 150,678 149,678 149,674 149,673 147,673 145,675 145,679 119,679 118,679 118,676 117,674 109,674 108,673 105,673 104,674 88,674 87,675 87,680 82,680 81,681 81,682 80,683 80,688 81,689 81,690 83,691 84,691 85,692 130,692 131,691 167,691 168,692 187,692 187,693 187,694 188,694 190,694 191,693 192,693 192,692 193,691 251,691 251,692 251,696 252,696 256,696 256,690 257,689 331,689 332,690 333,689 388,689 389,690 406,690 407,689 436,689 437,690 441,690 441,691 441,695 442,695 452,695 453,696"/><TextEquiv index="1"><Unicode>iſti hæe, &amp; quibus auritus tApp. meis.</Unicode></TextEquiv></TextLine><TextLine id="r0_l028"><Coords points="510,722 511,722 511,720 512,719 531,719 532,718 533,718 536,715 536,712 535,711 535,710 534,708 529,708 528,708 528,707 527,706 527,705 526,703 523,703 522,702 513,702 512,702 512,701 511,700 511,698 511,697 506,697 505,696 325,696 324,695 323,696 151,696 150,697 150,698 86,698 84,700 84,712 83,713 83,714 81,714 80,715 80,716 81,716 120,716 121,717 132,717 132,718 132,721 133,721 186,721 187,722 264,722 264,716 265,715 510,715 510,716 510,722"/><TextEquiv index="1"><Unicode>Hic. Et quid tmndem ſentis de lureone illo,</Unicode></TextEquiv></TextLine><TextLine id="r0_l029"><Coords points="21,746 458,746 458,741 459,740 536,740 536,732 535,731 535,730 534,728 532,728 531,727 519,727 518,727 518,726 518,725 514,725 513,725 513,724 512,722 398,722 397,721 265,721 264,722 234,722 233,723 90,723 89,724 88,724 87,725 87,729 83,729 81,731 81,732 80,733 80,740 82,741 84,741 85,742 213,742 215,744 457,744 457,745 21,745 20,746 21,746"/><TextEquiv index="1"><Unicode>e Bertrando, lenionis noſtrt filio hic enim</Unicode></TextEquiv></TextLine><TextLine id="r0_l030"><Coords points="82,773 100,773 100,768 101,767 130,767 131,766 174,766 175,765 481,765 481,766 481,768 482,768 483,768 484,767 485,767 486,766 534,766 534,765 535,764 538,764 538,763 539,762 542,762 541,761 541,756 541,755 538,755 536,753 535,753 534,752 533,752 532,751 521,751 520,751 520,748 520,747 507,747 506,746 327,746 326,747 166,747 165,748 121,748 117,752 117,753 83,753 82,754 81,754 79,756 79,772 80,772 81,772 82,773"/><TextEquiv index="1"><Unicode>pæſes eſt tam venerandi eætus. Hi, h</Unicode></TextEquiv></TextLine><TextLine id="r0_l031"><Coords points="178,797 179,797 180,796 180,792 181,791 201,791 202,790 249,790 250,789 308,789 309,790 338,790 339,789 385,789 385,790 385,792 386,792 387,792 388,791 389,791 391,789 428,789 429,790 447,790 448,789 479,789 480,790 491,790 492,789 525,789 526,790 534,790 535,789 535,785 536,784 543,784 544,783 544,782 538,782 537,782 537,779 536,777 529,777 528,776 510,776 509,776 509,774 508,773 508,772 508,771 501,771 499,773 499,774 498,775 474,775 473,776 473,777 453,777 452,776 445,776 444,775 432,775 431,775 431,773 430,771 410,771 408,773 408,780 382,780 381,780 381,778 381,777 380,777 379,777 379,776 378,774 377,774 376,775 350,775 349,775 349,773 348,771 347,771 345,773 345,776 313,776 311,774 310,775 310,776 309,777 258,777 257,777 257,773 257,772 255,772 253,774 253,777 237,777 236,776 227,776 226,777 185,777 184,778 148,778 147,778 147,776 146,775 146,774 145,772 142,775 142,779 138,779 137,780 137,781 136,782 136,784 135,785 105,785 104,785 104,779 104,778 103,778 102,778 102,776 101,775 101,774 101,773 95,773 90,778 83,778 82,779 82,780 81,780 80,781 80,782 79,783 79,787 82,790 82,793 83,793 83,792 84,791 109,791 109,792 109,794 111,795 112,794 113,794 116,791 176,791 176,792 176,794 177,794 178,794 178,795 178,797"/><TextEquiv index="1"><Unicode>et, de quo eecinere vlvut, bibat nſte</Unicode></TextEquiv></TextLine><TextLine id="r0_l032"><Coords points="182,821 184,821 184,817 185,816 197,816 198,815 240,815 241,814 275,814 275,815 275,820 276,820 280,820 280,815 281,814 420,814 420,815 420,818 421,818 423,818 424,817 425,817 425,816 427,814 429,814 429,815 429,820 430,820 431,820 431,815 432,814 534,814 535,813 536,813 537,812 537,806 538,805 542,805 542,804 538,804 537,803 536,803 534,801 504,801 503,802 477,802 475,800 453,800 452,801 452,802 442,802 441,803 415,803 414,802 413,802 412,801 382,801 380,799 379,799 378,800 349,800 347,802 328,802 327,802 327,797 327,796 324,796 323,797 323,800 317,800 316,801 293,801 292,801 292,797 292,796 253,796 251,798 251,800 250,801 250,802 224,802 223,802 223,800 221,797 220,797 219,798 219,799 218,800 218,801 217,802 217,803 190,803 189,803 189,802 188,800 172,800 171,800 171,799 171,798 169,798 167,800 166,800 165,801 165,802 164,803 164,804 163,804 160,807 159,807 158,808 158,810 157,811 156,811 154,813 128,813 127,813 127,811 127,810 123,810 122,810 122,804 121,802 96,802 95,802 95,800 95,799 94,799 93,798 90,798 89,797 80,797 78,799 78,814 80,815 84,815 85,816 89,816 90,815 126,815 127,814 154,814 155,815 169,815 169,816 169,820 170,820 181,820 182,821"/><TextEquiv index="1"><Unicode>Dx. App. An ſuſicatis tetum, an cerens</Unicode></TextEquiv></TextLine><TextLine id="r0_l033"><Coords points="221,848 280,848 280,845 281,844 351,844 351,840 352,839 534,839 535,838 540,838 540,837 538,837 537,837 537,835 536,834 536,829 534,826 510,826 509,826 509,825 508,824 508,822 508,821 435,821 434,820 129,820 128,821 127,821 126,822 104,822 103,823 103,826 93,826 91,828 82,828 81,829 80,829 79,830 79,831 78,832 78,837 80,839 80,840 81,840 83,840 84,841 220,841 220,842 220,848 221,848"/><TextEquiv index="1"><Unicode>e Hire. Pusquls certus ſum. Bertmandus</Unicode></TextEquiv></TextLine><TextLine id="r0_l034"><Coords points="487,847 487,868 538,868 538,847 487,847"/><TextEquiv index="1"><Unicode>eſt,</Unicode></TextEquiv></TextLine><TextLine id="r0_l035"><Coords points="81,882 81,898 286,898 286,882 81,882"/><TextEquiv index="1"><Unicode>Camn intre ſcenam</Unicode></TextEquiv></TextLine></TextRegion></Page></PcGts>