589 959
166 16 347 49 R ( 8
452 24 484 43 i3
6 51 487 84 Ieſt, & uτ illo, quod, τiot, etim ſeriba.
6 81 487 107 l. App. Ego non mirarer. Hire. Dixi, certus
6 103 486 132 ] ſum ex.iis. uæ prius a ipſo Bettrando ad
5 131 484 157 ] ſeribam dicta accepi. Et eccl puer Cella-
4 156 485 188 rius hujus tabern. Ex hoc piura expiſcabor.
156 204 363 233 Scena Decima.
10 246 430 281 Hircaſuus. Apparitor. Cellarius.
10 280 486 309 Hire. Læi ſunt veſtri hoſpites. Cli. Hae
1 306 486 334 de cauſa ad nos acedunt, ut lti ſint, &
1 332 486 357 Hlares. Hire. Præſercim D. Seriba, & D.
1 357 486 385 Bertrandus. Cell. Quis iſte Bertranus? Hirc.
1 381 486 409 Ltnionis filius, Dux. & coryphæus nunquid
1 408 486 434 Hie totius agminie Celt. Recens ad obſequit
1 433 486 458 Caapont hujus aſſumptus ſum. Haud nov
1 457 487 485 hoſpites, & ſi noſſem, candide dico, tibl
1 484 485 508 non proderem. Quid enim ad te Lanionis
1 507 485 533 . ius lmò ſi ipſe filius tuus in hac caupons
1 532 486 558 eſet, tibi no dicerem. Hire. Filius meus
1 557 484 583 vitat hoſpitia, òt dæmon crueem. Ap. Pi-
9 581 430 614 Ieatns es quid cepiſti, nepe naſum.
141 625 381 655 Scena Indecima.
9 660 435 703 Hircaſius. Apparitor. Capreolus.
9 701 485 730 Hire. Quld eſt Capreole, an monuiſti la-
8 729 525 756 mionem Cap. It jufſeras, omna narravi,
6 754 520 782 etiam amplificuvi. Hire. Et quid ud hc il-
5 779 493 806 Iue? num venlet viſurus ipſe. Cp. Non
4 803 486 834 oredo, venturum. Hie. Non? quid ergo
4 828 485 855 reſpondit Capr. Nibil. Sed ad relats riſit,
4 853 485 879 nt vi non rumperetur, & ſe i eubiculum
423 883 486 913 ſnums
