<PcGts xmlns="http://schema.primaresearch.org/PAGE/gts/pagecontent/2019-07-15" xmlns:xsi="http://www.w3.org/2001/XMLSchema-instance" xsi:schemaLocation="http://schema.primaresearch.org/PAGE/gts/pagecontent/2019-07-15 http://schema.primaresearch.org/PAGE/gts/pagecontent/2019-07-15/pagecontent.xsd"><Metadata><Creator>User123</Creator><Created>2022-01-27T06:58:34</Created><LastChange>2022-01-27T06:58:34</LastChange></Metadata><Page imageFilename="0195.png" imageHeight="953" imageWidth="582"><TextRegion id="r0" type="paragraph" orientation="-0.375"><Coords points="1,1 580,1 580,951 1,951"/><TextLine id="r0_l001"><Coords points="179,23 179,49 360,50 360,24 179,23"/><TextEquiv index="1"><Unicode>s (0</Unicode></TextEquiv></TextLine><TextLine id="r0_l002"><Coords points="464,29 464,51 505,51 505,29 464,29"/><TextEquiv index="1"><Unicode>195</Unicode></TextEquiv></TextLine><TextLine id="r0_l003"><Coords points="1,66 1,68 8,68 9,69 9,78 10,79 10,81 12,81 13,80 18,80 19,80 19,79 19,78 48,78 49,78 49,76 49,75 163,76 164,77 165,77 166,78 167,78 168,78 168,77 168,76 181,76 182,77 182,84 212,84 213,83 214,83 215,83 224,83 225,82 225,78 237,78 238,77 289,77 290,77 290,80 290,81 292,81 295,78 320,78 321,77 464,78 465,79 466,78 497,78 498,78 498,71 500,69 500,65 499,64 499,63 497,61 495,61 494,60 493,60 492,62 492,65 491,65 461,65 460,64 459,65 430,65 429,64 364,63 364,59 363,58 360,58 359,59 344,59 341,63 341,65 340,65 310,65 309,64 276,64 276,63 276,60 274,59 252,59 251,60 251,61 250,62 212,61 211,60 210,60 197,73 168,73 166,71 162,71 162,67 161,66 161,65 160,64 159,64 158,63 131,63 131,62 131,58 130,58 126,58 126,60 125,61 58,60 58,51 57,50 55,50 55,51 55,56 54,56 46,56 45,58 45,62 46,63 46,71 44,73 44,77 43,77 14,77 14,76 13,75 13,59 14,58 14,55 15,54 15,49 16,48 16,45 15,44 10,44 10,45 10,46 9,46 6,46 5,48 5,49 4,49 1,49 1,50 1,53 7,53 8,54 8,65 7,65 1,65 1,66"/><TextEquiv index="1"><Unicode>Bertrandu. App. Vis, conſulem moneam?</Unicode></TextEquiv></TextLine><TextLine id="r0_l004"><Coords points="309,109 310,109 310,103 311,102 465,103 465,104 465,109 466,109 470,109 470,104 471,103 496,103 497,102 498,102 499,101 499,98 498,97 499,92 497,90 445,90 445,87 443,85 395,85 394,84 251,83 250,84 13,82 12,81 10,81 9,82 4,82 4,83 4,86 5,87 5,88 8,88 9,89 8,98 9,99 9,107 10,107 14,107 15,106 87,107 89,105 212,105 213,104 213,103 215,102 220,102 308,102 308,103 308,109 309,109"/><TextEquiv index="1"><Unicode>] &amp; quid viderim, teſter? Hirc. ſum Ipos</Unicode></TextEquiv></TextLine><TextLine id="r0_l005"><Coords points="1,114 1,134 2,134 3,133 3,119 4,118 6,118 6,119 6,123 7,123 11,123 11,124 11,131 12,131 13,131 13,129 14,128 178,129 178,130 178,132 180,133 183,133 183,131 184,130 266,131 266,130 266,128 268,127 499,128 500,127 500,125 499,124 499,111 498,109 477,109 476,110 305,109 304,108 302,108 301,109 117,108 116,107 115,107 114,108 9,107 8,108 8,113 1,113 1,114"/><TextEquiv index="1"><Unicode>mei, ſum impos mel, telis filius meusl ſed</Unicode></TextEquiv></TextLine><TextLine id="r0_l006"><Coords points="1,136 1,143 10,143 10,144 10,154 12,155 113,156 113,157 114,158 115,157 269,158 270,157 375,158 375,157 375,155 376,155 385,155 385,154 385,153 386,153 497,153 499,151 499,150 500,149 500,145 499,144 499,143 499,142 498,142 496,140 481,140 480,140 480,136 480,135 240,134 239,134 239,138 239,139 58,137 57,137 57,133 57,132 56,132 55,131 12,131 10,133 3,133 1,136"/><TextEquiv index="1"><Unicode>fexo, patrem non impune deceperit. Debo</Unicode></TextEquiv></TextLine><TextLine id="r0_l007"><Coords points="1,152 1,168 9,168 9,169 9,173 10,174 10,178 99,179 100,179 100,180 100,181 201,181 202,182 202,183 336,184 337,183 460,184 462,183 462,179 462,178 488,178 489,178 489,176 489,175 497,175 498,174 499,174 500,174 500,171 500,170 492,170 491,170 491,167 490,165 372,165 371,164 371,160 14,157 13,157 13,156 13,155 12,155 11,154 4,154 3,154 3,152 3,151 1,151 1,152"/><TextEquiv index="1"><Unicode>exemplum vrbi, pt vident, quid agere opor-</Unicode></TextEquiv></TextLine><TextLine id="r0_l008"><Coords points="1,183 1,193 2,194 2,202 10,202 11,203 96,204 98,206 208,206 209,207 210,207 211,208 212,207 312,208 314,206 370,207 371,206 464,206 465,206 465,204 465,203 500,203 501,203 501,201 500,200 500,194 499,193 499,192 498,191 497,191 496,190 450,190 450,187 448,185 436,185 435,184 372,184 371,183 370,184 369,184 368,185 319,184 318,185 317,185 316,186 315,186 313,188 149,187 149,184 148,183 13,182 13,180 11,178 10,178 9,180 9,182 8,182 1,182 1,183"/><TextEquiv index="1"><Unicode>tent genulum patrem. Si dellcta filii non</Unicode></TextEquiv></TextLine><TextLine id="r0_l009"><Coords points="1,207 1,218 9,218 10,219 10,230 14,230 15,231 60,231 61,232 62,233 63,232 275,233 276,234 277,234 278,233 472,234 474,233 474,229 474,228 491,228 493,227 493,226 493,225 500,225 501,225 501,224 500,223 500,222 498,220 497,220 496,219 492,219 492,217 490,215 452,215 452,213 450,211 450,210 449,209 326,208 325,209 13,207 13,204 12,203 3,203 2,202 2,203 2,206 1,206 1,207"/><TextEquiv index="1"><Unicode>Impedivi, quæ ignoravi, ſaltem ſeverè pu-</Unicode></TextEquiv></TextLine><TextLine id="r0_l010"><Coords points="1,233 1,244 10,244 11,246 11,253 12,253 127,254 127,256 128,257 272,258 273,259 274,259 274,258 274,254 275,254 438,255 438,254 438,253 439,253 500,253 500,252 501,251 501,250 501,249 500,249 499,249 500,241 499,240 498,240 497,239 449,239 449,237 446,234 323,233 322,234 17,232 16,231 15,231 14,230 10,230 9,231 3,231 2,232 1,232 1,233"/><TextEquiv index="1"><Unicode>niam, quæ no modò delict. Interi t</Unicode></TextEquiv></TextLine><TextLine id="r0_l011"><Coords points="1,259 1,268 2,269 9,269 9,270 9,275 10,275 11,275 11,276 11,279 12,280 12,281 13,281 14,281 15,280 82,281 83,280 101,280 303,281 304,282 305,282 306,283 361,283 362,282 364,282 365,281 365,278 366,277 488,278 489,277 490,277 490,276 491,275 499,275 500,274 501,274 501,272 499,269 492,269 491,269 491,268 489,265 480,265 479,265 479,261 478,259 16,256 15,256 15,254 15,253 12,253 11,254 6,254 5,255 5,256 3,256 1,259"/><TextEquiv index="1"><Unicode>Capreoſe curre, fabrũmque lignarium in do-</Unicode></TextEquiv></TextLine><TextLine id="r0_l012"><Coords points="1,283 1,293 5,293 5,294 5,303 6,303 11,303 12,304 15,304 15,303 16,302 207,303 208,304 213,304 213,305 213,308 214,308 214,306 215,306 337,306 338,305 494,306 495,305 496,305 497,304 498,304 498,299 499,298 497,295 486,295 485,295 485,292 484,290 475,290 474,289 460,289 459,289 459,285 459,284 457,284 456,285 296,284 295,285 281,285 279,286 279,288 279,289 15,287 14,287 14,282 14,281 12,281 11,282 1,282 1,283"/><TextEquiv index="1"><Unicode>] πum meam evoęn. Afferat ſecum trabes,</Unicode></TextEquiv></TextLine><TextLine id="r0_l013"><Coords points="1,309 1,318 9,318 9,319 9,330 11,330 12,331 15,331 16,331 16,329 16,328 197,329 198,330 198,331 199,332 206,332 207,333 208,333 208,331 209,329 391,331 392,331 392,332 393,334 399,334 400,333 400,330 403,330 404,329 422,329 423,328 495,328 496,327 497,327 498,327 498,319 499,318 499,317 500,316 500,311 500,310 499,310 498,309 496,309 495,308 494,309 380,309 379,310 172,308 171,307 68,307 67,306 17,305 16,304 12,304 11,305 11,306 5,306 4,307 3,307 2,308 1,308 1,309"/><TextEquiv index="1"><Unicode>aſciam, &amp; longiores elavos. Capr. Cur</Unicode></TextEquiv></TextLine><TextLine id="r0_l014"><Coords points="1,333 1,343 9,343 10,344 10,352 133,353 134,353 134,357 134,358 135,358 136,357 140,357 142,356 142,354 142,353 324,354 325,355 325,356 390,357 391,356 391,355 454,355 456,354 456,353 456,352 499,352 500,352 500,350 499,349 499,334 498,333 495,333 494,335 494,338 493,338 289,337 289,336 289,335 287,334 254,334 253,333 249,333 248,334 64,333 63,332 12,331 11,330 9,330 8,331 1,331 1,333"/><TextEquiv index="1"><Unicode>I vis, ut patibulum fabricet, ex quo te, vel</Unicode></TextEquiv></TextLine><TextLine id="r0_l015"><Coords points="1,357 1,369 8,369 9,370 9,378 137,379 138,380 138,381 139,382 140,382 142,381 142,380 142,379 333,380 334,381 334,382 335,383 339,383 340,384 344,384 345,384 345,383 345,382 385,383 390,378 490,378 491,378 491,376 491,375 498,375 500,374 500,372 499,371 499,370 498,369 491,369 491,364 490,363 454,363 454,362 452,360 449,360 448,359 424,359 423,358 413,358 412,359 372,359 371,360 121,358 119,356 14,355 14,353 13,352 10,352 10,353 10,356 9,356 1,356 1,357"/><TextEquiv index="1"><Unicode>] flium ſuſpendas? Hire. Fac, quod juſſi. Rum-</Unicode></TextEquiv></TextLine><TextLine id="r0_l016"><Coords points="1,382 1,393 8,393 9,394 9,397 10,398 9,402 10,402 47,402 47,403 47,409 49,410 290,412 291,413 292,413 293,412 297,412 298,411 298,408 301,405 338,405 338,403 339,402 358,402 359,401 360,401 360,400 360,399 360,397 358,395 353,395 353,391 351,389 346,389 346,385 345,384 206,383 205,382 101,382 100,381 14,380 14,379 13,378 9,378 9,379 9,381 8,381 1,381 1,382"/><TextEquiv index="1"><Unicode>por furote. App. Et ego riu.</Unicode></TextEquiv></TextLine><TextLine id="r0_l017"><Coords points="156,455 240,456 240,455 239,454 239,443 231,443 230,444 197,443 196,443 196,439 195,438 195,436 191,431 182,431 181,432 150,432 149,433 148,433 146,435 146,438 145,439 145,441 144,442 144,444 143,445 143,447 142,448 148,453 155,453 155,454 155,455 156,455"/><TextEquiv index="1"><Unicode>Aοe</Unicode></TextEquiv></TextLine><TextLine id="r0_l018"><Coords points="285,458 289,458 290,457 346,457 347,456 400,457 400,456 400,451 401,450 401,445 382,445 381,444 378,444 377,443 377,438 375,439 376,440 376,443 376,444 357,443 356,443 356,442 356,441 355,442 354,442 353,443 341,443 340,444 324,444 323,444 323,438 324,437 323,436 323,435 323,434 319,434 318,435 318,444 292,444 290,443 290,441 285,435 284,435 283,434 282,434 281,433 279,433 278,432 272,432 271,433 268,433 267,434 265,434 264,435 263,435 260,437 260,438 259,439 259,440 258,441 258,443 257,444 257,452 258,453 258,456 259,457 284,457 285,458"/><TextEquiv index="1"><Unicode>iτe 11c</Unicode></TextEquiv></TextLine><TextLine id="r0_l019"><Coords points="290,473 293,473 294,472 295,472 295,467 296,466 309,466 310,467 325,467 326,466 352,466 353,467 358,467 359,466 381,467 382,468 409,468 410,469 410,468 410,464 411,463 410,462 410,460 409,460 408,459 403,459 401,457 352,456 351,457 298,457 297,458 266,458 265,457 241,457 240,456 147,455 146,455 146,452 143,448 141,450 141,452 140,453 140,455 139,456 139,457 138,458 138,459 137,460 136,460 134,461 134,467 135,468 140,468 141,469 144,469 145,468 162,468 162,466 163,465 177,465 192,465 192,466 192,469 193,469 196,469 196,466 197,465 209,465 210,466 213,466 214,465 225,466 226,465 235,465 236,464 238,464 240,461 240,458 241,458 260,458 260,459 263,462 264,462 266,464 267,464 270,467 271,467 273,469 275,469 276,470 278,470 279,471 282,471 283,472 289,472 290,473"/><TextEquiv index="1"><Unicode>LI IILe</Unicode></TextEquiv></TextLine><TextLine id="r0_l020"><Coords points="178,484 178,510 359,511 359,485 178,484"/><TextEquiv index="1"><Unicode>Scena Prima.</Unicode></TextEquiv></TextLine><TextLine id="r0_l021"><Coords points="1,511 1,539 2,540 7,540 8,541 7,559 8,559 13,559 13,554 14,553 115,554 117,552 288,553 289,552 292,552 296,549 296,547 296,546 364,546 365,545 373,546 376,543 376,540 375,540 374,540 373,539 370,539 370,538 370,531 369,531 345,530 345,526 344,525 286,525 285,524 229,524 228,523 14,521 14,519 15,518 15,514 15,513 19,513 20,513 19,512 14,512 14,511 13,510 1,510 1,511"/><TextEquiv index="1"><Unicode>Hirtaſius. Faer lignarius.</Unicode></TextEquiv></TextLine><TextLine id="r0_l022"><Coords points="285,583 286,584 286,583 286,577 287,577 334,577 334,578 334,580 335,580 335,578 336,577 353,577 354,576 366,576 366,577 366,578 367,579 368,579 368,578 368,577 369,577 398,577 399,576 491,576 491,573 492,572 499,572 499,568 499,567 492,567 491,567 491,560 489,557 488,557 486,559 486,563 464,563 463,563 463,553 462,551 456,551 456,552 455,563 433,563 432,562 432,559 430,557 424,557 423,558 405,558 402,560 402,561 401,562 401,563 401,564 370,564 369,565 368,565 367,566 317,565 316,565 316,564 315,563 315,562 314,561 314,560 314,559 294,559 293,560 293,565 265,565 264,564 237,564 236,563 236,560 235,559 234,559 232,561 198,560 196,562 196,565 146,565 145,565 145,561 145,560 139,560 138,561 108,561 107,560 107,559 106,558 84,558 83,559 77,559 76,559 76,573 76,574 75,574 74,575 73,575 72,575 72,576 73,577 88,577 89,578 112,578 113,579 114,578 134,578 135,577 162,577 163,578 177,578 177,579 177,583 178,583 181,583 181,579 182,578 192,578 193,577 212,577 213,576 285,577 285,583"/><TextEquiv index="1"><Unicode>Fab. Nunquid dexterè à me eonfectum vi-</Unicode></TextEquiv></TextLine><TextLine id="r0_l023"><Coords points="11,609 15,609 16,608 164,609 165,608 166,608 166,604 167,603 421,605 421,607 422,608 423,608 424,607 426,607 426,606 426,604 427,604 495,604 497,602 497,601 498,600 498,598 497,597 497,596 497,595 495,595 494,594 492,594 491,594 491,590 491,589 489,589 487,587 482,587 481,587 481,585 480,583 443,583 442,584 265,583 263,585 18,583 16,582 16,578 16,577 11,577 10,578 10,579 8,579 7,580 7,590 9,591 10,591 10,592 10,609 11,609"/><TextEquiv index="1"><Unicode>] des. quod petieras? ſatis ſuaviter equitabit,</Unicode></TextEquiv></TextLine><TextLine id="r0_l024"><Coords points="10,634 13,634 14,634 14,622 15,621 15,617 16,616 46,616 46,617 46,623 47,624 47,625 49,626 50,626 51,627 53,627 53,628 53,632 54,633 64,634 65,633 65,627 66,627 78,627 156,627 156,628 167,628 168,629 168,633 169,634 170,634 172,633 172,628 173,627 216,628 216,632 216,633 220,633 221,632 221,628 222,628 250,628 250,629 252,628 263,628 264,627 297,627 299,625 325,625 326,626 328,626 329,627 351,627 352,628 370,629 370,633 370,634 372,634 373,633 373,627 374,627 418,627 418,631 418,632 419,632 420,633 421,632 422,632 423,631 423,626 424,626 487,626 490,623 498,623 498,619 498,618 490,618 489,618 489,617 487,614 486,614 485,613 484,613 483,614 448,614 447,613 445,613 444,614 355,613 354,613 354,610 353,608 352,608 351,609 329,609 328,610 327,610 325,612 325,614 324,615 324,622 298,622 297,621 294,621 293,621 293,617 292,615 290,615 289,614 284,614 283,613 283,610 282,609 281,610 270,610 269,610 269,613 269,614 251,614 250,615 217,615 216,616 128,615 127,614 127,610 112,610 110,611 110,615 110,616 81,616 80,615 69,615 68,616 29,615 28,615 28,610 28,609 11,609 10,610 10,614 8,616 8,619 7,619 6,620 6,626 7,626 10,626 10,627 10,634"/><TextEquiv index="1"><Unicode>] quem hic equus portabit. Solum caput mo-</Unicode></TextEquiv></TextLine><TextLine id="r0_l025"><Coords points="10,659 14,659 15,658 168,659 169,659 169,658 169,657 266,658 268,656 268,652 487,653 488,654 488,658 489,658 490,658 490,656 490,655 494,655 495,654 496,654 497,654 497,653 499,651 499,650 499,649 516,649 517,649 516,648 499,648 499,647 496,644 488,644 488,640 487,639 485,639 483,637 468,637 468,635 467,634 466,634 465,633 450,633 449,632 446,632 445,633 444,633 443,634 234,633 233,634 231,634 230,635 63,634 62,635 10,634 10,635 10,639 9,639 8,639 8,640 8,643 7,644 7,650 9,650 10,651 10,659"/><TextEquiv index="1"><Unicode>dò deeſt, quod ſculptor τeliòs conficlet,</Unicode></TextEquiv></TextLine><TextLine id="r0_l026"><Coords points="6,683 56,683 57,682 127,683 128,682 306,683 307,683 307,678 307,677 364,677 365,676 380,677 381,676 491,676 492,676 492,672 492,671 498,671 499,671 499,669 497,667 491,667 491,659 490,658 452,658 451,657 450,658 396,658 394,660 244,659 243,660 75,659 74,660 10,659 10,660 10,676 9,677 9,678 8,679 8,680 7,680 6,680 6,681 6,683"/><TextEquiv index="1"><Unicode>I quam ego. Hire. De capite non ſum ſollci-</Unicode></TextEquiv></TextLine><TextLine id="r0_l027"><Coords points="191,708 192,709 193,708 194,708 195,707 257,708 257,707 258,702 513,703 514,703 513,702 375,702 375,701 490,701 492,700 492,697 492,696 497,696 499,695 499,694 498,693 497,693 496,692 490,692 490,690 489,689 485,689 485,683 484,682 483,682 482,683 441,683 440,684 365,683 364,684 272,684 271,685 6,683 6,684 6,685 7,685 8,686 8,703 9,704 8,708 9,708 13,708 14,703 14,702 19,702 184,703 185,704 184,706 187,708 191,708"/><TextEquiv index="1"><Unicode>I tus. Sed tergum equi non videtur mihi ſa-</Unicode></TextEquiv></TextLine><TextLine id="r0_l028"><Coords points="8,731 16,731 16,728 17,727 58,727 59,726 194,727 195,726 364,727 365,726 376,727 377,726 489,726 492,723 496,723 497,722 499,722 499,721 500,720 499,718 492,718 491,718 491,716 489,713 440,713 439,712 439,708 413,708 412,709 411,709 410,710 222,709 221,710 126,709 125,708 124,708 123,709 9,708 8,709 8,723 7,724 7,731 8,731"/><TextEquiv index="1"><Unicode>I tis exaſciatum. Transverſas has tabulas v-</Unicode></TextEquiv></TextLine><TextLine id="r0_l029"><Coords points="7,759 17,759 17,755 18,754 18,753 19,752 57,752 58,751 208,752 209,751 336,752 337,751 364,751 365,750 451,751 451,752 451,757 452,757 453,757 453,752 454,751 491,751 491,748 492,747 501,747 501,745 500,743 499,743 498,742 492,742 491,742 491,739 491,738 479,738 478,738 478,735 477,733 237,732 236,733 8,731 7,732 7,756 6,757 6,759 7,759"/><TextEquiv index="1"><Unicode>Im acutiores. Rab. Satis acutæ ſunt. E-</Unicode></TextEquiv></TextLine><TextLine id="r0_l030"><Coords points="5,783 48,783 49,782 50,782 51,782 51,779 53,777 277,779 277,781 278,783 279,783 280,782 281,782 282,781 282,778 283,778 421,779 424,776 490,776 491,775 497,775 498,774 499,774 500,773 500,770 499,769 499,764 498,762 491,762 490,762 490,759 490,758 469,758 468,757 411,757 410,758 392,758 391,759 350,758 349,759 115,758 114,759 82,759 81,760 7,759 6,760 6,778 5,779 5,783"/><TextEquiv index="1"><Unicode>perire ſi velis. Hirc. Experiar. 2 Eſt, eſt ſatis</Unicode></TextEquiv></TextLine><TextLine id="r0_l031"><Coords points="5,807 331,809 332,809 332,808 332,807 339,807 340,807 340,803 340,802 497,803 499,802 499,801 500,800 500,798 498,796 497,796 496,795 494,795 494,790 493,789 492,789 491,788 481,788 481,783 480,782 472,782 470,784 348,783 347,784 106,783 105,784 5,783 5,784 5,807"/><TextEquiv index="1"><Unicode>ſtrigoſus hic equus, &amp; ephippium non molle.</Unicode></TextEquiv></TextLine><TextLine id="r0_l032"><Coords points="3,835 12,835 13,835 13,828 13,827 215,829 216,829 216,830 218,833 224,833 225,832 392,833 393,832 393,831 458,831 459,831 459,830 459,829 495,829 496,828 497,828 498,828 498,827 500,825 500,822 497,819 492,819 492,815 490,813 488,813 487,812 410,812 410,811 410,808 409,808 406,808 405,809 251,808 250,809 5,807 5,808 5,815 4,816 4,831 3,832 3,835"/><TextEquiv index="1"><Unicode>Fab. It autem magis ſentiat imponendus eques,</Unicode></TextEquiv></TextLine><TextLine id="r0_l033"><Coords points="5,866 11,866 11,863 12,862 12,861 13,860 13,857 14,856 76,857 78,855 156,855 159,852 373,854 374,855 375,855 376,856 431,856 434,853 496,853 499,851 499,850 500,849 500,846 498,844 493,844 493,840 491,838 436,838 436,837 436,834 434,833 368,833 367,834 350,833 349,834 104,833 103,834 102,834 102,835 101,836 3,835 3,836 3,852 4,853 3,861 4,862 4,866 5,866"/><TextEquiv index="1"><Unicode>imprdiatur, ne liberis manibus ſe ipſum iuvare,</Unicode></TextEquiv></TextLine><TextLine id="r0_l034"><Coords points="123,878 272,879 274,877 350,877 350,876 351,875 388,876 389,875 497,875 498,874 500,874 500,863 500,862 493,862 492,862 492,859 491,857 485,857 484,858 376,858 375,859 157,857 156,858 77,858 76,858 76,862 75,863 75,864 74,865 74,871 73,873 72,873 71,873 71,874 73,876 94,876 95,877 122,877 123,878"/><TextEquiv index="1"><Unicode>Erer. Tbat. Tomul. II. N</Unicode></TextEquiv></TextLine><TextLine id="r0_l035"><Coords points="6,905 9,905 9,896 10,895 10,892 11,891 88,892 88,895 89,896 92,896 93,895 144,895 144,894 145,893 181,893 181,889 182,888 246,889 247,890 255,890 256,889 289,889 290,888 295,888 296,887 297,887 297,886 297,885 212,884 211,885 151,885 150,886 64,886 63,885 13,884 12,884 12,876 11,875 11,873 11,872 5,872 4,873 4,886 5,887 5,905 6,905"/><TextEquiv index="1"><Unicode></Unicode></TextEquiv></TextLine><TextLine id="r0_l036"><Coords points="116,909 139,909 140,908 223,909 225,906 225,904 224,903 220,903 219,902 219,899 218,898 218,897 183,896 182,896 182,894 182,893 69,893 68,894 67,894 66,894 66,895 65,896 65,899 66,900 68,900 69,901 83,901 83,907 84,908 115,908 116,909"/><TextEquiv index="1"><Unicode>Aſcenit aſinum</Unicode></TextEquiv></TextLine></TextRegion></Page></PcGts>