567 961
77 17 394 51 152 I C0
172 65 399 104 Scena Quarta.
75 101 454 136 Chremes, Leribal, Sparmuncus.
73 136 533 166 Sparmune. An convocaſti jum hoſpites?
123 161 328 189 Cbrem. quos Iuſſerat
98 187 524 215 Mater vocuri, ad veſperam promptiſſimos
67 211 564 241 Omnes adeſſe cernet. Spar. Ergo mox abi,
98 236 563 264 Et ne quis hoſpitum hac die veniat. mone.
74 259 562 296 Cbrem. Quid ne hoſpitum quis veniat Spar.
117 287 278 308 ita mater iubet.
74 309 564 347 Cbrem. Tame pſamet ſenatum, & ambos con-
119 336 165 357 ſules
96 362 564 398 Ame vocari juſſit ad cænam Spo. Priùs
94 386 493 411 Id iuſſerat: nunc revocat: aut ſi venerit
95 411 564 441 Quisquam hoſpitum, reperiet in cœna uihil.
62 435 564 461 Nihil parabit Mater. Cbrem. Et eur hoc)
118 459 212 481 Ler. veni
94 484 317 508 Cauſam vide---
191 519 391 556 Scena Quinta.
69 555 564 595 Ghremes, Leribal, Sparmuncus, Date.
67 593 565 633 Sparm.. Hoc in corbe quid geſtes puer
67 618 564 655 Date. Quid quæritis oτeſticis ſervis fero
90 644 564 684 Pro more panes. Sparm. Caudidos er
99 671 176 691 tritco
90 694 562 730 Panes gregi famulantium & quid hc caro
88 719 563 763 Aſſata Date. tantum fruſtule heſternæ videsI
90 744 561 784 Cæn reliquias. Sparm. lnſuper quid vrcens
460 779 564 805 Adeo
63 796 564 836 ο 2
86 810 238 831 Ad Chremetem.
84 830 564 870 Aperitur penorium domeſticum. e quo prodit Dete,
113 857 447 879 una munn corbem, altere urceum ferens.
82 871 336 904 Sparmuncus lultrat corbem.
