<PcGts xmlns="http://schema.primaresearch.org/PAGE/gts/pagecontent/2019-07-15" xmlns:xsi="http://www.w3.org/2001/XMLSchema-instance" xsi:schemaLocation="http://schema.primaresearch.org/PAGE/gts/pagecontent/2019-07-15 http://schema.primaresearch.org/PAGE/gts/pagecontent/2019-07-15/pagecontent.xsd"><Metadata><Creator>User123</Creator><Created>2022-01-27T01:34:00</Created><LastChange>2022-01-27T01:34:00</LastChange></Metadata><Page imageFilename="0173.png" imageHeight="960" imageWidth="569"><TextRegion id="r0" type="paragraph"><Coords points="1,1 567,1 567,958 1,958"/><TextLine id="r0_l001"><Coords points="166,35 166,61 376,61 376,35 166,35"/><TextEquiv index="1"><Unicode>(0</Unicode></TextEquiv></TextLine><TextLine id="r0_l002"><Coords points="451,39 451,62 486,62 486,39 451,39"/><TextEquiv index="1"><Unicode>16,</Unicode></TextEquiv></TextLine><TextLine id="r0_l003"><Coords points="1,71 1,83 54,83 54,84 54,85 53,86 55,87 91,87 91,88 91,92 93,93 212,93 213,92 213,89 214,88 407,88 408,89 423,89 423,90 423,93 426,95 430,95 431,94 432,94 433,93 434,93 434,91 435,90 459,90 461,88 461,87 461,86 460,86 458,84 456,84 455,84 455,79 454,77 452,77 450,75 369,75 368,75 368,71 368,70 362,70 361,69 249,69 248,68 132,68 131,67 80,67 79,68 56,68 54,70 1,70 1,71"/><TextEquiv index="1"><Unicode>E6que licito, quod tenx mnlier negut.</Unicode></TextEquiv></TextLine><TextLine id="r0_l004"><Coords points="1,122 1,124 2,125 3,125 5,123 418,123 418,121 420,119 422,119 422,118 423,117 462,117 463,116 464,116 465,115 465,113 466,112 466,111 464,109 464,108 464,107 461,107 460,107 460,104 458,101 383,101 382,100 357,100 356,100 356,97 355,95 307,95 306,94 54,94 52,96 52,109 51,110 51,111 52,111 53,111 54,112 71,112 71,113 71,114 72,114 211,114 211,115 211,117 212,118 212,120 213,120 417,120 417,121 1,121 1,122"/><TextEquiv index="1"><Unicode>Et en, Picillus properat hn in tempore.</Unicode></TextEquiv></TextLine><TextLine id="r0_l005"><Coords points="158,143 158,171 366,171 366,143 158,143"/><TextEquiv index="1"><Unicode>Scena Secunda.</Unicode></TextEquiv></TextLine><TextLine id="r0_l006"><Coords points="1,185 1,218 514,218 514,185 1,185"/><TextEquiv index="1"><Unicode>i Dabitir, Date, Picillus, Mopſulus,</Unicode></TextEquiv></TextLine><TextLine id="r0_l007"><Coords points="209,218 209,245 320,245 320,218 209,218"/><TextEquiv index="1"><Unicode>Ttirellus.</Unicode></TextEquiv></TextLine><TextLine id="r0_l008"><Coords points="1,282 1,282 1,267 1,266 29,266 31,264 32,264 34,262 34,257 35,256 35,250 36,249 66,249 67,248 71,248 72,249 81,249 82,250 229,250 230,251 401,251 402,252 425,252 426,253 428,253 429,255 429,256 431,257 479,257 480,258 481,258 482,260 482,269 482,269 481,269 479,271 445,271 444,272 444,273 444,273 443,273 442,272 222,272 221,273 221,278 221,278 220,278 220,270 220,269 2,269 1,270 1,271 2,271 5,271 5,272 5,282 5,282 1,282"/><TextEquiv index="1"><Unicode>Dabitur. Edie Picille, num domi eſt Parens</Unicode></TextEquiv></TextLine><TextLine id="r0_l009"><Coords points="82,276 82,295 138,295 138,276 82,276"/><TextEquiv index="1"><Unicode>tuus</Unicode></TextEquiv></TextLine><TextLine id="r0_l010"><Coords points="1,298 1,325 2,325 3,326 3,309 4,308 34,308 34,309 33,310 33,311 32,312 32,313 31,314 30,314 29,315 29,317 31,318 49,318 50,317 151,317 152,318 174,318 175,319 185,319 185,320 185,324 186,324 188,324 188,320 189,319 210,319 211,318 307,318 308,319 341,319 341,320 341,328 343,329 344,329 344,320 345,319 358,319 358,320 358,323 359,323 361,323 362,322 363,322 364,321 398,321 399,320 478,320 479,321 480,320 482,320 482,311 481,310 481,309 480,307 479,307 478,306 426,306 425,306 425,303 425,302 424,302 423,301 419,301 418,302 417,302 415,304 415,306 327,306 326,306 326,302 326,301 325,301 324,300 244,300 243,299 242,300 84,300 83,299 7,299 6,299 6,297 6,296 5,296 4,297 1,297 1,298"/><TextEquiv index="1"><Unicode>Pcill. Modo iit ad Ecclefiam, at ſaerum</Unicode></TextEquiv></TextLine><TextLine id="r0_l011"><Coords points="77,325 77,344 147,344 147,325 77,325"/><TextEquiv index="1"><Unicode>ndnt.</Unicode></TextEquiv></TextLine><TextLine id="r0_l012"><Coords points="1,359 1,370 2,370 3,369 50,369 51,368 208,368 208,369 208,370 209,370 314,370 315,371 316,371 317,370 318,370 319,369 471,369 472,368 473,368 474,367 476,367 478,365 481,365 481,361 481,360 475,360 474,360 474,358 473,356 430,356 429,356 429,351 429,350 112,350 111,349 46,349 45,348 7,348 6,347 1,347 1,348 1,358 1,359"/><TextEquiv index="1"><Unicode>Date. Et Mater ubi? Aicill. ab Eccleſie re-</Unicode></TextEquiv></TextLine><TextLine id="r0_l013"><Coords points="40,375 40,397 191,397 191,375 40,375"/><TextEquiv index="1"><Unicode>diit modo,</Unicode></TextEquiv></TextLine><TextLine id="r0_l014"><Coords points="1,398 1,424 482,424 482,398 1,398"/><TextEquiv index="1"><Unicode>Ibi per horas uatuot, aut ultra hæſerat.</Unicode></TextEquiv></TextLine><TextLine id="r0_l015"><Coords points="259,450 261,450 261,443 262,442 362,442 362,443 362,449 363,449 363,443 364,442 400,442 400,443 400,447 402,448 405,448 405,443 406,442 475,442 475,443 475,444 476,444 479,444 479,443 480,442 480,434 481,433 482,433 482,428 480,425 435,425 434,424 430,424 426,428 426,430 388,430 387,430 387,426 386,424 385,424 383,426 383,430 290,430 289,430 289,425 289,424 287,424 285,426 285,427 284,428 284,430 252,430 251,430 251,426 251,425 233,425 232,426 232,430 179,430 178,429 163,429 162,429 162,428 160,425 158,425 157,424 156,425 128,425 127,424 126,424 124,426 124,429 90,429 89,429 89,425 88,423 87,423 86,424 58,424 55,427 55,428 54,429 54,430 55,431 55,440 57,441 63,441 64,440 104,440 104,441 104,446 106,447 108,447 108,442 109,441 137,441 138,442 211,442 212,443 220,443 220,444 220,446 221,446 223,446 226,443 250,443 251,442 258,442 258,443 258,450 259,450"/><TextEquiv index="1"><Unicode>Sed quid Patrem, Matrémve vos depoſcitlsI</Unicode></TextEquiv></TextLine><TextLine id="r0_l016"><Coords points="1,448 1,450 2,450 2,451 2,458 4,459 34,459 34,460 34,461 33,462 33,463 31,463 29,465 29,466 31,467 75,467 76,466 136,466 137,467 167,467 168,468 324,468 324,469 324,473 325,473 330,473 330,468 331,467 480,467 480,463 479,462 479,456 479,455 477,455 476,454 459,454 458,454 458,451 458,450 457,450 456,449 453,449 452,450 365,450 364,449 363,449 362,450 339,450 337,452 337,455 263,455 262,455 262,453 261,452 261,451 261,450 220,450 219,449 217,451 217,455 153,455 152,454 145,454 144,454 144,451 143,449 135,449 133,451 81,451 80,451 80,450 80,449 71,449 70,449 70,448 70,447 1,447 1,448"/><TextEquiv index="1"><Unicode>Dabitus. Cænare lautùm enpimus in veſtra</Unicode></TextEquiv></TextLine><TextLine id="r0_l017"><Coords points="84,474 84,494 145,494 145,474 84,474"/><TextEquiv index="1"><Unicode>domo.</Unicode></TextEquiv></TextLine><TextLine id="r0_l018"><Coords points="1,491 1,492 34,523 35,522 270,522 270,518 271,517 476,517 477,516 477,509 478,508 478,507 480,505 480,500 479,498 478,498 477,497 31,497 30,497 30,496 31,495 523,495 523,493 524,492 524,491 1,491"/><TextEquiv index="1"><Unicode>Pie. Cnare lantum enpiis in noſtra domo</Unicode></TextEquiv></TextLine><TextLine id="r0_l019"><Coords points="166,548 169,548 170,547 170,543 171,542 295,542 296,541 480,541 481,540 482,540 482,539 481,538 481,533 480,532 480,531 478,528 432,528 431,528 431,525 431,524 306,524 305,525 305,529 116,529 115,529 115,526 114,525 114,524 114,523 39,523 37,525 37,527 36,528 36,530 35,531 35,533 34,534 34,535 32,537 31,537 30,538 30,539 31,540 31,543 32,543 34,543 35,542 37,542 38,541 164,541 164,542 164,547 166,548"/><TextEquiv index="1"><Unicode>Date. Tuam parentem novimus dexterrimam</Unicode></TextEquiv></TextLine><TextLine id="r0_l020"><Coords points="406,572 408,573 409,572 411,572 412,571 412,567 413,566 470,566 473,563 481,563 481,559 480,557 474,557 471,554 470,554 469,553 459,553 458,554 427,554 426,554 426,552 424,550 424,549 424,548 423,548 422,549 396,549 394,547 391,547 390,548 389,548 387,550 387,551 386,552 386,554 356,554 355,554 355,549 355,548 336,548 334,550 334,554 269,554 268,554 268,551 267,549 266,549 265,548 254,548 253,549 251,549 250,550 250,562 225,562 224,562 224,557 223,555 212,555 210,553 209,553 207,555 167,555 166,555 166,551 165,549 143,549 142,550 142,554 81,554 80,553 74,553 73,553 73,550 72,548 69,548 68,547 67,547 66,548 63,548 62,549 61,549 58,552 58,553 56,555 56,561 61,565 62,565 63,566 93,566 93,567 93,569 96,571 97,571 98,570 98,567 99,566 175,566 176,567 226,567 227,568 229,568 230,567 253,567 254,566 365,566 366,565 394,565 395,566 406,566 406,567 406,572"/><TextEquiv index="1"><Unicode>Coouendi in arta. Henc nobiles ſæpè evo-</Unicode></TextEquiv></TextLine><TextLine id="r0_l021"><Coords points="1,567 1,583 3,584 80,584 81,586 81,588 84,590 109,590 110,591 120,591 121,590 122,590 122,580 122,579 120,579 118,577 117,577 116,578 6,578 5,578 5,572 5,571 4,571 3,571 3,566 3,565 1,567"/><TextEquiv index="1"><Unicode>l Cant</Unicode></TextEquiv></TextLine><TextLine id="r0_l022"><Coords points="1,596 1,623 433,623 433,596 1,596"/><TextEquiv index="1"><Unicode>t Buus in arces, quaudo ſplendidiſſima</Unicode></TextEquiv></TextLine><TextLine id="r0_l023"><Coords points="1,624 1,640 65,640 66,641 155,641 155,642 155,646 157,647 158,647 159,646 160,646 160,642 161,641 220,641 221,640 419,640 420,639 479,639 480,638 480,636 479,635 479,633 480,632 541,632 541,631 480,631 479,631 479,630 478,629 478,628 478,627 476,627 475,626 392,626 391,626 391,625 390,623 389,623 388,622 338,622 337,623 250,623 249,622 248,623 234,623 233,624 233,627 137,627 136,627 136,624 136,623 71,623 70,622 66,622 65,623 1,623 1,624"/><TextEquiv index="1"><Unicode>I Convris parant. Plrimam hæc Parens tua</Unicode></TextEquiv></TextLine><TextLine id="r0_l024"><Coords points="107,671 114,671 116,669 116,666 117,665 384,665 385,666 387,664 387,662 386,660 382,660 381,660 381,653 381,652 378,652 377,651 373,651 372,651 372,648 372,647 366,647 365,646 363,646 362,647 92,647 91,646 90,646 89,647 87,647 86,648 65,648 63,650 63,651 61,653 61,654 16,654 15,655 16,655 61,655 61,656 60,657 60,658 59,659 59,660 57,662 57,664 58,664 60,664 61,665 104,665 104,666 104,669 107,671"/><TextEquiv index="1"><Unicode>A ſingulari induſtria landem tulit.</Unicode></TextEquiv></TextLine><TextLine id="r0_l025"><Coords points="1,672 1,693 532,693 532,672 1,672"/><TextEquiv index="1"><Unicode>t Pic. Verum eſt. Foris dexterrima eſt Mater</Unicode></TextEquiv></TextLine><TextLine id="r0_l026"><Coords points="1,705 1,714 24,714 24,715 24,722 48,724 49,723 171,723 171,722 49,722 48,722 49,721 113,721 115,719 150,719 152,717 152,705 151,704 151,703 151,702 30,702 27,700 27,699 27,698 2,698 1,699 1,704 1,705"/><TextEquiv index="1"><Unicode>t coqua,</Unicode></TextEquiv></TextLine><TextLine id="r0_l027"><Coords points="128,746 131,746 131,741 132,740 133,740 134,739 180,739 181,740 182,740 183,739 262,739 262,740 262,745 263,745 267,745 267,741 268,740 310,740 311,739 356,739 356,740 356,744 358,745 360,745 361,744 361,740 362,739 409,739 410,738 474,738 474,739 474,741 475,741 477,741 478,740 486,740 486,739 481,739 480,739 480,734 478,731 474,731 473,731 473,722 472,721 472,720 472,719 470,719 469,720 445,720 444,721 444,726 424,726 423,725 411,725 410,725 410,722 409,720 405,720 404,721 403,721 401,723 401,726 341,726 340,726 340,723 340,722 339,722 338,721 326,721 325,720 324,720 323,721 322,721 319,724 319,726 318,727 214,727 213,727 213,723 213,722 210,722 209,723 209,727 172,727 171,727 171,724 171,723 152,723 151,722 149,722 147,724 147,728 120,728 119,727 79,727 78,726 69,726 67,725 67,724 66,722 65,723 64,723 63,724 63,727 62,728 62,729 61,730 61,731 60,732 60,734 56,738 56,739 58,740 94,740 94,741 94,745 95,745 98,745 98,740 99,739 126,739 126,740 126,745 128,746"/><TextEquiv index="1"><Unicode>At proprin in æde oquere ſcit prorſus nihil,</Unicode></TextEquiv></TextLine><TextLine id="r0_l028"><Coords points="1,747 1,772 482,772 482,747 1,747"/><TextEquiv index="1"><Unicode>Præter olera, &amp; pultem, &amp; farin atros</Unicode></TextEquiv></TextLine><TextLine id="r0_l029"><Coords points="79,772 79,796 148,796 148,772 79,772"/><TextEquiv index="1"><Unicode>globos.</Unicode></TextEquiv></TextLine><TextLine id="r0_l030"><Coords points="1,810 1,814 32,814 33,815 34,815 35,816 141,816 142,817 143,817 144,818 145,818 146,819 148,819 149,820 346,820 347,819 438,819 439,818 440,818 440,813 441,812 479,812 480,811 482,811 482,809 482,808 481,808 480,808 480,801 479,799 408,799 407,799 407,796 407,795 406,795 405,794 404,795 269,795 268,796 73,796 72,795 71,795 70,794 69,794 68,795 39,795 38,796 38,805 37,806 37,808 36,809 1,809 1,810"/><TextEquiv index="1"><Unicode>.Dabitur. Quin nempe ſæpè repeit in penn</Unicode></TextEquiv></TextLine><TextLine id="r0_l031"><Coords points="1,821 1,840 132,840 132,821 1,821"/><TextEquiv index="1"><Unicode>2 nihil.</Unicode></TextEquiv></TextLine><TextLine id="r0_l032"><Coords points="1,870 2,870 250,870 251,869 344,869 345,868 345,864 346,863 359,863 360,862 427,862 428,861 440,861 441,860 441,857 441,856 436,856 435,856 435,845 434,843 432,843 431,844 407,844 406,845 38,845 36,847 36,857 35,858 35,860 34,861 33,861 32,862 32,864 35,866 247,866 247,867 4,867 3,868 3,869 2,869 1,870"/><TextEquiv index="1"><Unicode>Fic. Etiam hae die reperiet in penu nhil.</Unicode></TextEquiv></TextLine><TextLine id="r0_l033"><Coords points="1,874 1,887 32,887 32,888 32,889 33,889 34,889 35,890 146,890 146,891 146,894 150,897 152,895 165,895 166,894 166,890 167,889 254,889 254,890 254,893 256,894 260,894 260,890 261,889 330,889 331,888 387,888 388,887 410,887 411,886 455,886 456,885 480,885 482,883 482,882 483,881 483,876 482,875 482,874 482,873 481,873 480,872 471,872 470,872 470,868 470,867 468,867 467,868 466,868 465,869 465,873 383,873 382,873 382,871 382,870 312,870 311,871 311,875 304,875 303,876 228,876 227,875 206,875 205,875 205,872 204,870 172,870 171,871 171,872 71,872 70,872 70,870 70,869 68,869 67,870 2,870 1,871 1,873 1,874"/><TextEquiv index="1"><Unicode>i Dabitur. Supplebimus penuriam. Mater modo</Unicode></TextEquiv></TextLine><TextLine id="r0_l034"><Coords points="405,894 405,918 485,918 485,894 405,894"/><TextEquiv index="1"><Unicode>Operam</Unicode></TextEquiv></TextLine><TextLine id="r0_l035"><Coords points="240,896 240,918 279,918 279,896 240,896"/><TextEquiv index="1"><Unicode>L3</Unicode></TextEquiv></TextLine></TextRegion></Page></PcGts>