557 959
70 20 398 48 as I
78 54 495 81 Ai Muſci cuτ feceolis, gratiſſimi
68 80 476 106 RNobis fumri: nam indigemus Muſica.
46 106 505 134 Date. Sut & ſtudentes pauperes, ollarios
95 130 532 156 Voamus. His promiſimus cœnam opti-
94 179 530 213 Hae nocte dam. Cbre. Tranſeant illi
76 213 193 232 quoque
66 227 531 258 Noſtres ad ædes. Cœna Dabitur omuibus.
65 256 533 287 Tantum hic τsnete Debiur, & Date. Do-
67 281 211 301 bit. Tuo
96 305 534 332 Frater, rllquo aroitrio, vt dii, onia.
68 331 533 356 Pronus ſequetur Dabitur, ubi præit Date.
72 356 532 381 Date. Paterfamilias Iutor, & conju coqus,
75 381 436 408 Et hic Picillus filins cœna nequit
63 407 452 433 Excludier parata in illorum domo.
67 436 533 464 Abeamus ergò frater, & ubi je hoſpites
67 462 533 488 Suut congtegati, 2os quoque adſimus,
82 489 183 510 deeet.
76 511 533 540 Crem. Siſte, obſecro, Date, Sutor, & con.
125 539 230 563 ju coqun
69 562 455 588 Et hic Picillus filius etam in meis
101 586 523 611 Cœnare poternot dibus, ad hus omuls
97 612 534 638 Sunt transſerenda fereula, & quoequot hodlo
100 637 534 662 Vocare vults hoſpites. Pe. Parens τcot
101 662 475 689 Venire non audehit. Inter onſules
101 687 554 713 Et reliqua embra cnri non eſt locus
101 711 534 738 Paupereulls. Cbνeτa. Honeſtus udque
127 739 216 758 vis eſt
103 762 535 786 Parens tuus, e metuat, Ivelet Iocum.
80 790 534 819 App. Mibi aſſidere poterit. Ad latus τenm
105 817 534 839 Hinc uxor, hic marius invenient virum,
106 840 535 869 Cui colloquuntnr enndidè, & doctè, & plè.
82 867 535 892 brem. Age ergo. Ve Leriel, fac fercula,
