1000 1743
287 64 779 125 YSOPONUS,
120 72 230 110 36
423 128 595 159 TI.
153 153 899 213 Non tu cogitabas, cum juri diſcendo operam dares?
416 202 626 233 MIS.
121 217 995 294 Qui juri dant operam juvenes, an illi verè de aliquâ r
125 267 256 306 cogitant?
478 314 604 343 TI.
122 326 992 400 Non tu ſubinde cogitaſti, cùm vivo, ſed decumbente
121 377 994 442 jam patre, initurus magiſtratum propediem, ætatis ve-
121 415 750 462 niam peteres, & adnitente me, impetrares?
407 460 584 489 MIS.
120 475 992 547 Ne tum cogitavi quidem. Quandiu enim vixit pater
117 527 992 583 optimus, ego curarum in me recepi nihil; huic me mea-
117 565 990 625 que permiſi omnia; at illo ſublato è vivis, cœpi rationes
116 598 895 647 vitæ mecum exigere, ut debui, ſedulò, & per otium.
419 641 609 679 ER.
151 670 920 726 Per otium, credo equidem, at ſedulò, non ita.
329 712 660 756 MIS. ad ſerum.
95 745 988 805 Quid obloqueris? ita ſedulò & mecum & cum amicis.
404 788 575 828 ERG.
113 802 992 874 Id eſt cum Morologo garrulo, & riſore inſulſiſſimo,
107 856 987 913 cum Amphitheoro Comœdiarum ſpectatore perpetuo, cum
106 892 987 945 Neopiſto rumorum aucupe & buccinatore imprudentiſſi-
31 930 987 982 mo, cum aliis juvenibus id genus pigris & inertibus, qui
105 970 987 1023 te non tam naturâ, quàm voluntate deſidem ſuis conſiliis
103 1000 723 1041 & exemplis à labore ad otium traduxerunt.
454 1045 565 1072 MIS.
92 1070 694 1111 At mihi, opinor, ex ſervo fies cenſor.
461 1124 567 1143 LIM.
103 1146 987 1196 Parce obloqui, Ergaſte; & herus reſpondeat ſine. Doce
100 1185 987 1241 me, quæſo, Miſopone, quæ te cauſa forenſibus officiis &
100 1218 560 1252 honoribus tam infenſum reddat?
453 1262 565 1289 MIS.
99 1288 484 1328 -Si dixero, non credes.
444 1333 559 1361 TIM.
79 1364 725 1402 Quidni credam, ſi quid credibile dixeris?
442 1404 553 1433 MIS.
127 1431 479 1471 Deſidiam credis forſitan.
435 1478 549 1506 TI.
123 1507 469 1556 Hanc equidem ſuſpicor.
1 1696 112 1740 t
111 1708 263 1734 t&
