1000 1743
201 72 929 106 Dd AMA. COMICUM. I39
203 75 257 92 V
339 126 520 160 TI.
13 154 863 201 Intelligo quid non ſis? non tu aleator, non helluo, non
13 198 861 236 amator; quanquam hæc omnia per otium fieri potes, &
13 234 863 277 brevi fortaſſe fies. Sed futura omitro, de præſentibus quæ-
14 271 745 319 ro. Quid non eſſes, dixiſti; dic amabo, quid ſis?
327 312 543 345 M IS.
87 339 874 392 Quid ſim, rogas? ænigma loqueris. Id ego ſum, quoâd
14 376 415 428 ſum; quod eſſe me vides.
401 418 514 448 TI.
87 453 865 497 Apertiùs quæram. Dic mihi quid ſis in familiâ, quid in
14 481 271 538 Repubuca?
370 530 515 570 MIS.
18 563 865 608 Ego & in familiâ filius, & in Republicâ civis minimè
16 600 147 647 malus.
393 639 515 679 TI.
18 672 867 711 Et minimè bonus, nemii utilis, & planè deſidioſus.
403 714 543 751 M IS.
91 744 898 783 Me. ne Ardelionum eſſe velis in numero, qui alienis
18 775 869 825 ſeſe negotiis importunè admiſcent, ſemper ſolliciti, nun-
18 823 869 863 quam quieti, inviſi aliis & ſibi moleſti. Oh! non hoc ſum
18 860 266 903 natus ingenio.
408 893 521 924 TI.
95 929 872 968 Nolim te in Ardelionum eſſe numero, ſed te otioſorum
19 963 873 1005 nmero eximi velim; non peto, ut aliena procures ne-
20 1005 872 1045 gotia, ſed tua cures, quantum potes: & aliena interdum
18 1045 249 1084 reputes tua.
374 1077 511 1106 M IS.
97 1109 928 1153 Ita mea procuras negotia (quæ tua benevolentia eſt ut
18 1145 877 1190 me de illis omni curâ omnino liberes; aliena verò curare,
19 1186 876 1222 ubi periculum eſt, ne quid male conſulam, vetat animi
19 1216 226 1264 conſcientia.
379 1254 526 1298 TI.
89 1294 877 1329 Me quoque vetat animi coſcientia cum juvene tam
20 1325 879 1404 X!
20 1401 880 1440 iis de illo forenſi munere quod reſpuis delibero. Vale &
21 1437 181 1471 quieſce.
421 1477 531 1503 MIS.
107 1507 881 1550 Ignoſce, Timander, quod ultrà non ſubſequor, ſie
22 1541 602 1587 ornatum ulteriùs procredi non decet.
1 1696 263 1734 m
813 1710 919 1735 gto
872 1718 997 1740 i
