1000 1743
298 77 793 119 a ISOPONU..S,
460 129 619 174 E.
102 160 620 199 Oh! digaua offerut nihil.
469 204 608 235 MIS..
127 219 987 295 Iſtud vero unde copem habes? tune hs legiſti li-
112 269 195 300 teras?
456 301 618 348 â .
99 343 986 394 Nequaquam. Tametſi eas vulgò relinquis i menâ per-
111 382 987 442 tas & omnium propoſitas ocalis, ſed hoc lego in tuis mo-
56 418 249 455 ribus-
385 445 610 499 M IS.
84 485 987 543 ,Mal legs. Literæ datæ priaâ Otobris, anao miheſi-
101 524 986 587 mo ſeptingenteſiaa trigeſimo non. Scribit junior Evâ-
98 565 921 608 goras in foro civili orator iregi Quid autem ille?..
101 603 986 651 ivitet ma adn ruſticandum in ſpâ hemenſi villâ, & ibi
105 639 986 694 aliquid juris civilis ſecum animo placidè recolendto, ſcd
104 676 984 722 invitabat me ut irem ad ſ perferias autumnales anni ſu-
99 713 984 772 eriris. Ha effluxerunt illæ antmales feriæ, ertum
101 748 747 797 eſt me non iturum. Quæ tua opinio eſt?
443 792 560 820 E.
95 821 745 865 Sie opinar. Non ibis anna praterite.
445 864 564 892 M.I.
28 889 752 935 SQuamobrem uibi reſpndendum eſt...:
448 938 562 984 ER.
134 966 366 1016 Nibil prorſus.
366 993 605 1037 Mi s.
94 1026 984 1089 Quid ſbi vultiſthæc epiſtola, auæ lnctum præfertatra
92 1077 983 1129 terà- Annulum Demoeratis agneſco qui, miai ex amico
92 1111 984 1162 baud pridem factus eſt affinis, jmctos aum meâ canſobri-
92 1148 982 1208 nâ matrimonio uaciat de morta iitius cooſobrinæ meæ
92 1185 907 1228 quam ſibi ait fuiſſe conjugem cariſſimam. fœminam opti--
93 1222 976 1268 mam. Pol! damnum igeus? cara conjnx, boufæaina.
439 1265 552 1298 E .
127 1294 973 1336 Hoc maius daatam, quod amt rarix efſe borum.
90 1329 981 1387 Itaque huic viro cariſſimâ conâuge orbato aliquid ſolatii
89 1364 417 1406 per literas dandum eſt.
441 1408 550 1435 M IS.
87 1438 900 1482 Ohl, conijùx vel cariſſimâ ſi unomenſe lugeturautte-
26 1475 979 1521 ro, ſatis lugeri creditur. Tertio menſe luctus mnis e-
83 1512 980 1565 puangitur ex animo, ſolâ veſte retinetur. Quartus autem
247 1567 295 1596 e
897 1680 998 1719 Æ
813 1710 997 1740 e
1 1696 99 1741 t
127 1709 261 1735 e
