1000 1743
323 74 716 107 MISOPONUS,
117 80 177 113 158,
377 127 595 162 NEOP.
150 155 370 191 Omnino nihil.
433 199 573 230 MIS.
147 234 782 272 Res verò nova, quod nihil novi afferas.
406 274 581 305 M o R.
148 305 854 346 Res abſurda Aliquid certè novi dicas oportet.
388 348 596 378 NEOP.
126 376 432 421 Quid vis dicam?
431 408 635 452 M O R.
140 450 518 495 Quod ſcis, quod neſcis.
451 495 640 524 NEOP.
131 520 430 570 Me- ne vis fingere?
382 566 580 598 M O R.
138 587 987 643 Finge, nihil vetat. Qui narrant de rebus domi militiæ-.
111 638 906 676 que geſtis,, nonne fingunt & mentiuntur? Ha, ha, ha!
448 675 616 708 NEOP.
147 708 984 753 Nihilne tu, Miſopone, ad quem omnes undique con-
110 748 440 777 fabulatum veniunt?
465 786 574 812 M IS.
145 816 984 866 Nihil peregrinum; ſed domeſticum audies aliquid, ſi
108 859 196 886 Iubet.
313 892 717 930 M O R. ſellulam admovens.
132 927 983 979 Auims ſanè eu!im, pregrin non curo-j
109 967 983 1004 amo domeſtica, & millies audire malim de rixis intra pri-
110 1002 984 1043 vatos parietes exortis, quàm de bellis terrâ marique pug-
109 1039 984 1075 natis. Superi! ut me juvant vicini mei Antinous & Ery-
108 1070 984 1114 phile, amantiſſimi conjuges, quibus in otio maximo id
107 1110 983 1150 unum negotii eſt, jurgari inter ſe & appetere ſe mutuò.
107 1144 983 1189 conviciis elegantibus (de trivio & macello arreptis ſcilicet)
106 1185 983 1226 qui nuper, niſi forte fortunâ in eorum ædes irrumperem,
107 1220 983 1257 ædepol à contumeliis rem deducerent ad manus, & egre-!
105 1251 982 1295 giè ſe pugnis & unguibus pecterent, ha, ha, ha! Lixas
105 1288 982 1336 inter ſe certantes pugnis, & habitu corporis imitatur. Sed
104 1328 806 1367 loquere tu, Miſopone, narra nobis, ha, ha, ha!
457 1367 566 1394 M IS.
134 1392 981 1441 Non eſt hiſtoria longa; longum uti ſpero mihi erit
103 1437 980 1483 atium. De vendendo magiſtratu quod ſæpe ſuaſiſtis fieri,
104 1475 681 1511 iapetravi tandem ut fieret, & hodie fit.
