1000 1743
346 59 741 103 M ISOPONUS,
139 60 194 90 I64
133 106 680 138 ÆÆ
710 120 993 150 X V
149 128 992 176 & æ æ R
316 155 772 213 SCENA III.
134 212 991 271 MISOPONUS, CRIIOBULUS,
784 223 895 240 TT3
382 253 694 284 ERGASTUS.
484 298 597 330 MIS.
132 366 697 415 thecâ ſepoſitos videbis; tùm afferes.
137 337 991 390 3RGASTE, libros diligenter excute, quos in Biblio-
466 413 604 441 CRIT.
167 445 988 497 Te amice, convictor & condiſcipule, in libris totum
111 480 988 537 eſſe gaudeo: ad priſtinas ingenii tui delicias te refers ni-
100 519 988 571 mirum. Nam te memini cum unà literis daremus operam,
70 549 987 612 in legendo fuiſſe indefeſſum: nullus erat poèta vel orator
128 591 989 650 melioris notæ, cujus tù ſuccum non animo combiberes.
475 632 580 659 MIS.
155 665 986 723 Legebam multùm equidem, & legendo tædium animi
48 698 255 730 fallebam.
463 742 601 779 CRIT.
157 773 989 827 Et legebas multùm & plurimùm intelligebas. Teque
117 808 989 865 lumen fori clariſſimum aliquando fore jam tum præſagie-
119 844 292 882 bant omnes.
471 884 576 913 MIS.
152 918 983 970 Fallunt ſæpe ducta de adoleſcentibus præſagia. Succe-
116 953 983 1013 dente tempore, alia ſuccedunt ſtudia, aliæ cogitationes.
390 995 587 1032 CRIT.
148 1028 984 1080 Et verò te nunc abhorrere à forenſi Iuce, & de venden-
105 1062 984 1113 do munere paterno cogitare audivi modò. Vix certè cre-
110 1099 983 1154 diderim te velle togam repudiare, quæ in familiâ tuâ tanto
109 1139 863 1180 tempore cum tantâ laude geſta eſt, hodieque geritur.
457 1172 567 1211 IS.
108 1208 982 1260 Quæ tandiu geſta toga eſt, vetuſta eſt, obſolevit, ab-
101 1243 274 1274 jicienda eſt.
395 1284 577 1314 CRIT.
75 1311 982 1368 Toga forenſis non vileſcit uſu, ſed inclareſcit. Illam
101 1351 981 1404 certè ſi abjicis, non deerunt qui velint tollere & aſſume-
102 1383 904 1437 re. Ipſe me emptorem offeto, & niſi te veteris condiſci-
99 1421 979 1476 puli piget aut pœnitet. aliis ms, opinor, emptoribus an-
96 1467 212 1495 tepones.
899 1476 980 1515 I
1 1695 264 1740 t
812 1711 926 1741 eÆ
