1000 1743
285 87 703 126 MISOPONUS,
105 96 159 121 i2
452 143 568 170 PÆD.
138 177 906 218 Quia te negant matris ſimilem tuæ, quæ mulier fuit
80 209 904 252 ſtrenua, ſolers ac diligens; at hercle neque Galateæ ſimi-
99 249 793 291 lis es; nam eſt illa ſedula, operoſa, & impigra.
452 291 557 318 MIS.
134 324 905 366 Egregia verò argumentatio! Ædepol, ſi pro veris pa-
99 361 906 402 rentum liberis omnes ſuppoſiti ſint à ntricibus filii, qui
98 398 905 440 non ſunt patrum vel matrum ſimiles, magna lit hodie
97 435 376 470 ſuppoſitotum natio.
438 475 582 511 PÆD.
131 508 900 544 Rectè arguis, neque tu ſemper fuiſti adeò matri abſimi-
94 544 912 583 lis. Cum te depulſum à lacte Galatea noſtra in parentum
94 580 897 616 reſtituit manus, hic unà adfui cum illâ in iſto cubiculo.
93 617 900 657 Deus bone! qualis tunc eras! ut ſaltitabas! ut tripudia-
94 653 898 694 bas! ut nunc in patris, nunc in matris amplexum convo-
91 691 898 727 labas; alterius crines, alterius vittas conturbans manibus,
92 727 898 768 geſtiens pueriliter & quietis impatiens. Id culpabant qui-
91 764 897 803 dem parentes tui, & Galateam noſtram increpabant, quæ
91 800 894 840 iſtos aluiſſet ſpiritus fervidos, neque caſtigaſſet. Te tamen
88 835 894 876 gaudebant eſſe talem, & ab hoc ipſo placebas vitio, quod
88 874 889 911 in pueris egregium aliquid ſolet portendere. Nam vinum,
28 910 892 947 ut aiunt, quod non efferveſcit, cum novum eſt, ſemper
90 946 584 985 erit ſapore languidum. Itaque..
439 986 545 1012 MIS.
121 1019 724 1058 Itaque fac narrandi finem, ſi facere potes.
427 1060 544 1086 PÆD.
120 1093 887 1132 Itaque ego & Galatea dimiſſi ambo ſumus cum bonâ
84 1128 889 1165 gratiâ, & pecuniâ, & ſpe bonâ; quam tu mortuis paren-
84 1165 887 1202 tibus ne fallas oro te, Genu ſiecti. Miſopons jubet ut
76 1201 887 1237 ſurgat. Per iſtas, quas tibi tories ſiccavi lacrymas; per iſta,
80 1238 886 1273 quæ tu mihi ſæpe comprehenſis auribus dediſti oſcula, re-
80 1273 662 1312 ſpice me & priſtini amoris aliquid retine.
431 1314 538 1338 MIS.
112 1344 883 1385 Abi, Pædotrophe. Tributi quod exigitur ex te partem
76 1382 428 1420 ultro expendam de meo.
417 1422 534 1448 PÆD.
104 1454 881 1491 Pecuniâ mihi opus quidem eſt; ſed multò magis gratiâ,
73 1492 881 1533 quæ me in conſcquentes etiam annos levet onere nimio;
75 1528 555 1566 & malevolorum frangat invidiam.
1 1695 264 1740 ta
813 1711 925 1741 t
