1000 1743
230 79 723 120 DRAMA. COMICUM.
779 92 902 124 I89
12 127 898 161 X XX X 4X X Æ XHÆ Æ
101 151 882 174 -
661 184 703 201 TT
265 174 746 215 S CENA I.
12 217 895 270 CRITOBULUS, MISOPONC0.
417 274 607 309 CRIT.
12 307 899 359 uâ fretus benevolentiâ & commendatione, amice,
18 353 899 397 omnibus tui muneris competitoribus aditum præcluſi;
13 388 507 431 illud jam in poteſtate mea eſt.
431 431 541 458 MIS.
120 464 416 498 Gaudeo, bene utere.
421 504 562 532 CRIT.
118 538 957 589 Ut bene utar; alterum à te beneficium impetrare velim.
405 578 542 605 MIS.
118 608 565 651 Impetratum puta. Quid petis?
381 651 560 678 CRIT.
119 678 893 728 Peto & orb, ut hoc ipſum munus, quod accepi à te,
15 712 403 766 recipias & ſerves.
434 759 543 787 MIS.
121 790 895 840 Quod accepiſti, hoc reddere te, vel recipere me, eſt
16 821 165 870 . nefas.
418 869 559 897 CRIT.
121 900 913 950 Fas me hoc reddere, quod ideò tantùm accepi, ne quis
17 932 894 983 alter occuparet: fas te illud recipere, quod nunquam de-
16 970 696 1017 buiſti alienare, & ſervare perpetuò debes.
436 1016 542 1042 MIS.
121 1046 842 1093 Id ſervare non debeo, quod ſuſtinere non poſſum.
428 1088 600 1127 CRIT.
122 1118 894 1165 Non potes? inquis. Tu non poteris, quod ego me poſſe
17 1147 894 1203 confido. Nam quod neſcis, de alio forenſi munere egi ac
18 1189 894 1238 prope tranſegi; ſed de me ſilebo. Non tu potes, quod
23 1229 967 1274 potuerunt, & poſſunt tot è tuis condiſcipulis, quos omni
18 1256 311 1304 facultate vincis?
436 1306 544 1334 MIS.
126 1335 939 1381 Poſſim ſortaſſe quidem, ſed cum magno labore & mna-
88 1372 895 1416 jore moleſtiâ. Neque verò tecum fingam aut diſſimulabo,
19 1393 895 1452 Dignitatem ſenetoriam non deſpicio; imo plurimi facio;
20 1438 893 1484 ſed me terrent oneroſa Senatoris officia; nam ſi honorem
20 1473 589 1524 ſuſcipiam, velim & onus ſuſtinere.
386 1522 558 1556 CRIT.
124 1551 678 1602 Credo equidem, & egregiè ſuſtineres.
1 1687 94 1721 1
1 1708 264 1740 tæaffe mæ
