1000 1743
174 76 872 125 DRAMA. COMICUM. 2e1
405 130 537 160 MOR.
101 159 404 195 EGræcis renovatum?
417 203 471 219 m.
422 210 517 231 IS.
67 231 252 265 Sic ferunt.
402 274 576 312 M OR.
65 291 868 354 Ha, ha, ha! ludum Anſerinum, Græcis renovatum,
408 350 510 379 TIS.
65 377 865 430 Mavis ludum Pharaone dictum ſcilicet. At nihil, opi-
14 407 865 466 nor, refert admodum, quod ſit ludo nomen, quæ origo,
14 451 779 497 dum ipſe ſit animis à labore recreandis idoneus.
386 496 538 525 AMPH.
62 524 867 578 Rectè opinaris. At ludebas tamen, & annuente patre.
398 569 544 601 TIS.
98 599 864 649 Annuebat certè pater, & diſtributâ in filios & filias pe,
16 626 864 680 cuniâ ludo præfidebat. Iaciebatur coram eo teſſera ab uno-
16 668 864 717 quoque noſtrâm, ordine cujusque ſuo. Si quis ex talo-
16 704 865 751 rum caſu in cauponam forte vel puteum incidiſſet, ride-
17 738 864 794 batur ille ſed, ſine contumeliâ. Ipſe pater ad jactum re-
18 775 864 825 ſpiciendo admonebat interdum,per jocum, ut ſe dabat
18 815 863 863 occaſio. Heus tu, puer, inquiebat, ſæpius ad cauponam
19 850 863 900 redis; vide ne illic hæreas, & rem decoquas familiarem,
19 883 863 941 Eho tu, puella, dicebat, expedi te ocyus ex labyrintho;
19 920 863 969 & cave in alterum te conjicias magis inextricabilem. Sic
20 956 863 1009 ludebatur ſine tædio, ſine damno, & unusquique ſub-
20 995 550 1037 inde cum bonâ pace demittebatur.
334 1037 615 1079 M O R. à parte.
98 1069 550 1110 Ludus Anſerinus. Ha, ha, ha!
388 1114 538 1141 A MPH.
87 1134 862 1193 Sic & nos cum nepote tuo ludemus, otiosè & cum bo-
19 1168 184 1217 nâ pace.
410 1222 508 1253 TIS.
61 1245 259 1280 Et ſine fine.
332 1288 585 1330 M O R. à parte.
58 1309 567 1361 EGræcis renovatus. Ha, ha, ha!
20 1369 860 1411 Æ
206 1412 709 1466 SCENA XIV.
21 1439 859 1503 NEOPISTS,TISAGORAS.
22 1490 827 1534 AMPHITHEORUS, MOROLOGUS.
59 1536 814 1587 NEOP. ad Bibliopolam libros afferentem nugatorios.
22 1530 627 1613 ISrosmihi libros illic depone, & abi.
1 1683 110 1741 t
852 1713 998 1740 i
150 1710 261 1735 &
