658 1266
129 59 592 85 S5SARAS 5RAÆOEDIA. 55
76 83 517 109 Prodigia: medio limnes impreſſus vado eſt.
41 105 560 133 40 Quid reliqua memorem ? Victa quâm latè patet
91 129 501 153 Chaoanæa tellus: fracta, ſuperata omnia.
92 153 510 177 inc qua epentes proximus ſentit Notos
91 174 511 199 Indomitms Amalech, regna ad uſque fertiſi
90 198 503 222 Oppoſita Syriæ; quaq́ue tot clade urbium
36 220 439 250 45 Iufame pelagus foctibus ſalſis riget,
93 243 526 267 Allophylæ ad orar gentis; his ſedem Tribus
93 266 448 290 Poſuere biſſex finibus pulſi incolæ,
92 288 544 312 Viduata populis oppida; huc ſparſus tremor.
94 311 555 335 Quo bella poſthac. Quid? quod imperio Ducis
48 334 490 358 r Defixus orbe Phœbis in medio ſtetit:
61 355 447 377 Etlaxa cohibens fræna ſuſpenſt di
91 378 547 404 Hæſit quadrigis? quinque dum campo ſeqnens
91 401 462 426 Patente Reges victor Iſacides quat?
91 424 503 450 Sed iſa quorſum? quid juvat helloefferas
62 445 462 477 5 Domuiſſe gentes , ſede promiſsâ frui,
94 469 514 493 Si fic futurum eſt? ſponte ſi patitur jugum
63 493 467 519 Novóue toties premitur exitio genus
93 515 505 540 Tanti redemptum? Si leves metuit Deos:
92 538 453 565 falſa cultu numina inceſto colit?
43 560 522 585 0 Pro cæca nimiùm corda pro vecors ſuror!
95 584 487 607 Inſida ſoboles! Siecine excidimus tibi?
96 607 497 632 Sic pacta temeras jurs? Sic verum abnuis
95 630 509 655 Cœlo tremendum pariter & terris Deum?
96 654 448 677 Qui certa nutu ſdera immoto regit?
44 677 464 701 .5 Cui ſervit orbis? cujus imperio vagos
96 699 490 720 Fluctus cocrcent maria: ſtat nullo obice
96 722 515 746 Imunot Thetys. tumida convolven frera?
96 745 507 771 Huie muta præſers ſigna, quæ ſuſo artifex
97 767 509 793 Conflavit auro, ſilice vel ſcabrâ exprimens
65 790 546 816 0 Supplex tetendit, qu modod efſinxit. manum?
97 814 513 840 Queis lucis expers oculu, & patulas ſonue
96 837 523 862 Nequidquam in aores funditur, nullo pedes
97 860 491 884 Greſſu cientut. rigid nil palpar manus:
97 883 499 907 Clamorque nullus fancibus vaſtis.ueat?
65 905 452 933 5I nnc, & altâ cœlitum ſede advoca
97 927 481 955 Agmen profanum. Veniat excitus Bal,
98 950 526 975 Pavidumq́ue referens turpis Aſtarthe pecus.
97 972 524 998 Cur vota ceſſant? Commodum illurit dies,
98 997 467 1022 Optata quo ſe Numinis virrns probet.
52 1018 477 1042 o An nulla inortes vota ſollicirant Deos?
99 1039 492 1066 Sari hoc ſuperq́ue cebus eaperti aſperis
99 1060 594 1089 Quid vana poſſint monſtra ? Cm premeret Syrus,
86 1085 485 1111 Lothiq́ue poſt huno ſtirpe cognatâ ſatus
98 1106 490 1133 Moabenus Eglon? Sed pius præſto fuit,
64 1129 497 1158 5 Dextaque miſeros vindice eripuit Dens.
83 1153 509 1184 Cannus illun ductor; hunc farrum man
471 1166 597 1193 Vuaus
