649 1264
126 32 580 59 SISARAS. TRAOEDIA. 2I
68 54 467 81 Prâ nefas tauti mod non redemptum
68 77 449 104 Concidit latè genus. Heu quid iſtud
28 100 391 126 225 Profuit jactaſſe decus. ſupremâ
198 124 355 144 Clade ruentes?
123 189 575 217 5 C 555 0
82 194 574 233 A VS 0 Æ. V
144 264 547 294 IERIEL CHANANEVS
81 322 572 353 Fune ſum belli exirum ominatur, & Si-
105 352 544 386 ſare ſuadere ſtatuit, ut cidem finem
280 387 387 421 imponar.
22 441 543 471 Vo non potentes impeii, ae decoris rtapit
80 463 578 492 ,Flammatusardor Quot per ærumnas brevis
121 487 501 514 Vſura ſortis petitur Alerius lalbor
85 511 579 538 ,,Gradus eſt lahoris. Triſte & implicitum malum,
64 534 504 562 5,,Graviuſue ſripſo ſeniper. Adverſi vices
82 557 484 582 ,Omitte fati: quæque mn ambiguo ſis
81 582 533 607 ,Fortuna opes convellit. Ad votum omnia
82 603 461 629 Ceſſſe fac, facileſq́ue pugnanti tibi
84 628 504 652 ,Favere Snperos. Nulla non parris tamen
55 649 517 675 10,, Sunt imperiis, leviora, per facinus, mala.
85 672 518 700 ,Sed quod paratis, quamlibet culp vacert.
83 694 552 722 Vmquam fruendis tempus, aut requies datur?
83 717 463 743 ,,Secura lux eſt nulla, ſeu belli metus,
73 740 480 767 ,,Seu bella crucient. Aliud ex alio ſubit
54 764 482 792 55, Maius periclum. Sæv. Lernæi lacus
82 787 548 811 ,Rediiſſe dicas monſtra. Quàm orevior vla eſt
80 811 547 838 ,,Aut cupere nihil, aut noſſe cuplendi modum.
55 832 470 859 Quid ante domitos aliud Iſacidas Iabin.
83 855 556 881 Qum ut liber efſet, periit? Hoc votis datum eſt.
53 877 510 906 0 Tributa deſiit ferre; dominantem excutit
41 901 510 930 Chananæus. Hinc ſpes majop: ipſum liberi
79 923 547 951 Aggredimur hoſtem: Vincimus.; turpem vicem
68 947 449 973 Referimus. Auxit gente bis ſenâ ſuos
81 970 537 996 Sifarastriumphos. Sed neque ho Regi ſat eſt.
51 993 418 1018 5 Inferre geſtit arma: vicinas qnatit
81 1016 487 1036 Violentus urbes. Summa tum voti Moab,
81 1037 578 1063 Ammnonque viſus, Moabum, & Ammonem adjicit,
82 1061 555 1086 Neue hoc anidem contentus; ecce aliud patas;
84 1084 469 1108 Nova regna ferro quærit. Accedit ſerax
52 1106 476 1131 50 Voris Idume. PòſtPhiliſthæum oppidis
72 1127 548 1154 Mnle quinque tectum invadit. Hc ſaltem tenus
525 1144 585 1164 Inviſa
