660 1274
211 55 531 81 DIONYSII PEPAVII
99 64 136 85 M40
145 79 543 104 ateſecit undis: ille merſas fluctibus
143 103 554 127 Iuvolvit acies, terga dum incautus premit
143 126 614 151 Pharao. Propinquos adſpice: hic veteris, Siſar,
101 149 590 176 5 Monimenta cernes cladis: hic quantas furens
144 172 513 197 Exercet iras diſce, quâ pugnat manu.
143 196 534 219 SIS. Inanis iſle terror: hunc vecorr ſ!
143 218 557 241 Aſcivit animus. Turpe dùm vinci æſtimat,
145 242 593 270 Deum eſſe in hoſte finxit. Et, verum ut pute,
102 264 615 316 ſfr:âiid-
147 311 596 338 Quo gravis olim infeſtet. SIS. Vlciſci genus
147 334 526 361 Rebelle rimeam? Sceleris ut nullas ſui
148 356 616 383 Pœnas Hebræus referat? Hoc quidnam amplius
105 380 590 407 25 Si victus eſſem paterer ? IER Id ne ſis vide.
150 436 642 472 arac victori Siſara ſit ſupplex, qu
187 471 599 503 ramen cum inſions faſtu rejicisur.
232 524 566 544 BARACVS. SISARAS.
150 562 649 589 BAR.Agmanime Princeps, regn aem Hl
211 588 387 609 V2 tremunt
150 604 558 632 Chananæa miſſ huc ſtirpis Iſaciæ duces
151 629 540 654 Non bella ut antè; jura vel victis truces
153 653 585 678 Metuenda ferimus. Priſtinum invidit decus
79 676 587 704 230 Fortuna: quidquid reſtat ex ill, unicum
153 700 534 725 Miſeris levamen, vota portamus tibl,
153 724 648 747 Gemituſne. SIS Sic vos Regis imperium moet!
153 747 648 773 ,.BAR. Quod facere nequeas qui imperat, fieri ve-
151 770 504 795 erri jubes tributa. Iuſſis obſequor.
609 773 649 796 (tat.
107 794 580 818 255 Cedo unde jubeas? Quâ peti parte imperas
152 817 587 842 Quod detur ? Oppidiſne? quæ veſtris ruunt
153 840 556 860 Aduſta flammis. Avidus exhaurit domos
151 861 590 888 Popuilator: & quod inde ſubtractum eſt, ſibi
155 887 556 912 Periiſſe reputat. Nec ſatis properè genms
112 908 614 937 24o Concidere noſtrum queritur. An frugum ſate
157 933 588 960 Vitiſ́ne? queis non ſæva prædonum manus
156 957 602 982 Abſtinuit. Ardent culta. Vix natas cremat
155 980 525 1003 Virente culmo torridus ſegetes vapor,
157 1003 512 1028 Succiſa paſſim vitis, evulſæ arbores,
110 1026 524 1050 45 Suiſque tellus ſtrata ſeminibus vacat.
158 1048 572 1075 Vt abaca ſileam pecora, deq́ue ipſo boves
159 1072 600 1101 Demptos aratro: maga pars cæſo jacet
160 1094 555 1119 Cultore ſterilis Irritus quoſdam labor
160 1118 552 1142 Dererret, hoſti ſerere dum ſoli piget.
115 1140 594 1165 a250 His capitis addas pretia? Si vitam exigis.
161 1162 611 1190 Præſtare poſum : quidquid hanc præter fuit.
586 1183 658 1204 Prides
