602 1269
66 55 532 80 SISARASTRAG OEDIA. 25
1 77 442 102 Tmuere facinus. Regna cùm ſeiſſo fugar
3 101 478 125 Aliena pelagi tutla, perque Arabum plagas.
7 122 410 147 Et nhoſpitalis ſpatia tranſiuitrit ſolt:
8 146 438 170 Cu tum pepercit? cujus abſtinuit mnanus
9 169 399 193 Dirus cruore prædo? cui vitam dedit
9 190 431 216 Cum ſervitute. Strage populatim domus
11 213 381 238 Arſere e dem. Periit ætatis quoque
1 237 465 261 Diſrimen his, ſexuſq́ue: ſeu ſarſa oppidis
15 260 437 283 Inolit omnes famma: ſeu captas voiat
15 284 425 306 Strictus per edes enſis, & teneram fodit
17 305 521 330 Cum matre ſobolem. Nec ſat exhauſtum mali eſt
21 329 408 352 Obntata circum muœnia, & jactu ſalis,
1 350 396 375 0 riente glebs, marcet infelix ager.
24 373 417 397 Qæ tam ferarum dira barbaries, priùs
25 395 435 420 Cultore cæſo, bella caſſoſq́ue impetus
23 417 452 442 Tellurem in ipſam vertit? Hoc genti fuit
28 440 406 464 Iter; hæc ſecundis rebus in ſeſe dedit
1 463 448 489 55 Exempla. Cur non victa, quo vicit, modo
31 485 535 511 Rurſum opprimaturCur quud huic in me dat eſt,
35 508 503 534 Mihi in hanc negetur? iura. quæ docuit, ferat,
37 532 467 555 Servire ccnrra ulacuit. Eſto agedun. Duces
38 554 504 579 Saltem occidiſent Cerera, ut qnondam, gravi
1 579 426 603 60 iitenta plebes oere ſervitium gemen,
42 601 473 625 Perene traheret: ne quid in dominos vacet
42 625 435 649 Moliri opeſiue recipere antiquas aret.
43 647 429 673 Hos lenta moles teneat: hi ſtrato ggere
45 671 481 695 Vaſtam imminonti fumini objiciant moram:
3 692 472 718 35 Aut dura fodiant marmnora. aut terrâ eruanr
47 716 448 741 Opes repoſtas. cnium hos ingens labor
48 739 434 765 Sparſos per urbes dividat. Tutum neſas.
49 762 443 788 Hoc fi nefas eſt, exeoui ex uſu imperi eſt
49 786 479 810 Nam quis per omne tempus obſequia integræ
11 809 401 834 50,, Præſtare genſi voſſit Invitos diu
54 832 482 857 Vnde audeant ſi ſubſit, haud facilè premas.
52 855 430 880 Ergo hæc rebelles nervica mnorus ciens
53 877 453 903 Servitia tenuit. Nec ſuumn i tempus ferox
53 900 481 926 Iiertur animus: præcocem in uns imytum
19 922 478 948 355 Imjam minax intntat. Et cœptum uidem
59 946 464 972 Porti auſ ſacinus perpat. Hoc voti caput,
61 970 410 994 Extrema Regis odi tt jn ſeſe trahat:
60 984 599 1016 Dare cuncta peſſum ut iubeat. MA!. Hac rurſum
90 1018 172 1035 affero
63 1031 541 1062 Qund parte metuas. SIS. Quid? MAD. Quod ine
125 1063 220 1081 certt Deus
29 1081 424 1105 80 mhaco nectit Quipne fatidicis Ivi
66 1103 462 1134 Vt juſus alytis ſeiuplicem ad uo:i edem,
68 1129 437 1149 Maniſeſta iortis ſina ventut petens:
69 1148 447 1171 Vni & Sacerdus aderat: exremplo cavts
511 1163 552 1182 Vo
311 1173 364 1193 V4
