679 1268
201 44 516 69 DIONYSII ETAVII
126 67 542 88 Vu illa laebris miſſa: meminiſſe horreo.
83 90 622 117 1s5 Mella acri Chananæe patas cum gente. Cavâda eâ,
127 114 586 140 Sic jubeo. iam paſſa jugum, fortiſq́ue juenca.
124 135 609 162 Altera ſed mrtuenda magis; quæ pva pererrans
124 157 574 188 Paſcua, ab armento ſeſe cum compare dudum
124 181 553 208 Segregat: has ſi tu vitaveris, auſpice vinces
1 204 609 256 1fâfftfeâriiani,
123 249 550 277 Ambigua quidnam fata venturum tegnnt.
122 272 619 301 SIS. Ecquid? MA. Cavere comparâ juſt boves,
123 294 546 324 Quæ priva oberrans paſcus, armento ſugit
79 317 577 344 95 Paſſim relicto. SIS. Quas mibhi inſidias canis?
122 340 501 369 MAD. Heberis uror nora Cinæi Iahel.
121 364 623 393 SIS. Quid deinde ? MAD. Fortis mulier, & quidvis
210 392 265 406 manu
123 408 529 439 Audere prompea. compari dudum comes,
126 433 466 459 Secretas gente, proxima nobis lares
10 455 622 486 4o Statione poſuit. SIS. Quid meam in noxam parit?
125 479 621 506 MAD. Ab hac timendum ſata neſcio quid monent.
124 501 610 529 Lapidothis alia eſt. SIs Convenit ſexus quidem,
124 524 572 549 Numeruſ́ue. Sed quod altera exitium dabit?
125 546 531 572 Ego inde quidquam verear? Eſt illa mihi
80 570 623 600 45.. Cû ſtirpe fœdus. MAD. Hoc mage inſidiis locus,
124 593 562 620 .Quo non timetur hoſtis. Ergo ullum putas
122 615 525 641 Cum gente fidei pignus, inimicâ, efferâ
121 638 548 664 tabile eſe Regi ? Flamma ſe nivibus priè
121 660 491 687 Sociabit: ortus merget, occaſus diem
78 682 503 711 4i0 Cœlo reponet. Antè Iordani Tagus
121 704 514 733 Miſcebit undas ; pace quàm fidâ exteris
120 728 542 756 Iungatur audax populus. In præſens timos
118 750 547 778 Simulare, & opibus colere potiorem jubat.
119 773 551 798 Mox tempus ubi ſe dederit. & ſceleri locus:
19 796 511 842 t5 Concept promet odia. Nil præ ſe Deos
118 818 563 848 Homineſq́ue penſi (ſi palàm tutum eſt) habet,
119 843 517 869 Animo vetuſta repete: quot Reges neci.
120 866 545 894 Quot regns flammis dederit. Arſere oppida
120 888 499 913 Cum cive pariter. Iunctus ætatis cruor
22 901 506 943 o Vndavit omnis: donec exhauſtas fugax
121 934 506 963 Populator urbes ſtirpe complevit vagâ.
118 957 508 980 Hæc pacis olim ſœdera. has noſter vices
117 979 585 1009 Cananæus habuit. Diſce ouàm ſervent fiem:
118 1001 571 1032 t quam merentur. SlS. Hactenus culpâ caret
24 1019 598 1067 425 Cinæus. I. At noo, ſors modd ad votum accidas,
117 1048 510 1075 , Semper carebit. Proſperis rebus fides
114 1070 608 1100 ,.tcumque perſtat. S. Paulnlum eventum juvar
84 1090 594 1124 Pugnæ opperiri. I. Quidquid extempl0 poteâ
113 1113 510 1144 I apunè peragi, ſæpe dilatum obſuit.
514 1164 619 1188 HO
1 1206 31 1239 5i
