908 1261
320 13 368 36 165
312 40 898 89 Imperatore, domus ejus omnis erat ad-
310 71 847 117 dict: DorriuLa maior, cius uxor, Do-
243 102 844 144 rruLA minor, eiuſdem ex Plautillâ ſ
241 139 843 178 rore neptis;Cæſares duo, Veſpaſianus, &
241 170 842 209 Domitianus minores eius filii, paternæ
241 200 838 237 non magis fortunæ, quùm virtutis hære-
241 230 905 279 des: Nereus, & Atchilleus Eunuchi mi-
241 265 838 300 5noris Domitillæ Cuſtodes, homines exi-
235 294 835 336 miæ ſanctitatis. Dici vix poteſt, quantum
241 326 834 367 Domitianus Auguſtus ſibi Romanorum
241 358 834 399 animos, cæteroquin infenſos, hâc duatum
241 391 834 429 Iuvenâ adoptione placaverit, & exterar
241 420 837 464 gentium voluntates adiunxerit, & ab-
240 454 832 496 alienata militum ſtudia reconciliaverit,
240 484 832 525 atque devinxerit. Quod cùm Tyaneus, in
239 516 835 589 âaagee
239 578 844 648 aâ!
238 641 830 681 munimentis, & Imperatoris ipſius, &
236 672 828 710 omnino Flaviæ gentis fortuna videbatur
201 702 899 779 ?ieâf!
216 760 825 807 imminentem ruinam, & Romanorâ vim
235 795 827 836 â ſuo capite Domitianus arceret. Nec
217 831 828 867 cum ratio perditiſſimi conſilii fefellit. Fi
217 858 821 905 liis enim Clementis non ita pridem ad
217 882 905 941 Imperium allectis, eodem die unâ cum
235 926 822 967 !Patte ſublatis, ex Sibyllinis verſibus, &
216 906 822 1001 Fottunæ Pcæneſtinæ catmine, quo, quem-
218 987 821 1030 admodum Tyaneus explicabat, ad Deo-
235 1021 821 1059 rum iram avertendam ex CHisrr diſci-
236 1051 818 1090 plinâ Pater, & Filii poſcebantur: exutus
218 1081 818 1128 patruelis opibus, & Cæſarum jurenum
733 1125 890 1169 cuſto-
