687 1290
188 222 220 240 5
558 236 679 273 169
43 260 679 318 cuſtodia Domitianus, Magicis artibus la-
43 294 672 332 tus dedit: & in illam ſe ſe perniciem vo-
45 325 675 396 2eefâte
45 389 599 432 expectatione depulerat. Ergo fidâ ſtipa-
45 421 684 464 tione neceſſariorum deſtitutus, â conju-
44 455 670 492 ratis, qui non tam ſuum, quàm publicum
1 484 668 522 dolorem ultum ibant, oppreſſus, Apollo-
1 516 668 555 nio geminam palmam dedit, & hoſtilis
1 549 670 592 exiti, quod in Imperatore quærebat, &p
44 580 669 616 implacabilis in CuRisrv invidiæ, quam !
47 610 667 653 Cfriſtianæ rei laudibus, & incrementis!
49 641 666 679 inflammatam, Chrrſtianorum calamitati-
50 671 440 706 bus extingui poſſe credebat.
84 704 596 741 Bomæ geſta res eſt anno Seculari, con-
51 735 663 777 fuentibus ad ſæculares ludos undique
48 769 594 806 peregrinis : quo tempore IoAEs Apo-
46 800 663 841 ſtolus, Æebedæi filius, unus ex cæteris
1 830 669 876 Collegis ſuperſtes, Romam ex Aſiâ pro-
47 862 661 904 fectus, Romanâ arcem, & Eccleſiæ prin-
47 896 589 933 cipatum PErrs auctoritate fundatum,
3 928 669 984 Pavtuq; virtute ſtabilitum, ſuâ quoque!
44 958 592 997 ſuffragatione muniebat. Igitur ad imma-
44 991 658 1029 ne facinus præcunte Tyaneo, Sibyllini
45 1024 658 1060 carminis, &Præneſtini Oraculi interpre-
624 1046 658 1079 2
1 1058 657 1092 te, CLmErs jugulato, Filiiſq, mactatis
1 1087 657 1123 in Minervæ ſacro, in omnè deinceps!
42 1110 666 1161 Chriſtianæ Reip. corpus ſævitum eſt. In
1 1150 587 1183 Inſulam Pandatatiam, & Pontiam aman-
40 1166 663 1226 datæ Dorrittæ duæ, Ionurs in Cy-
1 1215 585 1251 cladas deportatus, in omnem ætatem,
1 1241 664 1287 ordinem, ſexum iterum erupit Neronia-
