874 1251
23 29 480 61 5DECIAS TRODIA. 2
1 51 398 84 ex ipſe noſtrum, ſenſit, & vultum ſimul,
1 74 399 101 mul arms fectens, Siſite b ſocii fagam,
1 98 375 129 enemur, inquit ; non decet tergo viros
1 119 388 151 xcipere mortem, pectus adverſum date,
1 142 415 172 erte armain hoſtem. ſc miſer fruſtr ſaos
1 166 414 196 1crepitat: illi denſa per nemoram impigrè
1 189 430 218 umeta reptant, quemque quâ ſubigit timor,
1 212 361 241 tabeſſe ſocios vidit, & nudum latus,
1 234 370 265 nfremuit amens: aggerat ſurias dolor,
1 258 367 283 uriæ dolorem; nec pudor turpes finit
1 280 396 309 aptare latebras. Ergo non dubius mori,
1 302 395 329 er tela & agmen pronus adverſum ruit
1 327 371 353 Iumque laceſſems fata. fulminenm rotat
1 348 403 378 Enſem huc & illuc. quaqne pilorum ſeges
1 371 410 402 uſpidibus horret denfior, curſam incitat.
1 392 339 423 Qualis cruentus inter Armenias leo
1 415 438 447 Seprenſus haſtas, aſper & dirùm inſremeus
1 438 325 470 Cervice totas excutit fulvâ jnbas,
1 460 426 489 5trictoq́ue nunc hos dente, nune illos petit.
1 483 382 515 Nos, quando juſſa non ſinunt alind tua,
1 506 395 538 Eimuc arte vulnera, aut clypeo cadunt.
1 530 364 557 iratur ipſe indigna tam lentos pati
1 552 364 584 Impunè ab uno, cominus nullum ſibi
1 575 473 603 Conſerere dextram; duḿue violento imminens
1 600 416 628 Furore in ictums ſnrgit, igenem impetum
1 623 406 651 Æreine triplices non ferens clypei moras
1 647 359 672 Diſſiluit enſis. hæſit ignotumu intuens
1 666 495 698 Capulum, atq; inermem dexteram: at turba undiq;
1 692 357 718 Clamore im unum tota ſublato volat.
1 713 449 743 Centumq́ue fruſtrâ manibus obnixum premit.
1 736 482 767 NA. Facere imperara militis primum eſt decus,
1 761 415 791 Non quidouid ira ſuaſerit. temerè obvium
1 785 416 814 Truucare feero: fiſtere ardentem impetum
1 809 418 837 Vel inter arma. jamḿue libratam manum
1 828 441 856 Revocare ab ictu, cùm tuba recepeum canit:
1 854 384 882 Per jacta paſſim ſpolia, per fuſas ones
1 874 393 904 Hoſtem irretorto lumine ſugacem ſequi,
1 898 437 928 oc milimre eſt: Nunc & hoc noſtrum reor,
1 921 415 950 Diſpioere veſtris paria quæ meritis queant
1 943 362 972 Præmia raâ: faxo ne fraudi ſient
1 955 489 996 emieca cuiaom ſpolis, dom ſequitur ducem.
1 987 422 1017 Quid veò Regis liberi? an tutum tenent?
1 1005 565 1042 NVN. Iam puro tenentut: vix enim exiguo pacon
2 1033 370 1065 Soatio anteibant, ut ſugaces prodere
1 1050 443 1086 Reris miniſtros mors propè admota impulit.
1 1070 470 1108 NAB. Sapienter iſtud. Emica actutum in pedes
1 1096 395 1130 Ouâ te antecedit rmor. & noſtro refer
1 1118 505 1154 Hæx cera Regi; Reblathis quantoc5â? vot.
498 1235 627 1249 0II
