759 1259
38 1 576 63 sx0âCIAS TRoDIA. 5!
7 55 404 86 Seriem malorum noſſe regnorum Arbiter,
1 80 348 108 5Ni mens fuiſſet læva, fatorum minas
10 102 418 128 Pridem imminentm potuit admonitu meo
9 125 380 153 Vitare Iudas: potuit; at tumidi Duces
10 148 335 174 Inauſpicaâ tela ſumpſerunt manu
9 172 389 194 Traxere bellum, cujus Aſſyrium quoque
1 191 407 219 Miſereret hoſtem pluſq́ue pmnarum tibi
10 216 425 244 Volens pependit Solyma, quam poſſis ferus
11 238 371 268 Exigere victor. Pace ſed dici hoc tuâ
535 230 576 249 i
10 261 397 288 Liceat: Suorum ſcelere, non veſtro Sion
11 283 384 308 Exciſa ſerro eſt: alibi regnorum decns
549 291 581 319 5
1 306 369 331 Huc ferat & illuc aura fortunæ levis;
5 329 383 356 Noſtri ille Rector, cuius æterno ommias
9 350 394 376 Nutu feruntur, imperi ad clavum ſedet,
10 373 414 399 Rerumśue taxat moribus noſtris modum
9 395 415 426 Te, quem ſecundo bella ſucceſſu efferumt,
11 418 451 444 Animos feroces premere, moderari impetum,
9 440 418 472 Memoremiue ſortis eſſe communis decet.
7 463 407 491 Suis ruinis Solyma quem tumidum facit,
6 484 496 517 Tumidum domaret melims; hoc Babylon loco eſt,
6 508 460 546 vVude illa cecidit: quiq́ue momemto obrui
2 533 348 562 mperia noſti vicor, ipſe mox tuo
7 555 388 584 Docere id ipſum victus exemplo potes.
7 578 440 609 Nec mille forſan Ducibus, aut annis morm
7 600 437 627 Pacies duobus: fata quam paucisD EVS
7 623 408 649 Tam lenta dixit? una nonnumcuam dies
8 646 441 673 Funere triumphos mutat, & ſamulo Ducem,
6 669 403 697 Hæc tu memnento; quoque fortuna altiius
623 675 654 689 9
6 694 375 721 Tlæta tollit. leviùs aſflictos preme:
6 719 436 739 D EV M faventem metue, nec tutum puta
6 740 505 762 Etferre cuiquam contumax cælo caput. (cant.
4 760 505 790 NAB.Sua cuiq: dextra eſt, ouod DEVm populi vo-
2 783 511 809 Iſ. At illud unde eſt quod tuam dextram vocas !
2 806 509 835 NAB. ne ergo terræ filium. aut fungum putas!
2 829 451 857 Non ſunt parentes? IER. At ſuæ parentibus
2 849 508 877 Dextræ ſuerunt: unde? NAB. Quem captas ſenex,
4 874 530 904 RegÆ, an Sophiſtam? IER. Neminâ eſt animus meis
1 897 451 926 Caprure verbis; nec tamen noſtrum arbitror
1 919 499 950 Palpare Reges. Rer es, at te hominem decet
1 942 471 972 Meminiſſe eumdem: purpuram, & regni notas
1 965 408 992 Natura neſcit. quæ ſinu nudos dedit,
1 987 480 1015 Nudoſq́ue recpit. NAB. Iure naſcemdi pares,
1 1008 490 1039 Forruna pon iſcrevit. IER. An ſorte hc regi,
1 1034 381 1061 Nut:ine potiùs menris æternæ putas
1 1051 514 1083 N AB. Fcrtuna magnum eſt numen aut nulli reor.
1 1075 515 1107 IER, ortuna nullum eſt numen, aut cæcum putâ.
1 1103 374 1131 N deli genti dona ſi ſpargit manu.
1 1117 455 1150 Cur colitur aris, nulla quæ merita adſpicit?
437 1130 575 1153 Fruſtrâ
275 1147 332 1166 V 2
636 1236 697 1257 2.
