669 1264
54 42 564 77 30s CAROLI RALAPETII
92 70 496 94 Fruſtrâ e colendo, demnereri cm equis.
94 93 495 117 Sin merita prudens penſat, & votis favet,
94 116 578 140 Fortuna non eſt. NAB. Fata, fortmnam voca, at
57 139 526 164 o5 Quodcumque tandem volvit humanas vices;
93 161 464 186 Nifi ille potiùs, quem fibi quivis manu
91 184 456 208 Sancire poterit, ordo fatorum manet,
90 207 586 232 IER. AÆquúmne fuerit, ſummus ut rerum parens,
92 230 508 253 Quæ cuncta ſapiens condidit, caſu ſmat
55 253 507 277 n2 Neglecta ferri; ut quidlibet temerè audeat
89 276 511 301 Libido inulta? num tuo morem hunc velis
89 299 446 324 Regno obtinere, regis ut nullo metu
88 322 574 347 Logumq́ue nullo, quiſque quod lubitum eſt nefs
89 345 574 370 Deſignet ultro? NAB. Quid ſi & hoc mundi decus
54 367 452 393 5Temere coiſſe nobiles cenſent Magi?
89 391 549 416 Cur ſorte nequeat, ſorte quod natum eſt, repi?
87 414 567 443 IER. Sublimè fammas mille qui appenſas videt,
86 437 435 459 Stabilique cælos ritè volventes vice
85 460 439 485 Lunæ labores; Solis eximium jubar
49 483 493 508 Nunc alta ſcandens ſpatia radiati ætheris,
87 506 488 531 Nunc capita gyro noſtrpropiori legens,
85 528 436 551 Libranſque toti lance bis juſtâ diem
85 547 594 574 Noctemq́ue mundo; cernere hæc, inquam,pota
84 571 464 595 Oſtents rerum, credit & cæcum chaos,
50 592 508 623 15!agis ipſe cæcus) cuncta dum miſcet, ſinu
81 616 521 641 Fortè omnia extudiſſe? pars mundi quota eſt
78 640 539 664 Veſtra illa Babylon, quam tot artificum manm
77 662 517 687 Vix condiderunt? nemo, quæ certâ undiue
38 687 468 710 Ratione conſtant, eſſe fortunæ putat.
44 709 550 737 2oNAB. At ille Olympi, ſi quis eſt rector, polum
77 732 495 754 Habet, habeatq́ue ; dum tamen terras ſinat
78 755 433 779 Nobs regendas: ſorte diviſui mibi
76 778 516 802 Non invidendâ cum Iove imperium feram.
66 800 600 830 IER. Mundi ille rector. qui tibi ſuperbas dedit..
43 824 459 850 rFrænare gentes, hoc tributum Regibus
75 847 511 873 Imperat. honorem, & Numinis lfi metum.
77 869 472 896 Reges timendi gregibus imperitant ſuis,
77 894 498 918 Major minores territat RegesD EVS.
77 916 507 941 Tute ipſe noſtrum carcere & vinclis prems,
15 940 528 971 4e Sibi perduelles non domet RegesD EVS:
77 961 482 988 NAB. Nequit rebellis eſſe qui nulli fidem
76 983 554 1010 Obſtrinrit. IER. At qui condidit, cunctos ſbi
76 1008 469 1033 Obſtrinxit idem. Lege non aliâ ſumus.
76 1031 487 1055 Quis cum parente pactus in manum venit,
16 1052 447 1077 245 icto audientem flium & ſrugi fore?
74 1076 488 1100 Dei, & parentum naſcimur: noD vendicat
72 1094 522 1122 Hancipio abactum ſilium ut prædam pater.
69 1120 550 1147 NB. At enim parentum nota maieſtas palm,
17 1135 464 1168 Et ota Regum, facere ſijuſſa abnuis,
498 1168 573 1187 Vindex
