658 1258
76 21 547 47 30 CAROLI MALAPERII
119 44 509 71 Servire miſeros, nobili & vinctos jugum
75 67 529 95 295 Aecipere collo. Regibus nemo hoc neget.
119 90 501 116 Sic tibi ſuperſtes vivat illa ſpes domus,
118 112 472 137 Aliuſq́ue ſolo nomine Evilierodach
117 135 515 162 Virture reddat, reddat & vultu patrem;
118 157 512 183 Partiſq́ue populos addat imperiis novos,
73 180 582 210 2o0 Si quos relinques. NAB. Arma qui nuper ſeror
116 203 563 233 Solymis rotabat, verlia quâm blandus jacit
114 225 564 253 En tibi trahuntur liberi ; amplexu, oſculis
113 248 480 274 Laſſare: ſic te decuit agnoſci patrem.
114 270 607 301 FIL Pater heulpater mitSED. Filii hen digni patæ
71 293 447 321 25 Feliciore quid tenellis compedes
113 317 519 345 Tentare rigidas manibus incaſsùm juvat?
111 340 607 369 Heu vanas pietas FIL. Heu patermiſer hen paterl
112 363 503 390 SED. Ire, ite nati, Principis pectus ſeri
112 386 512 412 Mollite lacrymis : veſtra ſollicitum ſalus
70 409 546 436 22 Habet prentem, nil meas pœnas moror.
113 433 585 459 FI.. Miſerere Princeps, vincnlis patrem exime.
111 456 560 482 NAB. Procul amoveto, lictor, inviſum genus.
111 478 563 504 Pereant ſeleſti. SED. Sceleris aucorem tenes
113 501 498 526 Reum. fatentem: pmrce turbæ inooxiæ,
69 523 496 546 225 Nifi ſi in parentem erimini pietas datus.
111 546 548 568 NB. Iam ſunt nocentes. perfidi, ſi ſunt t:
110 569 577 592 Tollantur hoſtes. SED. Hoc capit nomen puerI
110 590 607 616 NAB. At capiet olm, Solymma câm generis memor
110 614 516 638 Recidiva ponet: pertinax amor hic patris
14 636 458 659 0 Conſulere natis ante Chaldæos fuis.
111 658 539 683 Penitaſque belli tollere ſementem admonet.
109 681 540 707 SED. Ceſſuat leonis, hoſte proſtmato, furor;
108 703 497 730 Lacemat cadaver ſi qua de vulgo ſera eſt.
106 727 538 753 5AB Poſtratus hoſtis ſæpè vires integrat.
68 749 597 776 5 SED. Non f iacemus Iſacidæ, at cuiquam timos
108 772 565 799 Poſfmus eſſe. NAB. Surgere, qui vivit, poteſt.
108 796 562 821 SED. Victorem in omne lenitas vulgus decer:
108 818 606 844 OQuid Regâ in ipsâ? NAB Nèpe qui Rex non fores,
107 841 580 867 Nis hoc dediſſemâ. SED. Regibus fueram ſacus;
18 865 604 889 no Hoc non dediſti, NAB. Fateor; hoc habems tuum,
108 887 534 916 Qhd perfidorum pemfidus Regum es nepos:
106 911 528 937 Cavere noſHrum eſt nequas damnatum genus
108 935 493 959 Soboles propaget, femper ut minoribos
62 956 503 981 Perfdia plateat major, & inauſa audeat.
20 979 592 1006 235SED. Quos jat rebelles (velle fac rurſos queam
102 1001 558 1026 Tnrare populos? Quntulum Iſacidum fames
106 1023 551 1048 Peniſque reliqunm fecerant, flammæ & fucor
104 1045 556 1077 Inimicus hauſ nalla tam grandis ſeuener
104 1067 487 1097 Ptas redemir; feminm nullus pudor,
22 1089 489 1119 4Nî forma placuit: vix ſatis leri capnx,
105 1112 483 1150 rer vuluus infans matris orcrbonit ſns,
504 1136 602 1164 aſœnde
1 1193 27 1220 1
