579 960
223 13 405 46 (0
86 19 122 34 IO2
108 37 567 86 Examiare, pallium um abum geris.I
107 74 480 97 Redi modò, ſecurus ad ſcholam redi.
49 96 566 131 Edm. Redibo. Sed contenta vix erit Parens,
106 123 576 147 Si reſeiat. Ldm. Nil dicere Parenti hæe
130 154 183 174 opus.
105 172 476 200 Alio modo pro injurla faciam ſatis.
77 192 570 232 Ludim. Nihilne pueri auduſtis ex dictis modo
85 223 571 281 æt
134 274 182 292 Nihil
97 297 572 330 O.nnino percepiſtis Giſp. obſeure audii
92 322 573 358 Aliquid de anate. Ruf. Ego de anſere. L
134 349 381 373 dimu. Et quid de anſere
82 370 574 399 Ruf. Qalem Parens Edmunduli, cui neſcio,
108 398 488 422 Pioguiſſimum ſubmiſit, & dno dedit.
53 419 574 449 Ludim. Iam nimit pueri audiiſtis. Aures
136 447 220 468 elaudete
108 471 512 497 Vobis oportet melius. En ſe. Auribus
107 495 474 525 Circumligate veſtra Collaria. Cito
111 520 576 544 Cito. An modò auditis nibi Fri. Ni-
136 547 237 569 hil, nihil.
83 568 537 599 Ldim. Iam Giſpile hnc. Cur poma, vel n2-
135 597 213 616 tes heri
105 619 538 651 Subducere auſus Ruſtico est quis tibi comes I
108 645 491 675 Fucr:que facti paricepsl die candidè.
109 670 476 699 Noli negare quidpiam. Scio omnia-
82 693 537 723 riſp. Quid ergo quæris, ſi omnia prius iaτ
128 720 187 746 ſcias
62 741 576 779 Ludim. Quoniam fatentes enpio mo coran
115 775 181 793 reos.
69 787 576 828 Giſp. An ergo cupls, ut mentiar, ſi me reum
487 822 576 853 Fate-
74 859 362 880 redit in ſcholam Edmunulus.
33 874 404 911 Pueri collaris auribus circumligant.
