578 962
227 21 406 49 (0
88 23 114 41 a6
58 53 557 84 Hecbſt. 3. Hõchſtudianus eſt, ſed inter hun-
137 87 189 108 gatos
111 107 485 134 verſatus olim mlles hungaricè loqui,
112 131 501 155 aut ſtrenne iurare ſaltem doctus eſt.
89 156 513 183 Cnlon. t olim ego jurare milites ſaoros.
89 181 552 211 Gogl. ſit vetita jnraments tantu ſuevica;
112 207 551 236 Hungarica concedantur, ut veri Hungari
111 232 526 260 Videamur, & timeamur s Turcis magis.
88 256 549 283 Centurio. Iam vos Sacro eum exereitu on-
134 283 209 308 iuogite.
87 305 547 340 Gogl. vbi cæteri ſnnt Milites Vexillif Sub
136 333 222 358 proxlmis
110 357 475 386 Aroribus æſtu martdo pleni brevem
108 382 543 408 Captant quletem, dum redux urbe veniat,
101 408 527 436 quem noſcitis, Eremita ductor Agminis
109 432 542 460 Saeri ſuturas. Gogl. Nos qnoque æſtu Martio
108 456 525 484 Pleni quiete egemus. Intramus nemus,
109 482 481 511 & inter umbras arborum præludimus
81 505 575 535 Craſtinã inenndo prælio. Colon. Quin ſiſtite
108 533 539 559 adhuc parumpet. video, vos nondum Cruce
109 558 575 586 Siguãſtis. Gogl. vtiqne eè dum ſurrexi-
132 588 183 606 mus,
107 606 536 637 Signa vimus nos. Imprimito fronti Crucem.
85 627 575 662 Gtoglouis & Hoechſtadi mnes ſiguont ſe
134 658 194 680 Cruce.
84 681 573 710 Colos. no exigo he in fronte formundem
130 708 222 732 Crucem
107 732 469 762 Sed Pileis & veſtibus, prout decet,
106 757 462 782 & nos habere cernis, aſſutam volo.
107 783 521 813 Hæe nempe Crux eſt teſſera Saerl Militis.
82 807 531 834 Cent. Sed forte non habebitis punnos rubros,
106 833 572 861 Ex queis Cruces formetis. Vexill, haud opus
128 859 184 890 rubro
471 891 562 918 Penno
