570 964
227 34 410 62 0 3
48 38 107 66 4
73 64 542 96 Quls poterit ebsqne nnſea Pu. te
136 91 242 117 ſimpliceml
82 116 442 142 Nuper Parens Tyroleos ẽ finibns
105 141 540 165 Miſſum recentem Turicum, ſi nominat,
108 166 541 193 Hauſit cruorem enpidus, & Matri quoque
108 192 541 219 Quiι & mibi aliquid inde guſtandum dedit,
109 217 487 241 Nil ſuavius, nil dulcius, nil ſapidius
106 242 492 268 Hoc barbarorum ſanguie in vita bibi.
80 267 540 294 Decur. guſtemuus & nos; ebrii hoſtis ſunguine
104 292 540 318 Audacius pugnabimus. Laοing. vldeor mibi
105 317 510 345 lamjm eſſe totus ehrius: Tanto flagrat
106 342 540 370 Hoc pectus æſtu in bnrtaros Cogl. age
129 368 214 389 Voſmuſe.
104 392 567 427 Santu Patrτmmoneto: nos ducat cιto,
107 418 482 441 t craſtina jam ſtemns in Terra ſacra.
80 437 567 467 oſi. quid ereſtina iem ſtetis i Terra ſacre
106 468 473 493 Volare nnm poteſtis, ut nocte unica
103 493 489 519 Tot menſium conficere ſperetis viamt
81 512 567 545 Signif. tot Menſum? Subfign. num diſtat à
128 543 253 568 nobis procul
85 568 538 596 Saera regio Paleſtina? Tympanot. plus len-
130 594 233 613 tis tribus
79 616 567 650 oſim. Ieucis tribus ter mille Ieucarum ſi iter
102 643 567 673 Confeceris, mihi crede, ne turim quidem
104 669 567 703 Solymnæe videbis. Fluns. tamdiuA Patria mea
81 694 463 720 Abeſſe vixdum potero, nec ſocli mel.
79 718 567 750 Colon. an Helveti eſtis I pudeat hoe ſuevis
127 746 216 767 probrum
100 770 471 795 Inferre; ubique patria ſit ford viro.
77 792 568 827 Sign. Ego Patriam non curo, ſed Mates meam
101 820 478 847 Abſentia num ferre poterit tamdin
75 843 567 885 Colan. atrem ergo plus quam gloriam & fi-
123 876 250 898 dem ſi amas,
508 893 568 925 A
