583 962
181 35 359 61 (0 I3
1 71 467 94 2 A Matrem abito, nos nibil terent vi
68 96 499 122 Aut temporum quæeunque ſpatis. Cent.
95 122 199 146 quin juvat
1 146 500 171 3 VIdere multas exteras urbes. Decur. jτvat
1 171 436 195 e Diuà Scholis vacare, ſi diutius
1 196 469 219 Bellum ſaerum nos detinet, diutins
71 221 439 243 Fruemur aura libera, immunes metu
69 246 501 272 Patrom & Magiſtri. Tymp. dicis omnino
1 272 176 296 t optime,
1 296 436 321 i Iueundius nonne Socii eſt percurrere
69 321 454 345 Vireta, quam ſedere triſtes in ſchola.
1 345 505 372 1 mnes Diling. Iuenndius.. Colon. Nil ergo
97 372 230 390 curatis moras
71 395 505 421 Longaque viarum ſpatia Gnnes. Curamus
99 422 150 440 nihil.
171 466 384 500 Scena Septima.
48 501 505 536 Accedunt prioribus Mopſulus M.
1 526 504 564 nalcas perſonatus habitu, quo ex
80 563 505 598 Iurcica Captivitate redeuntes, 6
78 592 506 623 Mondic antes utuntur, cum catena e
1 621 547 655 collo, ſimulans abſciſſam ſibi lin-
81 660 155 681 Ruam.
1 680 507 707 Puns. Sed quale ſe ſpectaculum hic offert?
49 706 249 732 Mops. Stipem,
76 731 436 757 Domini, Miſellus iſte captivus rogat.
53 756 507 782 Cent. CaptiusI Mnps. Eo CatenaI Signif.
53 782 256 801 ſed liber tamen
78 808 509 833 Incedit, atque fugere quo volet, poteſt.
57 831 509 857 Esm. cur ergo ſit cnptivus ant cujus reus
77 856 509 883 Eſt eriminis, & in vincula datus, Mops, nullius
80 881 475 907 Sceleris reus, ſed aptus in bello ſaero
485 907 513 926 Ab
275 909 315 935 5
