577 961
231 19 411 49 a (0
102 49 537 82 Hæc vota; vos ſeqnamii vocem meam,
116 76 499 106 Hue ſignifer Vexilla. Iam flexo genu
114 102 464 131 Vexilla biuis tangite digitis duces,
115 128 554 157 Miles gregalis Iympano imponat manum.
91 152 552 187 Diling. i. Et eut gregeles milites tts mann
116 177 526 209 Bimisque tantum vos Duces digitis fidem
113 202 552 234 Inrabitis Subſgr. Qula ſcilicet igitus Ducis
115 227 529 257 Pos, quam gregalis ilitis manus velet.
89 252 550 284 Diling. . Aτ nos gregules milites taotum
140 282 235 307 ſumus?
113 300 505 333 Te ſgnifer jam ſæpe præceſſi in ſehola.
89 328 549 360 Diling. 3. Sic & ego te Centurio, cnr non
139 364 191 385 pare6
112 378 477 411 In dignitate ſimus in caſtris quoque
114 402 549 433 Saerõque Bello? Cent. Nempe Bellidnx
139 438 210 459 mes
112 452 497 481 Parens fuit, & hine flium Belliducem
115 479 476 512 Quis poſſit gre ferre Privilegim
114 504 409 535 Inſigne nobilitatis eſt, at ſlii
115 529 508 556 Belli Dueum naſeantur in cuis Dues.
89 553 546 588 Sigs. Nec ſiguifer ego factus ablque ſat gravi
111 579 545 607 Retione ſum. Vexilla, quæ coram vides
113 606 574 635 Meis paravi ſumptibus, rubram crucem
111 629 503 657 Ex ſerico ut onteerem, ſuam abſtuli
111 647 574 684 Meæ ſorori Tæniam. Diling. . Per me
139 686 212 711 quideτ
111 704 471 735 Tn ſguifer potes eſſe, mCenmurio,
112 731 461 759 Sed nos gregules milites ne dicite.
113 760 429 793 Ges Dilingani pratet Duces.
112 785 533 815 S eſt. Gregales milites nos non lnus.
87 811 543 847 Diling. I. Potius domum redims. Colon.
134 842 290 867 Abſiſtite, rogol
103 862 489 893 Periculoſo hoc abimn I bello ſaero.
475 886 546 908 Fieτns
