564 959
166 31 349 61 (0 3
463 37 513 58 r5
1 66 422 93 2 Gratlſſimus ero talibus ſpoliis redx.
33 92 484 118 Subſign. Nobis pariter expoſcimus ſacr ſpoll.
1 117 372 144 2 Voſm. Decurio diſtribue ſingulis;
51 142 482 172 D.t corbem Decurioni ad quom pueri accur-
1 167 311 194 8 rentes grone diripiit.
31 191 291 217 Subſign.-- MBi
1 216 482 244 Primum. ymp. Secuodom mihi. Ous.
74 244 270 264 Meum mihil mihiI
31 266 514 296 Aeecur. Si rapitis ipſi, quid ego dividam
1 292 208 317 e Loſm. ſine,
1 317 483 344 2 Rapiant, ut omnes dicere quennt, ſe ſaera
1 342 423 369 3Domuτ referre ſpolia de beſlo ſecro.
53 367 349 393 lam ſpolia ſaera pileis affigite
1 393 460 418 I Et vos Duces ſuſpendite e collo ordinis
54 417 474 444 Inſignis. Et vos Patribus atque Matribus
1 442 329 468 I Socoribusque glorioſi ſiſtite.
34 465 482 493 Cet. Repetamus urbem ad interi. Decur.
78 492 289 519 Sed non ſeholam.
37 515 454 542 Ioſ Communicate ſpolis veſtris Patribus
1 542 381 564 Et Matribus relata de terra ſacra.
55 568 434 593 Sie plauſibus communlbus vos civitas
1 591 483 626 Excipiet omnis. Colon. Siſtitel soncto viro
1 617 472 645 Adhue petamus gratian: nd nos prodeat
56 641 397 669 Et interim ſacro agmioi dextra ſua
56 666 472 694 Piè precetur, donec opiatam Polus
1 685 446 718 Revelet horum, qua velit noſtra manu
1 716 451 745 Sacrum ſepulchrum Baroro eripi jugo.
1 746 527 780 t Loſin. Quod poſcitis piſſimè, hoe ego po-
81 777 129 795 mine
1 800 429 827 Santi Viri præſtabo. Vobis optie
57 824 484 852 Precabor. Cent. A tn ſaoctus es Lſ.
81 852 241 874 nondum quidem
60 875 486 897 Sed bre.i ero. Sanctus interim Pater meus
244 902 287 926 D 4
