1188 1984
274 135 908 210 196 EVILMERODACH
228 212 1185 297 Regale in oſtrum. mox truci impoſuit ſuæ
231 253 1185 338 Diadema fronti. Victor hæc poſtquam tulit
230 318 1002 395 Opima de te ſpolia; marmaricus furor
237 352 1185 438 Reſedit ultro: ſoſpitem hinc retro gradum
237 419 1185 493 Referre licuit; niſi quod abcuntem manus
236 482 608 550 Ignota ferro petiit.
482 543 864 598 ARTABANS.
798 581 1185 643 t narras, fuit.
240 644 1014 718 Obſtupeo? Viſa retegis at fruſtra; ſiles
240 679 1185 773 Si quæ caverc debeam, aut prudens ſcqui:
242 753 826 827 Quidvc ita Superùm minitet.
572 831 811 881 DANIEL
756 863 1185 927 ,Haud raro Deus
248 925 1185 1009 Occludit ora Vatum, ut in peſſum ruant
250 975 1185 1057 ,Conſilia Regum. Tenuc per veſtigium
249 1025 1185 1099 Sed ſaltem ut aliquid mente conijcctes, velim,
252 1077 1185 1149 Tecum ipſetacitus pauca, quæ promo, cxiga.
253 1125 1090 1210 Aſyria late Genitor dominabitur, una )
256 1169 1185 1248 Cur tantum ſoboles, quæ ſit tamen unica quampis;
258 1231 1043 1298 Heroum numerum ingentem virtutibus quat,
258 1279 992 1349 Incolt hac tecum regalia tecta. Parentis
261 1327 1049 1400 Hac lrepe poſt regnum ſceptro potietur avite,
422 1418 900 1495 ARTABANS.
265 1456 1185 1554 Agnoſco, notras ore blanciloquo ſtudes
265 1525 1024 1595 Mulcere curas. Mitte fallaces ſonos:
267 1560 1185 1645 Mea fata clare loquere. Rexero, anſccus
1019 1614 1185 1663 DA-
270 1673 1185 1727 n ma C
317 1696 1161 1780 ( Vaticinium anceps, quod referri poteſt,
270 1753 1016 1836 d filuum rtabani, & ad flium Nabuchi,
