1188 1984
421 119 957 169 AcTus clrts. S3
385 207 745 250 NABCHS.
896 271 1005 323 Rogo
123 314 981 368 Da, care Daniel, noſſe, quod fieri eſt opus.
444 402 753 442 DANIEL.
120 463 920 514 Hanc pone curam: Fata volvantur ſuo
124 514 417 554 Permitre curſu.
454 583 675 623 NADAB.
125 648 750 693 Pande nunc, Genitor, tuos
126 696 957 752 Mihi pande caſus, quæquc pertuleris mala.
386 779 745 819 NAB mS.
126 838 943 889 Acerba fatu poſcis. At quamquam loqui
126 888 1006 945 Mens refugit ægra: ut inde documentum
812 946 959 984 Ctamen
129 986 958 1039 Capias, verendus quam ſit aſtrorum potens,
127 1037 1010 1087 RerumqueDominusiquas tuliarumnas loquar.
128 1086 926 1138 Expulſus rbe, in nemora præcipiti fuga
131 1136 852 1186 t me recepi, ſicca cum fauces ſitis
132 1185 831 1227 reret anhelas,vitrei ad fo:tis celer
130 1233 992 1285 Ripam cucurri. pronus in faciem haud ſemel
129 1284 878 1335 Aduſta labra prolui. Inde cum caput
130 1333 948 1385 Conarer iterum tollere; en ſubito obſtitit
129 1381 938 1435 Immane dorſi pondus, & dorſum ſecans
129 1433 939 1485 Protenſa longe ſpina, ad æthereas plagas
131 1482 890 1521 Neſcia reflecti. Brachia in crura illico
130 1530 954 1582 Abiere, verſæque in pedes ambæ manus,
131 1580 990 1633 Quos bifidus unguis, cortice & duro rigens
130 1629 858 1680 Diſſecuit. Imo palear em nto cute
131 1677 909 1731 Laxa pependit additum fronti eſt onus.
868 1729 967 1767 Tam
