1188 1984
740 120 842 144 5 5s
288 135 362 177 448
242 198 1180 259 rumique inſtitutor dolis egii Miniſtri corruptus eo!
37 247 83 298 5
244 249 1182 313 operam, fraudemque omxem confert, ut nempe Ma-
248 302 1180 354 thathiam ſaltem ad ſacrilegi cultus ſimulationem in-
250 350 1186 410 ducat. Hoc pretio vitam fonathæ, qui ob pueri-
252 400 1181 457 lem cujsdam ex ſegalis ul Proceribus oſaicæ!
253 451 1185 515 Legis irriſoris agreſſionem apud Regium iniſtrum!
9 496 68 560 I
255 501 1185 553 in libera cuſtodia habebatur, Mathathi redimen-
256 550 1182 612 dam proponit. Quod cum erentu careat, noro ar-!
9 573 87 639 l!
258 599 1182 663 tificiooxatham a vera Religione ad Idola deſc-!
259 651 1185 709 ciſſe, mn ſolennioris Sacriſicii imminente celebri-
11 708 88 768 1
262 697 1185 752 tate Idolis ſacriſicaturum Farenti per ſummum nefas!
263 747 1185 802 comminiſcitur, atque adeo opus eſſe, ut ipſe coer-
38 772 91 856 2
262 795 1185 853 cendi ergo ſuo aſpectn ſacrilegam onath audaciam
266 846 1185 899 celebritati interſit. Proditor enimuvero in animum!
269 894 1185 949 induxerat ſuum, eamque in ſententiam egium i-!
271 944 1185 1007 niſtrum pertraxerat, fore, ua Mathathias filii ſuil
10 981 92 1033 5
270 996 1185 1057 caput gladio ſupponentis luctuoſo perculſos ſpectacu-?
272 1043 1185 1102 lo Regi Antiocho ad ſpeciem ſaltem. morem gere-I
274 1092 1185 1150 ret: aliisque ea, qua apud omnes pollebat, auctori-!
276 1140 1185 1199 tate, ad ſacrilegam defectionem incitamento ſoret,
278 1195 1185 1250 exemplo. Verum hœ, alique hujus veluti con-!
276 1240 1185 1305 ſectatrices, quæ interſeruntur, fraudes in impit pro-!
281 1290 1185 1348 ditoris caput reciduut. Nam Mathathias ſolennio-!
282 1339 1185 1400 ri Sacriſicio, quo ́ovi litabatur, aliena fraude!
285 1387 1185 1455 ſtans, C nefariam proditoris machinationem, &l
36 1434 99 1487 ,
280 1440 1185 1505 flii innocentiani aperte detegi. Demum prodito-!
288 1487 1183 1550 rem ipſum, quin e Regium Miniſirum divino cor-!
289 1537 1183 1603 5eptus œſtro prope Aram inteŕicit, ́ovisque ſimu!
291 1586 1183 1647 lacrum: omniaque profani ritus monumenta delet!
291 1654 467 1696 epertit.
965 1695 1185 1751 2 L2I
966 1688 1075 1725 Dlî
