<PcGts xmlns="http://schema.primaresearch.org/PAGE/gts/pagecontent/2019-07-15" xmlns:xsi="http://www.w3.org/2001/XMLSchema-instance" xsi:schemaLocation="http://schema.primaresearch.org/PAGE/gts/pagecontent/2019-07-15 http://schema.primaresearch.org/PAGE/gts/pagecontent/2019-07-15/pagecontent.xsd"><Metadata><Creator>User123</Creator><Created>2022-01-25T14:26:59</Created><LastChange>2022-01-25T14:26:59</LastChange></Metadata><Page imageFilename="0518.png" imageHeight="1984" imageWidth="1188"><TextRegion id="r0" type="paragraph" orientation="0.75"><Coords points="1,1 1186,1 1186,1982 1,1982"/><TextLine id="r0_l001"><Coords points="240,146 241,195 853,187 852,138 240,146"/><TextEquiv index="1"><Unicode>50 MATHATHI</Unicode></TextEquiv></TextLine><TextLine id="r0_l002"><Coords points="190,228 191,283 1107,271 1106,216 190,228"/><TextEquiv index="1"><Unicode>Subeam paratam? Cardinem extremum prre-</Unicode></TextEquiv></TextLine><TextLine id="r0_l003"><Coords points="902,280 903,331 1100,329 1099,278 902,280"/><TextEquiv index="1"><Unicode>Cmenss</Unicode></TextEquiv></TextLine><TextLine id="r0_l004"><Coords points="240,371 303,384 304,384 1007,375 1008,374 1006,373 962,373 962,350 960,348 933,348 933,347 932,346 931,338 930,337 917,337 916,336 888,336 887,335 866,335 865,334 703,337 702,336 701,336 700,335 668,335 667,334 667,325 665,323 251,328 249,326 203,327 200,330 194,330 193,331 192,331 191,332 191,333 190,334 191,364 190,365 190,367 192,369 238,369 239,369 239,370 240,371"/><TextEquiv index="1"><Unicode>Mortalis ævi, jam fatiſcentem ratem,</Unicode></TextEquiv></TextLine><TextLine id="r0_l005"><Coords points="747,423 755,423 756,422 756,418 760,418 761,417 760,413 761,413 815,412 816,413 857,412 858,413 859,413 860,412 916,412 917,413 950,412 951,411 981,411 982,410 1004,410 1005,408 1005,405 1006,405 1010,404 1009,403 1009,375 1008,375 996,375 995,376 994,376 994,385 994,386 922,387 921,386 920,386 919,387 869,387 868,386 853,387 852,386 852,375 851,375 850,375 849,374 800,374 799,373 798,374 797,374 796,375 795,375 795,376 795,388 734,389 733,388 695,389 694,388 694,378 693,378 692,378 691,379 691,380 690,381 690,383 689,384 689,387 689,388 642,388 641,388 641,381 640,380 640,379 639,378 638,378 637,377 636,377 634,380 634,388 573,389 572,390 569,390 567,392 566,392 564,394 564,395 563,396 563,397 562,398 562,400 561,401 561,402 511,403 510,403 510,398 509,397 509,395 506,391 504,391 503,390 459,391 458,390 458,375 456,374 450,374 449,375 448,375 446,377 446,378 444,380 444,382 443,383 443,384 442,385 442,390 442,391 381,392 380,391 375,391 374,392 315,393 314,392 306,392 305,393 233,394 231,392 220,392 219,391 219,377 218,377 204,377 203,376 202,376 202,377 202,378 200,379 194,379 193,381 193,382 195,383 196,383 197,385 197,413 195,413 192,416 192,417 193,417 194,417 195,418 199,418 200,417 255,416 255,417 256,425 257,426 259,426 260,425 262,425 263,425 262,420 263,419 263,416 264,415 333,414 334,415 370,415 371,414 493,412 494,413 523,413 523,416 525,418 527,418 528,417 529,417 531,415 608,414 609,423 609,424 616,424 618,422 617,413 618,413 686,412 687,413 708,412 709,413 746,413 747,422 747,423"/><TextEquiv index="1"><Unicode>Et pene merſam, cupio ſcopuloſo e mari</Unicode></TextEquiv></TextLine><TextLine id="r0_l006"><Coords points="193,430 194,479 500,475 499,426 193,430"/><TextEquiv index="1"><Unicode>Statione recipi.</Unicode></TextEquiv></TextLine><TextLine id="r0_l007"><Coords points="536,473 536,525 743,522 743,470 536,473"/><TextEquiv index="1"><Unicode>DAS.</Unicode></TextEquiv></TextLine><TextLine id="r0_l008"><Coords points="781,578 787,577 788,576 790,576 793,574 793,573 794,572 794,570 795,568 1169,563 1169,564 1169,566 1170,566 1177,566 1177,506 1175,504 1172,504 1169,508 1169,520 1167,521 850,526 848,524 842,524 841,525 701,527 699,529 699,556 699,557 654,557 651,560 651,562 653,563 654,563 654,564 655,571 772,570 773,570 773,575 774,577 780,577 781,578"/><TextEquiv index="1"><Unicode>,,Terga fortunæ dare!</Unicode></TextEquiv></TextLine><TextLine id="r0_l009"><Coords points="886,627 887,627 887,616 888,615 945,614 946,613 1012,612 1013,611 1013,603 1013,602 1015,602 1017,601 1016,600 1016,593 1015,592 1010,593 1010,592 1010,590 1009,590 983,590 982,589 981,589 980,588 979,588 978,587 943,587 943,578 941,576 934,576 933,576 705,578 704,577 704,576 703,576 609,577 608,576 495,577 494,578 417,579 416,580 245,583 244,584 244,590 243,591 195,591 195,592 195,618 198,621 198,629 199,629 885,620 885,621 885,627 886,627"/><TextEquiv index="1"><Unicode>,, Inertis eſt. Hoc fata ſi rerum in ſtatu</Unicode></TextEquiv></TextLine><TextLine id="r0_l010"><Coords points="659,676 669,676 670,675 670,674 671,673 671,665 730,664 731,665 811,664 812,663 911,662 912,662 912,668 914,671 915,671 920,666 920,665 921,664 921,663 922,662 922,661 923,661 924,660 924,656 922,655 921,655 919,653 890,653 889,629 888,627 877,627 876,627 876,626 875,624 848,625 847,624 843,624 842,625 840,625 838,627 837,627 834,629 834,630 832,632 832,637 832,638 789,638 788,639 708,640 707,640 707,631 706,629 705,630 704,629 703,630 702,630 701,630 701,640 701,641 680,641 679,640 642,640 641,639 604,640 603,639 603,638 595,638 594,637 594,629 587,629 584,632 584,640 523,641 522,640 522,628 520,628 519,627 518,628 516,628 515,629 514,629 511,632 481,632 479,634 479,643 458,644 457,643 454,643 453,644 406,644 404,642 403,642 400,645 322,647 320,645 318,645 316,647 260,647 259,647 259,642 258,641 258,635 258,634 257,634 256,635 204,636 200,640 200,641 199,642 200,657 199,657 198,657 197,659 197,660 196,661 196,665 197,666 197,667 198,668 199,668 201,670 204,670 205,671 213,671 214,670 257,669 258,668 282,668 313,668 314,668 314,669 314,670 352,669 353,670 353,676 354,677 354,678 357,678 359,677 359,668 359,667 419,666 420,667 422,667 423,666 633,663 634,664 636,664 637,665 658,665 659,666 659,676"/><TextEquiv index="1"><Unicode>Sbis; paterni fuerit equisnam ſoli,</Unicode></TextEquiv></TextLine><TextLine id="r0_l011"><Coords points="196,683 197,733 585,728 584,678 196,683"/><TextEquiv index="1"><Unicode>Fopulique vindex?</Unicode></TextEquiv></TextLine><TextLine id="r0_l012"><Coords points="480,748 481,790 803,786 802,744 480,748"/><TextEquiv index="1"><Unicode>ATHATIAS.</Unicode></TextEquiv></TextLine><TextLine id="r0_l013"><Coords points="1171,851 1179,851 1179,848 1180,847 1185,847 1185,846 1183,846 1182,846 1181,788 1181,787 1180,787 1179,787 1179,783 1178,781 1171,781 1170,782 1170,784 906,788 905,789 900,789 899,790 898,790 896,792 885,792 883,794 574,798 573,799 569,799 568,801 568,802 570,802 572,804 572,823 573,824 573,827 574,828 574,829 575,830 575,832 579,836 582,836 583,837 585,837 586,838 692,837 693,837 693,843 695,845 697,845 698,846 793,844 794,845 804,845 805,846 1169,841 1169,842 1169,847 1170,848 1170,851 1171,851"/><TextEquiv index="1"><Unicode>ndique oppreſſum malis!</Unicode></TextEquiv></TextLine><TextLine id="r0_l014"><Coords points="261,900 266,900 268,899 268,892 268,891 298,891 299,890 384,889 385,888 485,886 486,887 525,887 526,888 540,888 541,888 541,890 542,892 543,891 545,891 548,888 661,886 662,887 713,886 714,885 797,884 798,885 808,885 810,883 824,883 826,881 851,881 852,881 852,885 852,886 866,885 867,885 867,881 867,880 880,880 881,881 881,884 882,884 882,881 882,880 933,880 934,881 940,880 941,881 1031,880 1032,881 1032,888 1033,889 1035,889 1039,886 1039,884 1039,883 1046,883 1048,882 1047,873 1046,871 1045,871 1044,870 1020,870 1019,870 1019,860 1017,857 1015,857 1014,856 1002,857 1001,856 975,856 974,855 957,855 956,855 956,854 955,853 955,852 954,851 954,850 954,849 952,849 949,846 948,846 947,845 931,846 930,845 929,845 929,846 929,847 928,847 927,847 927,848 926,849 926,854 926,855 864,855 863,856 810,857 809,857 809,847 809,846 804,846 802,848 802,850 748,851 747,852 745,852 743,854 743,855 742,856 742,858 681,859 680,858 680,852 679,851 678,851 677,850 666,850 663,847 662,847 660,849 611,850 610,851 609,851 607,852 607,859 607,860 591,860 590,859 588,859 587,860 586,860 585,861 528,862 527,861 516,861 515,861 515,854 514,852 513,852 512,851 497,851 496,851 496,849 493,845 492,845 491,846 490,846 489,847 489,848 483,848 481,850 481,859 417,860 416,860 416,846 416,845 415,845 414,846 414,860 411,860 410,860 410,850 409,848 404,848 402,850 402,859 324,861 323,860 323,848 320,848 318,850 314,850 313,851 310,851 308,852 308,864 308,865 234,866 233,865 233,855 231,853 230,853 229,852 228,852 227,851 224,851 223,850 218,850 217,849 216,849 215,850 208,850 207,851 206,851 205,852 202,852 199,855 199,857 200,858 201,892 259,891 260,892 260,899 261,900"/><TextEquiv index="1"><Unicode>Populum levabit, vindice &amp; dextra Deus,</Unicode></TextEquiv></TextLine><TextLine id="r0_l015"><Coords points="860,946 902,945 903,944 908,944 908,943 908,942 909,942 914,942 915,940 915,936 916,936 952,935 953,934 953,933 955,931 956,930 957,930 957,927 956,925 953,925 951,923 944,923 943,923 943,919 942,918 942,916 939,912 938,912 936,911 935,912 934,911 932,911 931,910 908,910 907,909 906,910 866,910 866,903 864,901 863,901 861,904 861,911 860,911 821,912 820,911 819,911 818,910 803,910 803,904 801,902 800,902 799,901 765,902 763,900 762,900 760,902 760,909 759,910 730,910 729,911 728,911 727,912 680,913 680,912 680,910 679,910 620,911 620,910 620,906 619,905 619,902 617,901 616,902 616,903 615,904 615,906 614,907 614,910 612,912 591,912 590,913 524,914 523,913 512,913 512,900 510,898 505,898 504,899 503,899 501,901 500,903 500,904 498,906 498,907 497,908 497,912 496,912 438,913 438,909 437,908 437,907 436,906 435,906 434,905 432,905 431,904 429,904 428,905 427,905 426,907 426,908 425,909 425,919 423,921 376,922 375,921 375,919 374,918 374,917 372,916 370,916 369,915 277,916 277,917 236,918 235,917 235,911 234,910 234,908 232,907 231,907 230,906 210,906 208,908 207,908 206,909 205,909 201,914 201,915 200,916 200,920 199,921 199,923 200,924 200,928 201,929 201,930 202,931 202,932 209,938 210,938 211,939 213,939 214,940 215,940 216,941 224,941 224,952 226,954 227,954 227,953 227,941 228,941 260,940 261,939 286,939 349,938 350,939 386,939 387,940 390,940 391,939 392,939 393,938 485,936 486,937 562,936 562,937 562,946 564,947 568,947 568,937 569,936 651,935 652,936 688,936 688,939 690,941 692,941 693,939 693,938 694,937 694,936 695,936 773,935 773,943 775,945 779,945 780,943 780,935 781,935 833,934 836,937 857,937 857,943 858,944 859,944 859,945 860,946"/><TextEquiv index="1"><Unicode>Cum res, &amp; uſus poſcet, eripict jugo.</Unicode></TextEquiv></TextLine><TextLine id="r0_l016"><Coords points="1171,1004 1185,1004 1185,962 1184,961 1183,961 1182,944 1182,943 1173,943 1172,942 1058,944 1056,942 984,943 983,942 315,951 314,950 312,950 311,951 210,952 209,953 207,953 205,955 204,955 201,959 201,976 199,978 199,986 202,989 204,989 205,990 207,990 208,991 470,988 471,988 471,995 473,997 543,996 543,997 545,999 974,993 974,994 974,995 975,995 1170,992 1170,993 1170,1004 1171,1004"/><TextEquiv index="1"><Unicode>Sais hoc ſupe que in rebus expeiti aſperis,!</Unicode></TextEquiv></TextLine><TextLine id="r0_l017"><Coords points="298,1050 299,1051 300,1050 301,1050 302,1049 302,1040 1007,1031 1009,1029 1008,1018 1009,1018 1012,1018 1012,1017 1012,1010 1009,1010 1008,1009 1008,1006 1007,1005 1007,998 978,998 977,997 977,995 802,997 801,996 770,997 769,996 385,1001 384,1000 382,1000 381,999 211,1001 210,1002 207,1002 206,1003 201,1003 200,1004 201,1036 200,1037 200,1041 294,1040 295,1040 295,1047 297,1050 298,1050"/><TextEquiv index="1"><Unicode>Diuque fuimus. An Der cſt bonitas ſul</Unicode></TextEquiv></TextLine><TextLine id="r0_l018"><Coords points="201,1053 202,1092 998,1081 997,1042 201,1053"/><TextEquiv index="1"><Unicode>Oblita moris Summus an bclli Arbiter</Unicode></TextEquiv></TextLine><TextLine id="r0_l019"><Coords points="1171,1154 1181,1154 1181,1153 1183,1151 1185,1151 1185,1102 1185,1101 1185,1098 1185,1097 1183,1097 1182,1097 1182,1095 1182,1094 1015,1096 1014,1096 1014,1092 1012,1090 1009,1090 1008,1091 1007,1091 1006,1092 397,1100 396,1099 393,1099 392,1100 380,1100 379,1101 233,1103 232,1104 212,1104 208,1108 209,1121 208,1122 208,1127 207,1128 207,1135 206,1136 206,1138 208,1138 209,1139 220,1139 221,1139 221,1152 223,1154 224,1153 239,1153 239,1152 239,1151 240,1151 745,1144 746,1142 1169,1136 1170,1137 1170,1154 1171,1154"/><TextEquiv index="1"><Unicode>Nunc bella timeat? lpſe, qui meus eſt labor,</Unicode></TextEquiv></TextLine><TextLine id="r0_l020"><Coords points="832,1196 838,1196 839,1195 839,1193 840,1192 841,1192 842,1191 843,1191 845,1189 845,1188 846,1187 846,1181 943,1179 944,1180 945,1180 946,1179 1015,1178 1016,1179 1034,1179 1035,1178 1038,1178 1039,1177 1057,1177 1058,1175 1058,1162 1059,1162 1061,1162 1061,1161 1061,1159 1058,1159 1056,1157 1056,1156 1055,1155 1055,1152 1054,1152 1053,1153 987,1154 986,1153 985,1153 984,1152 983,1152 980,1155 902,1156 901,1155 885,1155 884,1156 832,1157 831,1158 783,1159 782,1158 782,1157 779,1157 778,1156 778,1149 777,1148 777,1146 776,1145 768,1145 765,1147 765,1148 765,1149 736,1149 735,1150 735,1159 682,1160 681,1159 661,1159 660,1159 660,1152 660,1151 656,1151 655,1152 655,1160 585,1161 584,1161 584,1151 583,1150 583,1149 583,1148 579,1148 578,1149 578,1161 511,1162 510,1161 509,1161 508,1162 453,1163 452,1162 452,1161 451,1160 451,1158 450,1157 450,1149 447,1149 446,1150 415,1150 414,1151 414,1160 394,1161 392,1163 322,1164 321,1163 321,1152 320,1152 319,1152 319,1163 319,1164 317,1164 316,1163 316,1155 315,1154 313,1154 310,1156 310,1164 310,1165 240,1166 239,1165 239,1153 224,1153 223,1154 222,1154 217,1158 217,1178 216,1179 216,1181 215,1182 215,1183 213,1186 212,1186 211,1188 211,1189 212,1190 220,1190 221,1189 284,1188 285,1189 285,1197 286,1198 292,1198 293,1197 293,1188 363,1187 364,1188 364,1200 371,1200 372,1199 372,1187 435,1186 436,1185 498,1184 499,1185 534,1185 535,1186 536,1186 537,1187 539,1185 587,1184 638,1183 639,1184 677,1184 678,1185 679,1185 681,1183 682,1183 683,1182 736,1181 738,1183 739,1183 740,1182 793,1181 794,1182 822,1182 823,1183 823,1192 824,1193 827,1193 828,1194 831,1194 832,1194 832,1195 832,1196"/><TextEquiv index="1"><Unicode>Turpi medebor vulneri: aſtergam notam</Unicode></TextEquiv></TextLine><TextLine id="r0_l021"><Coords points="1171,1249 1185,1249 1185,1194 1184,1193 1181,1193 1181,1179 1178,1176 1171,1176 1170,1177 1170,1178 1169,1178 1169,1179 1169,1193 1168,1193 842,1198 842,1197 842,1196 841,1196 840,1196 839,1195 711,1196 710,1195 708,1196 707,1195 226,1201 225,1202 220,1202 219,1203 218,1203 217,1204 214,1204 213,1205 212,1205 205,1213 205,1215 204,1216 204,1226 205,1227 205,1228 206,1229 206,1230 212,1235 213,1235 214,1236 216,1236 217,1237 218,1237 219,1238 221,1238 222,1239 470,1236 470,1244 473,1247 488,1246 490,1244 490,1243 491,1242 491,1240 492,1239 492,1237 493,1236 1031,1229 1031,1230 1031,1236 1034,1238 1169,1236 1169,1237 1169,1248 1171,1249"/><TextEquiv index="1"><Unicode>Cultus ſacrilegi. Traxit hic noſtrum in caput!</Unicode></TextEquiv></TextLine><TextLine id="r0_l022"><Coords points="598,1297 601,1297 601,1296 601,1282 721,1280 722,1279 757,1279 758,1279 758,1291 759,1293 764,1293 765,1292 765,1279 791,1278 792,1279 854,1279 855,1278 884,1277 885,1276 935,1276 936,1277 937,1277 938,1278 957,1277 958,1278 958,1281 961,1281 962,1281 962,1280 964,1278 964,1275 966,1273 966,1272 968,1270 968,1269 967,1268 967,1267 966,1266 965,1266 964,1265 944,1265 943,1253 943,1252 939,1252 937,1251 926,1251 925,1250 925,1245 924,1244 895,1244 894,1244 894,1242 893,1240 888,1240 887,1241 886,1241 885,1242 836,1243 835,1244 834,1244 830,1247 830,1248 829,1249 829,1250 828,1251 828,1255 828,1256 713,1257 712,1257 712,1250 711,1248 709,1249 708,1248 686,1248 685,1247 685,1246 684,1245 683,1245 680,1247 680,1248 680,1249 656,1249 654,1251 655,1259 654,1259 632,1260 632,1259 631,1257 630,1258 566,1258 565,1258 565,1247 564,1245 561,1245 560,1246 555,1247 552,1249 552,1250 551,1251 551,1252 550,1253 550,1254 549,1255 549,1258 549,1259 549,1260 547,1262 486,1262 485,1261 466,1262 466,1261 465,1253 464,1252 452,1252 451,1251 451,1249 449,1249 448,1249 448,1258 448,1259 448,1260 447,1261 386,1262 385,1261 372,1261 372,1260 371,1253 370,1253 369,1252 367,1252 365,1254 365,1260 323,1261 322,1262 278,1262 276,1264 241,1265 241,1264 240,1253 239,1252 239,1251 212,1251 211,1250 206,1250 205,1251 204,1251 203,1252 203,1260 202,1261 203,1262 211,1262 212,1263 212,1288 213,1288 214,1289 219,1289 220,1288 356,1286 357,1285 416,1284 417,1285 486,1284 487,1283 488,1283 490,1281 546,1281 547,1281 547,1282 547,1283 555,1283 556,1284 591,1283 592,1284 592,1292 596,1292 597,1292 597,1296 598,1297"/><TextEquiv index="1"><Unicode>Tonantis odia: ſæpe id in cauſa fuit,</Unicode></TextEquiv></TextLine><TextLine id="r0_l023"><Coords points="357,1348 360,1348 361,1347 362,1347 363,1347 363,1337 363,1336 480,1335 481,1335 527,1335 528,1334 650,1332 651,1331 673,1331 674,1330 750,1329 751,1341 751,1342 752,1342 753,1341 752,1331 753,1331 792,1330 793,1329 863,1328 864,1327 939,1327 940,1327 948,1327 949,1326 959,1326 960,1325 1018,1324 1019,1325 1043,1325 1044,1324 1044,1304 1044,1303 1040,1303 1038,1301 999,1302 998,1301 978,1301 977,1300 977,1292 975,1291 957,1291 956,1290 955,1290 953,1288 952,1288 951,1289 947,1289 943,1294 943,1296 893,1297 892,1297 892,1291 890,1289 887,1289 886,1291 886,1301 850,1302 849,1303 847,1303 846,1304 835,1304 834,1305 776,1306 775,1305 765,1305 764,1304 764,1293 763,1293 754,1293 751,1296 751,1298 750,1299 750,1302 749,1303 749,1305 749,1306 706,1307 705,1308 650,1308 648,1306 646,1306 645,1307 601,1308 600,1307 600,1297 599,1298 590,1298 587,1301 587,1302 586,1303 586,1305 585,1306 585,1310 515,1311 514,1310 499,1310 498,1310 498,1303 497,1302 497,1299 496,1297 436,1298 435,1299 435,1311 401,1312 400,1313 302,1314 301,1313 298,1313 296,1311 296,1310 295,1309 295,1307 294,1306 294,1305 292,1303 291,1303 289,1301 232,1302 231,1301 229,1301 228,1300 218,1300 216,1299 214,1299 214,1300 206,1300 205,1301 205,1302 204,1303 205,1338 206,1339 225,1339 226,1338 353,1336 354,1337 354,1346 355,1347 356,1347 357,1348"/><TextEquiv index="1"><Unicode>Electa quod Gens lueta cæſorum hoſtium</Unicode></TextEquiv></TextLine><TextLine id="r0_l024"><Coords points="524,1398 527,1398 527,1397 527,1384 528,1384 576,1383 577,1382 710,1381 711,1379 789,1378 790,1379 792,1379 793,1378 813,1378 814,1377 865,1376 866,1377 867,1377 868,1376 906,1376 907,1375 909,1375 910,1373 910,1371 911,1370 911,1368 909,1366 909,1358 908,1357 908,1353 907,1353 885,1353 884,1352 882,1352 882,1344 881,1343 880,1343 879,1342 868,1342 867,1341 864,1341 863,1343 863,1354 862,1355 814,1355 814,1347 811,1344 810,1345 808,1345 808,1346 808,1353 807,1353 746,1354 746,1346 745,1345 743,1345 743,1346 743,1347 742,1348 742,1349 741,1350 741,1353 740,1353 702,1354 701,1355 701,1356 700,1357 687,1357 686,1358 633,1359 632,1358 630,1358 629,1357 618,1357 618,1356 618,1350 616,1349 615,1349 614,1348 613,1349 612,1349 612,1358 611,1359 507,1360 506,1359 505,1359 504,1360 503,1360 500,1363 450,1364 450,1363 450,1353 449,1353 439,1353 439,1350 437,1348 436,1348 435,1349 434,1349 434,1350 434,1361 433,1361 386,1362 386,1361 386,1348 384,1347 379,1347 378,1348 377,1348 372,1353 372,1355 371,1356 371,1358 370,1359 370,1360 369,1361 279,1362 279,1351 277,1349 271,1349 270,1350 218,1351 217,1350 213,1350 212,1351 207,1351 206,1352 205,1352 205,1353 206,1354 208,1354 209,1355 209,1380 208,1380 207,1381 207,1382 206,1382 204,1384 204,1389 205,1389 210,1389 211,1388 304,1387 305,1386 383,1385 383,1393 384,1394 387,1394 388,1395 389,1395 389,1394 389,1386 390,1386 421,1385 422,1384 439,1384 440,1383 498,1382 498,1383 498,1394 499,1395 499,1396 501,1397 510,1397 511,1396 515,1396 516,1395 517,1395 518,1394 518,1393 519,1391 519,1390 520,1388 520,1387 521,1386 521,1384 522,1384 523,1384 523,1397 524,1398"/><TextEquiv index="1"><Unicode>Referre ſpolia gemuit aut lævis diu</Unicode></TextEquiv></TextLine><TextLine id="r0_l025"><Coords points="1169,1437 1171,1436 1171,1435 1173,1433 1173,1432 1174,1431 1174,1429 1175,1428 1174,1390 1173,1389 1173,1387 1173,1386 680,1393 679,1394 677,1394 676,1395 317,1400 316,1399 129,1401 128,1401 128,1400 128,1399 127,1399 126,1400 126,1413 125,1414 126,1416 127,1417 205,1416 206,1417 206,1423 207,1424 207,1427 208,1428 208,1429 209,1430 209,1432 210,1433 212,1433 213,1434 214,1434 216,1436 217,1436 218,1437 221,1437 222,1438 575,1433 576,1434 576,1439 911,1435 912,1435 912,1436 913,1437 913,1438 914,1438 915,1439 1168,1436 1169,1436 1169,1437"/><TextEquiv index="1"><Unicode>Conſtricta vinclis, barbaro aut Regi gravc</Unicode></TextEquiv></TextLine><TextLine id="r0_l026"><Coords points="621,1492 625,1492 627,1490 626,1481 627,1481 758,1479 759,1478 813,1477 862,1477 863,1478 864,1477 865,1476 873,1476 874,1475 929,1475 943,1474 944,1475 989,1475 990,1476 993,1476 996,1472 996,1471 997,1470 997,1464 996,1463 980,1463 979,1462 979,1453 977,1451 963,1451 960,1449 960,1443 959,1442 958,1442 957,1441 956,1441 955,1442 906,1443 905,1444 905,1445 904,1446 904,1450 903,1452 846,1453 845,1452 844,1452 842,1454 787,1455 786,1454 785,1454 784,1455 724,1455 722,1453 712,1453 711,1453 711,1449 707,1446 706,1447 706,1454 706,1455 668,1455 666,1457 665,1457 664,1458 588,1459 587,1458 540,1459 539,1460 443,1461 442,1461 442,1449 440,1447 439,1447 438,1446 437,1446 436,1448 436,1453 424,1453 423,1454 423,1459 370,1460 369,1459 369,1450 366,1448 365,1448 364,1447 361,1447 360,1448 359,1448 358,1449 357,1449 356,1451 356,1452 354,1454 354,1455 353,1456 353,1459 352,1460 352,1461 287,1462 286,1462 286,1460 285,1459 285,1458 284,1457 284,1456 283,1455 283,1454 282,1452 281,1452 279,1451 278,1451 277,1450 226,1451 225,1450 223,1450 222,1449 218,1449 217,1448 216,1448 215,1447 214,1447 213,1448 211,1448 210,1449 208,1449 207,1450 205,1450 204,1452 204,1487 205,1487 268,1486 269,1487 290,1487 291,1486 411,1484 412,1483 464,1483 465,1484 530,1483 531,1484 559,1483 560,1482 619,1482 620,1490 621,1492"/><TextEquiv index="1"><Unicode>Pacta eſt tributum: patuit eventu latis,</Unicode></TextEquiv></TextLine><TextLine id="r0_l027"><Coords points="240,1547 243,1547 244,1545 244,1538 245,1538 330,1536 331,1535 557,1533 558,1534 560,1533 561,1532 723,1530 724,1529 740,1529 741,1528 1021,1524 1021,1525 1021,1532 1022,1532 1024,1532 1028,1528 1028,1519 1027,1518 1027,1517 1025,1515 1008,1516 1008,1515 1008,1501 1005,1499 1004,1499 1003,1498 1003,1497 1003,1496 1002,1496 940,1496 940,1489 939,1488 939,1487 938,1487 932,1487 930,1489 929,1489 928,1490 927,1491 927,1492 926,1493 777,1495 777,1496 775,1498 525,1501 525,1500 525,1499 524,1498 524,1496 522,1495 521,1496 520,1496 519,1498 519,1500 518,1500 237,1504 233,1500 225,1500 224,1499 222,1499 220,1501 219,1501 218,1502 217,1502 216,1503 214,1503 213,1505 213,1506 209,1510 209,1511 207,1513 207,1514 206,1515 206,1518 205,1519 205,1522 206,1523 206,1527 207,1528 207,1529 208,1530 208,1531 215,1537 216,1537 217,1538 221,1538 222,1539 224,1539 225,1540 227,1540 228,1541 229,1541 230,1542 231,1542 232,1543 233,1543 234,1544 235,1544 236,1545 237,1545 238,1546 239,1546 240,1547"/><TextEquiv index="1"><Unicode>Quam non inultos Numen iratum ferat,</Unicode></TextEquiv></TextLine><TextLine id="r0_l028"><Coords points="218,1602 235,1602 236,1601 236,1587 333,1585 334,1586 335,1585 361,1585 362,1584 410,1583 426,1583 427,1584 488,1583 489,1584 489,1594 494,1594 496,1593 496,1584 496,1583 567,1582 568,1581 641,1580 642,1581 691,1581 692,1581 692,1582 692,1583 694,1583 695,1582 696,1582 698,1580 734,1579 735,1578 791,1577 792,1578 795,1578 796,1577 946,1575 947,1574 948,1574 949,1574 948,1552 949,1551 949,1550 911,1551 910,1550 910,1537 902,1537 898,1541 883,1541 881,1543 881,1550 869,1550 867,1552 834,1553 833,1554 787,1555 786,1554 786,1541 785,1540 784,1540 783,1539 781,1541 740,1541 739,1542 737,1542 736,1543 735,1543 731,1547 731,1549 730,1550 730,1554 729,1555 729,1556 674,1557 673,1556 670,1556 668,1558 612,1559 611,1558 611,1546 610,1545 605,1545 603,1546 603,1558 603,1559 533,1560 532,1559 532,1550 530,1550 529,1551 528,1551 527,1551 527,1557 527,1558 519,1558 517,1560 516,1560 515,1561 453,1562 452,1561 451,1561 450,1560 400,1561 399,1560 361,1560 360,1560 360,1559 359,1557 340,1557 339,1557 339,1553 339,1552 338,1552 335,1555 333,1555 332,1556 332,1562 291,1563 290,1562 247,1563 245,1561 245,1559 244,1558 244,1555 243,1555 241,1553 240,1553 239,1552 238,1552 237,1551 236,1551 235,1550 232,1550 231,1549 211,1549 210,1550 209,1550 207,1552 208,1587 217,1587 218,1587 218,1601 218,1602"/><TextEquiv index="1"><Unicode>Deos inanes qui colunt, fuſo artifex</Unicode></TextEquiv></TextLine><TextLine id="r0_l029"><Coords points="217,1653 224,1653 225,1652 235,1652 236,1651 236,1649 258,1648 259,1647 267,1647 270,1644 271,1644 272,1644 271,1637 272,1636 341,1635 342,1634 405,1634 406,1635 494,1633 495,1634 496,1633 552,1633 554,1635 590,1634 590,1635 590,1639 592,1640 595,1640 596,1639 599,1639 600,1637 600,1632 601,1632 643,1631 644,1630 694,1630 694,1639 695,1640 700,1640 701,1638 701,1630 702,1630 742,1629 743,1628 796,1627 796,1628 796,1639 798,1640 799,1640 800,1641 835,1641 836,1640 835,1626 836,1626 875,1625 876,1626 948,1625 949,1626 952,1626 955,1623 971,1623 972,1622 1026,1621 1026,1622 1026,1633 1028,1634 1029,1634 1030,1635 1037,1635 1038,1634 1042,1634 1043,1633 1044,1633 1047,1630 1047,1629 1049,1627 1091,1627 1092,1626 1093,1626 1095,1623 1095,1621 1096,1620 1096,1618 1097,1617 1099,1617 1099,1615 1098,1614 1098,1613 1097,1611 1093,1612 1092,1611 1077,1611 1076,1610 1076,1598 1074,1597 1060,1597 1060,1596 1060,1587 1057,1585 1054,1585 1053,1587 1053,1595 1052,1595 1015,1596 1014,1597 984,1597 983,1598 970,1598 968,1601 888,1602 887,1602 887,1590 885,1588 882,1588 881,1590 881,1601 835,1602 834,1603 766,1604 765,1603 765,1591 764,1591 760,1591 759,1592 759,1604 759,1605 676,1606 675,1605 675,1595 673,1594 670,1594 669,1596 669,1608 587,1609 586,1608 560,1608 559,1608 558,1609 492,1609 491,1608 458,1609 457,1608 426,1608 425,1608 425,1604 424,1603 424,1598 423,1597 417,1597 416,1596 415,1597 411,1597 409,1600 409,1601 408,1602 408,1603 407,1604 407,1608 384,1609 383,1610 363,1610 362,1611 360,1611 359,1612 246,1614 245,1613 245,1612 244,1611 244,1609 243,1608 243,1607 238,1603 237,1603 236,1602 217,1602 217,1603 215,1606 214,1606 212,1608 212,1609 211,1610 211,1611 210,1612 210,1613 209,1614 209,1615 208,1616 208,1622 207,1623 207,1624 208,1625 208,1628 209,1629 209,1632 213,1635 214,1635 216,1637 217,1652 217,1653"/><TextEquiv index="1"><Unicode>Quos conflat ære: quodque lugendum magis,</Unicode></TextEquiv></TextLine><TextLine id="r0_l030"><Coords points="208,1701 259,1700 259,1687 260,1686 267,1686 268,1685 329,1685 331,1686 336,1686 337,1685 398,1685 398,1692 399,1693 403,1693 404,1691 404,1685 405,1685 466,1684 466,1693 468,1695 472,1695 473,1694 475,1694 476,1692 476,1684 477,1684 525,1683 526,1684 555,1684 555,1693 556,1694 558,1694 559,1695 561,1694 562,1693 562,1683 563,1682 575,1682 576,1681 651,1680 651,1681 651,1691 653,1692 654,1692 656,1690 656,1682 658,1680 688,1680 689,1679 838,1677 839,1676 873,1675 928,1675 929,1676 930,1675 951,1674 952,1673 1021,1672 1022,1671 1090,1671 1091,1672 1092,1672 1093,1673 1094,1672 1096,1671 1096,1670 1097,1669 1097,1667 1098,1666 1098,1649 1095,1646 1089,1647 1088,1646 1069,1646 1068,1647 1060,1647 1059,1648 1005,1649 1005,1648 1005,1646 1004,1645 1004,1643 1003,1642 1003,1640 1002,1639 1001,1637 1000,1637 999,1636 997,1636 996,1635 982,1635 981,1636 978,1636 977,1637 976,1637 975,1638 976,1651 975,1651 924,1652 924,1651 923,1637 918,1637 917,1638 914,1638 913,1639 912,1639 912,1640 911,1641 911,1642 910,1643 910,1644 909,1645 909,1649 907,1651 838,1652 838,1651 838,1644 837,1643 837,1642 835,1641 833,1641 833,1652 831,1654 771,1655 771,1654 771,1652 769,1651 768,1651 767,1652 763,1652 762,1653 761,1653 761,1654 760,1655 708,1656 707,1655 704,1655 703,1656 684,1656 683,1657 681,1657 680,1658 628,1659 628,1658 628,1655 626,1653 626,1652 625,1651 625,1644 623,1643 621,1643 620,1644 620,1647 619,1648 594,1648 593,1650 593,1657 592,1657 537,1658 537,1657 537,1646 535,1645 533,1645 532,1646 532,1649 531,1650 506,1650 506,1651 506,1658 505,1658 472,1659 471,1660 367,1661 367,1648 366,1647 364,1647 363,1648 362,1648 359,1652 359,1653 358,1654 358,1659 357,1659 318,1660 317,1661 259,1661 258,1660 245,1661 245,1660 245,1658 238,1652 229,1652 228,1653 216,1653 216,1654 214,1657 214,1658 213,1659 213,1660 210,1663 210,1667 209,1668 209,1674 208,1675 208,1700 207,1701 208,1701"/><TextEquiv index="1"><Unicode>Quam ſæpe quidquid peccat adverſus Deum</Unicode></TextEquiv></TextLine><TextLine id="r0_l031"><Coords points="635,1747 640,1746 641,1745 643,1745 644,1744 645,1744 648,1742 648,1741 649,1740 649,1738 650,1737 650,1732 650,1731 710,1731 711,1732 724,1731 725,1730 788,1730 789,1728 811,1728 812,1727 950,1725 951,1724 959,1724 960,1723 961,1723 962,1722 983,1722 984,1721 1005,1721 1010,1716 1009,1711 1011,1709 1011,1708 1010,1707 1000,1707 999,1706 999,1700 998,1699 998,1698 997,1697 996,1697 995,1696 993,1696 992,1697 937,1698 936,1697 936,1689 934,1687 932,1687 929,1689 930,1690 930,1692 931,1693 931,1700 931,1701 790,1702 789,1701 788,1703 765,1703 764,1704 750,1704 749,1705 713,1705 712,1705 712,1699 713,1698 711,1696 711,1695 708,1695 705,1697 705,1705 705,1706 682,1706 681,1707 624,1708 623,1707 623,1694 622,1693 621,1693 620,1694 619,1694 618,1694 618,1705 618,1706 574,1706 573,1707 570,1707 569,1708 568,1708 567,1709 510,1710 509,1709 473,1710 472,1709 472,1708 422,1708 421,1707 399,1708 398,1707 398,1704 397,1703 397,1701 396,1700 395,1700 393,1698 387,1698 386,1697 381,1697 379,1699 323,1700 321,1698 319,1698 318,1699 288,1699 287,1700 208,1701 207,1702 209,1704 210,1729 206,1733 206,1734 205,1735 206,1736 206,1738 208,1738 209,1739 316,1738 317,1739 337,1738 338,1737 425,1736 426,1737 426,1738 425,1739 425,1742 424,1743 425,1744 425,1746 427,1748 443,1748 447,1744 447,1743 448,1742 448,1739 449,1738 449,1735 511,1734 512,1735 527,1735 528,1735 528,1736 529,1738 531,1738 532,1737 533,1737 535,1735 627,1734 628,1734 627,1735 627,1743 628,1745 629,1746 634,1746 635,1747"/><TextEquiv index="1"><Unicode>Perfidia fegum, vulgus innocuum luat</Unicode></TextEquiv></TextLine><TextLine id="r0_l032"><Coords points="994,1734 995,1773 1048,1773 1047,1734 994,1734"/><TextEquiv index="1"><Unicode>Sl.</Unicode></TextEquiv></TextLine></TextRegion></Page></PcGts>