571 963
224 26 429 61 8 0 I
89 36 114 59 36
89 58 513 90 Nune ad ſiniſtram enm ſuis Gogloius,
89 86 503 114 Ad dexteram Pluntillus, & die altera
113 110 488 138 Ad dexteram Goglovius, Ilvam tul
84 134 550 166 Pluntille teneant. Funa. aſt ubi tu eum tuls
116 159 558 191 Sempẽrne medium poſcitis vobis Ioum
91 185 550 214 Colon. Credo, fie controverſia hunc nobis
139 216 201 236 locum
115 234 551 264 Cedetis; Gogl. Et enr ? Sigrif. neτpe ſtu-
139 263 297 287 dioſ ſumus
118 282 550 317 Aut fuimus; & plerique am ſemi Domini.
95 309 553 343 Colon. Iam & ordinem dividimus inter nos
144 342 215 361 Duces:
119 359 551 390 Centurio præibit agmen. Cent. quin ſequi
119 387 516 413 Centurionem exercitum à tergo decet,
120 411 500 441 t ſie queat cavere, ne quis militum
88 430 568 466 Anffugiat acie. Signif. Signiter medium ſolet
122 460 568 491 Semper tenere; Tympaootribam
147 497 221 517 quoque
121 481 568 542 Tenere medium convenit; vt ab omnibus
122 536 568 564 Si melius audinrur. Colom. Ergo Decurio
121 561 550 588 In fronte ſtet, Decur. proteſtor; annis jm
148 593 205 612 tribus
122 604 568 640 Sum ſuetus agmen claudere in ſcholis; volo
123 635 568 664 Servare morem priſtinum in caſtris quoque.
100 660 568 691 Colon. ſtet quisque noſtra pace, quo volet
149 693 205 715 loco,
124 709 568 757 Ster tantum in hoſtem fortiter. Pun. ſta-
148 742 246 763 bunt mei.
124 758 568 790 Murorum adiuſtar. Gogl. Et mei nt Turris
118 792 206 814 Babel.
48 802 568 842 Clon. Iam Tympanum, nt nos andiat Sanctus
150 842 201 861 Pater
108 863 312 897 Et prodeat, ferlto.
429 882 568 922 Scena
