<PcGts xmlns="http://schema.primaresearch.org/PAGE/gts/pagecontent/2019-07-15" xmlns:xsi="http://www.w3.org/2001/XMLSchema-instance" xsi:schemaLocation="http://schema.primaresearch.org/PAGE/gts/pagecontent/2019-07-15 http://schema.primaresearch.org/PAGE/gts/pagecontent/2019-07-15/pagecontent.xsd"><Metadata><Creator>User123</Creator><Created>2022-01-27T01:34:00</Created><LastChange>2022-01-27T01:34:00</LastChange></Metadata><Page imageFilename="0052.png" imageHeight="963" imageWidth="571"><TextRegion id="r0" type="paragraph"><Coords points="1,1 569,1 569,961 1,961"/><TextLine id="r0_l001"><Coords points="219,31 219,57 397,57 397,31 219,31"/><TextEquiv index="1"><Unicode>(0)</Unicode></TextEquiv></TextLine><TextLine id="r0_l002"><Coords points="73,37 73,57 99,57 99,37 73,37"/><TextEquiv index="1"><Unicode></Unicode></TextEquiv></TextLine><TextLine id="r0_l003"><Coords points="283,92 286,92 286,85 287,84 300,84 301,85 304,85 305,84 316,84 351,84 352,85 454,85 455,86 457,86 458,85 493,85 494,86 495,85 525,85 525,84 526,83 525,82 525,81 525,80 518,80 517,80 517,76 516,74 515,74 514,73 468,73 467,72 449,72 448,72 448,68 448,67 447,67 446,66 445,67 444,67 443,68 443,72 407,72 406,72 406,68 405,66 404,66 403,67 402,67 401,68 401,72 359,72 358,72 358,67 356,64 355,65 355,66 309,66 307,68 307,72 219,72 217,70 215,72 187,72 186,71 165,71 164,72 117,72 116,72 116,71 113,67 106,67 105,68 104,68 103,69 102,69 101,70 101,71 99,73 99,80 100,81 100,82 103,84 104,84 105,85 177,85 177,86 177,90 178,90 179,90 180,89 181,89 181,85 182,84 227,84 227,85 227,92 228,92 228,85 229,84 282,84 282,85 282,92 283,92"/><TextEquiv index="1"><Unicode>Omesque tecum celeriter redu domum.</Unicode></TextEquiv></TextLine><TextLine id="r0_l004"><Coords points="71,88 73,117 74,116 342,116 342,112 343,111 529,111 530,110 530,108 531,107 539,107 540,106 540,103 539,101 529,101 528,101 528,100 528,99 527,99 526,98 504,98 503,98 503,95 503,94 502,94 501,93 425,93 424,92 353,92 352,91 74,91 73,91 73,87 73,86 54,86 53,87 54,87 71,87 71,88"/><TextEquiv index="1"><Unicode>Coln. tam indigns ſuades Eosmule? &amp; San-</Unicode></TextEquiv></TextLine><TextLine id="r0_l005"><Coords points="125,117 125,136 214,136 214,117 125,117"/><TextEquiv index="1"><Unicode>cto Patri</Unicode></TextEquiv></TextLine><TextLine id="r0_l006"><Coords points="422,168 423,168 423,167 424,166 429,166 430,167 432,165 432,161 433,160 492,160 493,161 531,161 531,162 531,165 532,165 534,165 535,164 536,164 538,162 538,161 539,160 539,158 538,157 538,156 537,154 532,154 531,154 531,149 531,148 522,148 521,148 521,145 519,142 518,142 516,144 516,148 446,148 445,147 430,147 429,148 403,148 402,147 289,147 288,148 281,148 280,148 280,144 279,143 279,142 279,141 246,141 245,142 244,142 242,144 242,145 241,146 206,146 204,145 204,144 203,142 177,142 176,143 176,147 141,147 140,148 114,148 113,148 113,147 112,146 112,145 111,144 111,143 111,142 102,142 101,143 100,143 96,147 96,149 95,150 95,155 96,156 96,157 99,159 100,159 101,160 136,160 137,159 169,159 170,160 199,160 200,161 201,161 203,159 261,159 261,160 261,163 262,163 275,163 276,164 277,163 277,162 278,161 278,160 279,159 306,159 306,160 306,164 308,165 309,165 310,166 311,166 312,167 314,165 315,165 317,163 317,161 318,160 373,160 373,161 373,165 374,165 375,165 376,166 379,166 379,161 380,160 421,160 421,161 421,168 422,168"/><TextEquiv index="1"><Unicode>Contraria at ſit, γungo me promptus meis,</Unicode></TextEquiv></TextLine><TextLine id="r0_l007"><Coords points="171,191 173,191 174,190 174,186 175,185 228,185 229,184 278,184 279,185 281,185 282,184 286,184 347,184 348,185 418,185 418,186 418,190 419,190 420,190 422,188 422,187 423,186 446,186 447,185 474,185 474,175 473,173 471,173 470,172 469,172 468,173 425,173 424,173 424,169 424,168 421,168 420,169 420,174 393,174 392,173 386,173 385,172 341,172 340,172 340,168 340,167 300,167 299,168 299,172 271,172 270,172 270,168 270,167 257,167 256,166 255,166 254,167 253,167 252,168 251,168 249,170 249,171 248,172 248,173 222,173 221,173 221,171 220,170 220,169 220,168 219,168 218,167 212,167 211,168 209,168 208,169 208,170 207,170 206,171 206,172 168,172 167,172 167,167 167,166 166,166 165,165 164,165 163,166 162,166 161,167 139,167 137,169 111,169 110,168 102,168 101,167 100,168 99,168 98,169 98,184 100,185 169,185 169,186 169,190 171,191"/><TextEquiv index="1"><Unicode>Et iſſipo Conſilia timidorum. juvat</Unicode></TextEquiv></TextLine><TextLine id="r0_l008"><Coords points="98,193 98,218 538,218 538,193 98,193"/><TextEquiv index="1"><Unicode>Tentare quæque extrema, quam tanto</Unicode></TextEquiv></TextLine><TextLine id="r0_l009"><Coords points="124,218 124,242 191,242 191,218 124,218"/><TextEquiv index="1"><Unicode>probro</Unicode></TextEquiv></TextLine><TextLine id="r0_l010"><Coords points="96,242 96,267 485,267 485,242 96,242"/><TextEquiv index="1"><Unicode>Domum redlre lnglorium. abit Colon.</Unicode></TextEquiv></TextLine><TextLine id="r0_l011"><Coords points="197,291 197,320 401,320 401,291 197,291"/><TextEquiv index="1"><Unicode>Scena Octava.</Unicode></TextEquiv></TextLine><TextLine id="r0_l012"><Coords points="95,332 95,366 509,366 509,332 95,332"/><TextEquiv index="1"><Unicode>Eosmulus. Menalcas, Mopſulus.</Unicode></TextEquiv></TextLine><TextLine id="r0_l013"><Coords points="434,392 435,392 436,391 436,387 437,386 532,386 532,385 533,384 533,377 531,375 531,369 530,367 384,367 382,369 382,370 383,371 383,378 303,378 302,379 302,382 304,383 383,383 385,385 431,385 431,386 431,391 432,391 433,391 434,392"/><TextEquiv index="1"><Unicode>Nunquid hend</Unicode></TextEquiv></TextLine><TextLine id="r0_l014"><Coords points="72,368 72,389 143,389 143,368 72,368"/><TextEquiv index="1"><Unicode>AMenal.</Unicode></TextEquiv></TextLine><TextLine id="r0_l015"><Coords points="207,416 208,417 209,416 209,412 210,411 222,411 223,410 280,410 281,411 304,411 305,412 305,411 306,410 360,410 361,409 392,409 393,410 467,410 468,411 532,411 532,403 533,402 533,397 531,394 528,394 526,396 526,399 470,399 469,398 418,398 417,397 416,398 375,398 374,398 374,393 373,391 372,392 371,392 370,393 370,398 340,398 339,397 333,397 332,397 332,394 331,392 304,392 303,393 301,393 300,394 300,395 299,396 299,398 248,398 247,398 247,393 247,392 242,392 238,396 238,398 158,398 157,399 127,399 126,399 126,395 125,393 124,393 123,394 97,394 96,395 96,411 97,411 111,411 111,412 111,416 112,416 119,416 121,414 121,413 123,411 127,411 128,410 204,410 204,411 204,416 205,416 207,416"/><TextEquiv index="1"><Unicode>Egi menm perſonam? &amp; ad votum tuum?</Unicode></TextEquiv></TextLine><TextLine id="r0_l016"><Coords points="290,442 291,442 292,441 292,437 293,436 301,436 302,435 418,435 419,436 495,436 496,437 523,437 524,436 524,431 525,430 532,430 532,428 533,427 533,426 532,426 531,425 523,425 522,424 469,424 468,424 468,420 468,419 465,419 463,421 463,424 433,424 432,424 432,422 431,421 431,420 430,419 430,418 430,417 429,417 428,418 428,423 376,423 375,423 375,418 375,417 374,417 373,416 370,416 367,419 367,420 366,421 366,422 324,422 323,422 323,419 323,418 322,418 321,417 319,419 319,423 230,423 229,423 229,419 229,418 215,418 213,420 213,423 161,423 160,423 160,419 160,418 131,418 130,417 118,417 117,416 115,416 114,417 114,418 78,418 77,419 77,428 76,429 76,430 75,431 75,433 74,433 73,434 73,437 74,437 75,437 76,438 77,437 102,437 102,438 102,441 104,442 107,442 109,440 117,440 118,439 118,438 120,436 127,436 128,435 145,435 193,435 193,436 193,441 194,441 196,441 197,440 197,436 198,435 248,435 248,436 248,439 251,441 252,441 253,442 256,442 257,441 258,441 259,440 261,440 286,440 287,441 289,441 290,442"/><TextEquiv index="1"><Unicode>Mopſ. Nunquid ego pariter ſtrenuè ad me</Unicode></TextEquiv></TextLine><TextLine id="r0_l017"><Coords points="125,448 125,461 225,461 225,448 125,448"/><TextEquiv index="1"><Unicode>tem tuam</Unicode></TextEquiv></TextLine><TextLine id="r0_l018"><Coords points="448,493 450,493 450,487 451,486 488,486 488,471 486,468 361,468 360,467 152,467 151,468 97,468 96,469 96,486 97,486 117,486 118,485 139,485 271,485 272,486 375,486 375,487 375,490 377,491 378,491 379,492 447,492 448,493"/><TextEquiv index="1"><Unicode>Mentitus animos otntum ingenti obrui</Unicode></TextEquiv></TextLine><TextLine id="r0_l019"><Coords points="234,517 236,517 239,514 239,512 240,511 267,511 268,510 300,510 301,511 338,511 339,510 364,510 367,510 368,511 526,511 527,512 529,512 530,511 530,502 531,501 531,500 530,498 525,498 524,498 524,496 522,493 519,493 518,494 517,494 516,495 516,499 453,499 452,499 452,496 451,495 451,494 451,493 447,493 446,494 446,495 445,496 445,499 425,499 424,498 405,498 404,497 399,497 398,497 398,494 398,493 366,493 365,494 365,499 330,499 329,498 320,498 319,498 319,495 318,493 317,493 316,494 316,498 284,498 283,498 283,493 283,492 280,492 279,493 279,498 253,498 252,497 248,497 247,497 247,493 247,492 212,492 211,493 183,493 182,494 182,498 160,498 159,497 158,498 115,498 114,498 114,495 114,494 107,494 106,493 99,493 97,495 97,496 96,497 96,504 90,504 89,505 89,506 90,506 102,506 102,507 102,511 103,511 106,511 107,512 108,511 110,511 111,510 211,510 212,511 233,511 233,512 233,517 234,517"/><TextEquiv index="1"><Unicode>Terrore EÆoſm. laudes debltas à me &amp;</Unicode></TextEquiv></TextLine><TextLine id="r0_l020"><Coords points="124,519 124,537 177,537 177,519 124,519"/><TextEquiv index="1"><Unicode>Patre</Unicode></TextEquiv></TextLine><TextLine id="r0_l021"><Coords points="98,542 98,568 530,568 530,542 98,542"/><TextEquiv index="1"><Unicode>Sancto feretis. Mennl. at putas pueri modò</Unicode></TextEquiv></TextLine><TextLine id="r0_l022"><Coords points="97,568 97,592 529,592 529,568 97,568"/><TextEquiv index="1"><Unicode>Domum redibunt? Eoſm, fuctuant omnes.</Unicode></TextEquiv></TextLine><TextLine id="r0_l023"><Coords points="122,594 122,618 179,618 179,594 122,594"/><TextEquiv index="1"><Unicode>Super</Unicode></TextEquiv></TextLine><TextLine id="r0_l024"><Coords points="97,618 97,643 529,643 529,618 97,618"/><TextEquiv index="1"><Unicode>Eſt unicus, quem mirus in puero replet</Unicode></TextEquiv></TextLine><TextLine id="r0_l025"><Coords points="565,667 566,668 566,660 567,659 567,634 567,633 566,634 566,642 513,642 512,643 303,643 302,642 159,642 158,643 157,643 156,644 101,644 99,646 98,646 97,647 97,660 99,661 187,661 187,662 187,666 188,666 189,666 190,667 192,667 192,665 193,664 198,664 327,664 327,665 327,666 328,666 329,666 330,667 331,667 332,666 332,662 333,661 461,661 461,662 461,667 462,667 565,667"/><TextEquiv index="1"><Unicode>Stimulatque fer vor, ſed parum unicus poteſt.</Unicode></TextEquiv></TextLine><TextLine id="r0_l026"><Coords points="153,692 156,692 157,691 208,691 209,690 565,690 566,691 567,691 567,671 566,670 566,669 566,668 350,668 349,667 75,667 74,668 75,668 114,668 114,669 98,669 97,670 97,671 98,672 98,686 99,686 101,686 102,687 152,687 152,688 152,692 153,692"/><TextEquiv index="1"><Unicode>Plus ſpero poterit Cosmulus, adeo bellicum</Unicode></TextEquiv></TextLine><TextLine id="r0_l027"><Coords points="565,719 566,719 566,705 566,704 509,704 508,704 508,701 506,698 420,698 419,698 419,694 419,693 418,693 417,692 269,692 268,693 124,693 123,694 98,694 97,695 97,711 98,711 105,711 105,712 105,717 106,717 109,717 109,716 110,715 111,715 315,715 317,717 324,717 326,715 326,714 327,713 327,712 328,711 511,711 512,712 565,712 565,713 565,719"/><TextEquiv index="1"><Unicode>Ipſus ſentum, &amp; augeo incuſſos metus.</Unicode></TextEquiv></TextLine><TextLine id="r0_l028"><Coords points="566,747 567,747 567,725 566,724 566,720 566,719 445,719 444,718 108,718 107,717 79,717 77,719 77,728 76,729 76,731 75,732 75,733 73,733 72,734 72,736 74,737 102,737 102,738 102,743 103,743 108,743 109,742 115,742 116,741 117,741 118,740 118,739 119,738 128,738 130,736 327,736 329,738 487,738 487,739 487,743 488,743 565,743 565,744 565,745 566,746 566,747"/><TextEquiv index="1"><Unicode>Mopſ, visne comitemur Menal. visne per-</Unicode></TextEquiv></TextLine><TextLine id="r0_l029"><Coords points="294,762 295,763 296,762 296,761 219,761 218,761 219,760 250,760 250,757 249,756 249,751 248,749 242,749 241,748 133,748 132,748 132,744 132,743 129,743 128,744 127,744 125,746 125,747 124,748 124,751 123,752 124,753 124,759 125,759 131,759 133,761 134,761 135,762 294,762"/><TextEquiv index="1"><Unicode>ſonam meam</Unicode></TextEquiv></TextLine><TextLine id="r0_l030"><Coords points="135,797 136,797 136,795 137,794 137,793 138,792 286,792 287,791 294,791 298,787 510,787 511,786 512,786 512,783 513,782 568,782 568,767 567,766 567,756 567,755 566,756 566,768 334,768 333,767 297,767 296,767 296,763 296,762 294,764 294,767 258,767 257,768 170,768 169,769 98,769 97,770 97,771 98,772 98,773 99,774 99,784 100,785 100,786 101,786 132,786 132,787 132,793 133,793 134,793 134,794 134,797 135,797"/><TextEquiv index="1"><Unicode>It proſequar Mopſ. vis mentisr ditius</Unicode></TextEquiv></TextLine><TextLine id="r0_l031"><Coords points="96,816 100,816 101,815 101,814 104,811 121,811 122,810 123,810 124,809 150,809 151,810 153,810 154,811 297,811 297,812 297,815 298,815 300,815 301,814 301,813 303,811 348,811 349,812 455,812 456,811 492,811 493,812 494,811 522,811 523,810 526,810 526,809 525,808 525,805 524,804 524,800 523,798 515,798 514,799 462,799 461,799 461,795 461,794 459,794 458,795 458,800 429,800 428,799 410,799 409,799 409,795 408,793 391,793 390,794 353,794 352,793 342,793 341,794 285,794 284,793 276,793 275,794 274,794 271,797 271,798 270,799 215,799 214,799 214,795 214,794 213,794 212,793 208,793 205,796 205,799 171,799 170,798 168,798 167,799 153,799 152,800 124,800 123,799 114,799 113,799 113,795 112,793 108,793 107,794 76,794 75,793 74,794 74,797 73,798 73,810 72,811 73,812 73,813 74,813 95,813 95,814 95,816 96,816"/><TextEquiv index="1"><Unicode>Eoſm non eſt neceſſe, Sufficio ſolus. domum</Unicode></TextEquiv></TextLine><TextLine id="r0_l032"><Coords points="415,844 416,844 416,838 417,837 435,837 435,838 435,842 436,842 438,842 439,843 440,842 440,838 441,837 473,837 473,835 474,834 474,832 473,831 473,826 472,824 470,824 469,825 452,825 451,825 451,820 451,819 421,819 420,818 419,818 418,819 417,819 415,821 415,822 414,823 414,825 350,825 349,824 329,824 328,824 328,819 328,818 309,818 306,821 306,824 279,824 278,824 278,820 278,819 238,819 237,818 224,818 222,820 222,824 147,824 146,823 141,823 140,823 140,820 140,819 131,819 130,820 104,820 103,819 102,820 97,820 96,821 96,835 95,836 97,837 111,837 112,836 202,836 202,837 202,840 203,840 205,840 209,836 244,836 245,837 246,836 292,836 292,837 292,842 293,842 298,842 298,837 299,836 328,836 329,837 414,837 414,838 414,844 415,844"/><TextEquiv index="1"><Unicode>Redite vos, Tu Mopſule tamen ſæpius</Unicode></TextEquiv></TextLine><TextLine id="r0_l033"><Coords points="341,868 388,868 390,866 438,866 442,862 477,862 478,861 516,861 517,860 524,860 524,855 525,854 568,854 568,853 568,852 525,852 524,852 524,851 522,848 469,848 468,848 468,847 467,845 466,845 465,844 290,844 289,843 142,843 140,845 97,845 96,846 96,862 97,862 314,862 314,863 314,865 315,865 340,865 340,866 340,868 341,868"/><TextEquiv index="1"><Unicode>Reviſe nos &amp; Corbe, quo priùs, Patrem</Unicode></TextEquiv></TextLine><TextLine id="r0_l034"><Coords points="409,894 417,894 417,893 418,892 419,892 419,889 420,888 442,888 443,887 443,883 443,882 438,882 437,882 437,876 437,875 435,875 434,874 433,874 432,875 407,875 406,875 406,871 405,869 347,869 345,871 345,874 283,874 282,874 282,871 282,870 281,870 280,869 257,869 256,868 239,868 238,867 236,869 235,869 234,870 234,872 207,872 206,873 206,874 168,874 167,873 165,873 164,874 125,874 124,874 124,869 124,868 123,868 122,869 102,869 101,870 99,870 96,873 96,874 95,875 96,876 96,885 97,886 97,887 98,887 122,887 123,886 163,886 163,887 163,890 164,890 167,890 168,889 168,887 169,886 213,886 214,887 280,887 281,888 282,887 319,887 320,888 356,888 357,889 358,888 407,888 407,889 407,893 409,894"/><TextEquiv index="1"><Unicode>Solare; nam ſolatio modo indiget.</Unicode></TextEquiv></TextLine><TextLine id="r0_l035"><Coords points="569,920 569,892 472,892 472,920 569,920"/><TextEquiv index="1"><Unicode>Mopſ.</Unicode></TextEquiv></TextLine></TextRegion></Page></PcGts>