675 1222
105 34 134 68 310
203 34 525 68 HERMENIGILDVS

106 59 121 94 is
143 59 186 94 eſt,
211 59 296 94 alterum
330 59 454 94 calamitatis.
482 59 516 94 Sed
541 59 615 94 venit

99 88 141 121 ſanè
159 88 237 121 genitor
261 88 300 121 mihi
315 88 390 121 ſemper
423 88 498 121 niquior
519 88 579 121 quàm
606 88 621 121 e-

97 110 126 148 ius
139 110 255 148 humanitas
278 110 413 148 poſtulabat,
436 110 496 148 veniat
527 110 527 148 &
552 110 619 148 quic-

102 139 146 174 quid
174 139 225 174 dedit
247 139 288 174 ipſe
317 139 434 174 ſanguinis,
459 139 539 174 maleuol
551 139 570 174 or
580 139 611 174 um

105 169 186 205 moorum
204 169 285 205 artibus
300 169 324 205 exu
342 169 432 205 lceratus
444 169 531 205 hauriat,
555 169 618 205 Teſor

141 194 173 227 uta
201 194 260 227 Piut,
271 194 317 227 Satis
328 194 387 227 animi
404 194 435 227 eſt,
452 194 497 227 ſatis
517 194 526 227 in
557 194 585 227 mil
596 194 610 227 i-

102 205 133 249 rum
174 205 190 249 de
206 205 222 249 ac
241 205 314 249 robore
326 205 364 249 præ
374 205 412 249 fidiĩ
434 205 589 249 conſtitutum,

99 248 164 278 vellem
181 248 241 278 armis
255 248 366 278 decertara,
380 248 394 278 &
408 248 456 278 vim,
468 248 519 278 quam
544 248 612 278 vltima

98 274 140 305 nece
149 274 197 305 ſſitis
212 274 224 305 in
242 274 281 305 iſtis
296 274 371 305 caſibus
385 274 493 305 extundit,
508 274 532 305 ad
547 274 616 305 repel-

98 301 166 329 Iendam
183 301 271 329 iniuriam
296 301 415 329 exercere3
438 301 466 329 ſed
486 301 508 329 ne
523 301 559 329 que
579 301 616 329 hoc

104 319 149 380 Deus
161 319 224 380 ſinar,
240 319 303 380 neque
319 319 351 380 tam
382 319 448 380 tetrum
477 319 565 380 facinus
590 319 616 380 ſol

98 355 137 385 itis
155 355 218 385 ocntis
233 355 305 385 quibus
323 355 431 385 colluſtrat
449 355 509 385 omnia
530 355 620 385 videat,

104 381 172 413 moriar
183 381 282 413 inermis,
302 381 378 413 purus,
392 381 502 413 ilibatus,
516 381 528 413 &
547 381 584 413 opti

114 409 194 439 mſcientia
213 409 274 439 gtoriam
290 409 309 439 ad
327 409 381 439 manes
394 409 445 439 uvſque
463 409 503 439 ciner
514 409 546 439 eſqu
562 409 562 439 e
575 409 661 439 iraſ-5

101 431 179 467 ſunam.
209 431 251 467 Vide
263 431 326 467 igitur
344 431 437 467 iuuenum
452 431 614 467 amantiſime,

98 462 112 492 an
135 462 234 492 parentem
251 462 370 492 adeamus,
398 462 413 492 vt
432 462 441 492 ſi
458 462 543 492 animum
577 462 580 492 e
591 462 619 492 ius

107 489 263 519 emollierimus,
272 489 365 519 ſalurem,
382 489 397 519 ſin
421 489 463 519 verò
478 489 580 519 iniicor
589 489 613 519 um

106 516 145 554 odia
160 516 202 554 plus
226 516 337 554 valuerint,
352 516 385 554 mor
397 516 442 554 tem,
460 516 499 554 quæ
520 516 559 554 nos
580 516 622 554 iſtis

107 544 233 573 cruciatibus
251 544 350 573 exſoluat,
356 544 392 573 aſſe
401 544 494 573 quamur.

440 681 440 701 A

147 687 147 704 T

296 685 296 703 T

227 684 271 732 AS
326 684 326 732 0
299 684 366 732 I
442 684 593 732 n0.

154 777 328 848 ermenigildi
354 777 431 848 comes
457 777 585 848 diſſuadet
605 777 626 848 ne

145 827 161 876 ſe
177 827 281 876 paterno
300 827 380 876 furori
400 827 507 876 nouercæ
527 827 595 876 arti-

193 876 235 940 bus
256 876 380 940 inſtiσato
397 876 558 940 committat.

188 960 213 996 Væ
232 960 305 996 quidem
327 960 365 996 illæ
387 960 566 996 voces(Princeps
585 960 623 996 om-

150 986 202 1030 i
267 986 337 1030 Ptine
374 986 421 1030 tue
440 986 608 1030 innocentioe

182 1020 232 1064 graui
272 1020 299 1064 mis
319 1020 405 1064 dolorum
428 1020 511 1064 ſtimulis
524 1020 558 1064 ade
591 1020 617 1064 ꝑ-
