664 1232
78 60 93 95 32
181 60 493 95 HERMENIGILDVS

79 87 208 122 parricidam,
214 87 286 122 hoſtem
307 87 393 122 patriæ,
420 87 474 122 uſtum
501 87 594 122 Iegurm,

82 115 130 148 carni
139 115 187 148 fcem
206 115 305 148 bonorum
328 115 424 148 omninm,
438 115 520 148 funeſtis
545 115 593 148 om-

77 141 125 174 nino
137 141 188 174 apud
203 141 272 174 patrem
296 141 407 174 depingunt
425 141 536 174 eoloribus.
557 141 599 174 Eo-

81 167 114 201 rum
135 167 303 201 petulantiſſimis
321 167 405 201 vocibus
423 167 498 201 iniurio
510 167 519 201 ſi
534 167 561 201 ſen
576 167 594 201 is

76 195 135 228 aures
161 195 274 228 occupatæ,
299 195 373 228 nullum
402 195 529 228 innocentiæ
549 195 594 228 tuæ

79 222 139 256 Iocum
160 222 259 256 reliquere
265 222 268 256 .
304 222 340 256 uos
352 222 372 256 ad
399 222 429 256 vim
453 222 546 256 perditor
558 222 585 256 um

81 248 179 283 hominum
198 248 362 283 infringendam,
368 248 387 283 ad
403 248 447 283 vitæ
463 248 593 283 præſidium.

79 275 98 309 ad
113 275 224 309 perfugium
246 275 316 309 ſalutis
341 275 443 309 fidiſſimos
468 275 595 309 comparaſti

86 303 164 334 milites,
173 303 206 334 hios
218 303 239 334 ad
254 303 296 334 ſuam
317 303 422 334 perniciem
443 303 458 334 &
473 303 548 334 patriæ
566 303 596 334 va-

80 324 162 362 ititatem
181 324 266 362 inſtruct
279 324 304 362 os,
323 324 400 362 clamat.
428 324 495 362 Fertur
514 324 596 362 ardens

79 356 169 389 Iibidine,
187 356 190 389 æ
196 356 217 389 ſtu
235 356 328 389 febrique
340 356 505 389 intemperantis
526 356 544 389 an
559 356 595 389 imi
643 356 643 389 I

79 381 181 414 iactatus,
199 381 286 414 cruorem
307 381 346 414 ſitit
361 381 424 414 tuum,
439 381 487 414 hunc
502 381 535 414 ſibi
553 381 589 414 non

78 408 177 438 Iibandum
196 408 284 438 Ieuiter,
316 408 344 438 ſed
366 408 382 438 ex
401 408 436 438 aſſe
458 408 597 438 profuuden-

83 441 114 468 dum
136 441 201 468 putat,

86 459 191 498 HERME.
212 459 243 498 Qui
257 459 292 498 ſcis
310 459 362 498 fortè
376 459 408 498 iam
429 459 488 498 nobis
506 459 527 498 eſt
548 459 597 498 con-

83 494 171 516 ciliatus.

114 500 236 549 ERASIST.
261 500 337 549 ODeus
348 500 477 549 immortalis
508 500 553 549 quid
571 500 595 549 ti-

78 541 96 575 bi
111 541 186 575 præter
216 541 300 575 miſeram
321 541 402 575 animam
429 541 546 575 reliquerit
570 541 597 575 vi-

82 569 119 604 des,
136 569 195 604 regiis
221 569 345 604 ornamentis
368 569 470 604 exutum,
498 569 597 604 paternis

84 598 177 630 extruſum
207 598 291 630 ædibus,
303 598 399 630 inopem,
420 598 480 630 aſlict
492 598 540 630 um,
567 598 597 630 va-

94 624 134 658 um,
157 624 196 658 mari
213 624 225 658 &
241 624 298 658 terris
309 624 459 658 perſequitur,
476 624 521 658 coni
530 624 592 658 urato

80 648 89 683 in
111 648 126 683 vn
140 648 171 683 ius
182 648 290 683 perniciem
323 648 355 683 oro
372 648 519 683 elementorum
547 648 595 683 one-

83 677 106 708 re,
126 677 185 708 manes
199 677 199 708 i
208 677 253 708 pſos
270 677 278 708 ſi
292 677 349 708 viuus
363 677 459 708 pereres,
476 677 490 708 te
502 677 524 708 ad
538 677 538 708 i
550 677 595 708 nfe-

84 697 115 737 ros
131 697 188 737 vſque
201 697 333 737 inſaturabili
352 697 396 737 odio
412 697 564 737 proſequetur.
583 697 595 737 Et

78 732 129 765 nunc
147 732 156 765 in
177 732 207 765 tot
219 732 324 765 anguſtias
342 732 449 765 coniecto,
464 732 512 765 quam
536 732 596 765 partẽ

82 757 154 789 quietis
175 757 274 789 concedit·
286 757 366 789 Habent
381 757 429 789 iſtud
450 757 498 789 certè
522 757 573 789 miſer
594 757 597 789 æ

82 785 110 817 fug
119 785 217 817 itiuæque
239 785 321 817 belluæ,
334 785 353 817 vt
365 785 375 817 ſi
391 785 469 817 quando
488 785 510 817 vis
520 785 596 817 acrior

88 811 199 856 vntorn
233 811 233 856 n
257 811 281 856 :r
338 811 439 856 reruicien
415 811 598 856 it.

79 837 109 872 per
127 837 202 872 dumeta
217 837 346 872 ſalebraſque
364 837 463 872 flexuoſas
484 837 520 872 iter
535 837 586 872 ſalu-

80 865 106 899 tis
121 865 235 899 expediant,
244 865 257 899 &
276 865 345 899 gelidis
355 865 453 899 amnibus
468 865 591 899 circunfuſæ

81 892 132 926 ranti
141 892 183 926 ſper
198 892 202 926 à
220 892 366 926 defatigatione
385 892 540 926 conquieſcant.
555 892 596 926 Tibi

79 919 112 952 non
130 919 184 952 aula,
193 919 229 952 non
247 919 319 952 lectus,
328 919 361 952 non
385 919 409 952 ſol
418 919 478 952 itudo
490 919 526 952 ipſa
541 919 598 952 infe-

82 945 145 979 Iicium
169 945 274 979 commune
286 945 412 979 perfugium,
421 945 442 979 ad
460 945 541 979 quietem
565 945 595 979 da-

84 972 106 1005 ra,
125 972 219 1005 Paternus
235 972 307 1005 vbique
326 972 415 1005 occurrit
430 972 503 1005 furor,
519 972 594 1005 vbique

135 999 562 1060 XXX:aaXXXX

89 1053 140 1088 cibus
155 1053 233 1088 ſecures
248 1053 278 1088 reg
290 1053 308 1088 iæ
326 1053 392 1088 ſoboli
410 1053 551 1088 formidandæ.

111 1081 279 1115 HHERMENIG.
311 1081 374 1115 Verum
405 1081 440 1115 eſt,
457 1081 475 1115 at
496 1081 562 1115 fiducia
583 1081 594 1115 &
