672 1224
108 39 143 78 220
210 39 531 78 HERMENIGILDVC

108 76 137 105 (vt
148 76 217 105 aiunt)
238 76 310 105 medicum
326 76 443 105 intemperans
454 76 486 105 aæger
497 76 547 105 facit.
560 76 622 105 Agiĩ-

108 102 122 131 re
145 102 204 131 Duces
216 102 329 131 fortiſſimi,
346 102 408 131 videre
419 102 433 131 an
465 102 538 131 expedit
549 102 549 131 i
578 102 617 131 ſinc

113 127 167 162 milite
178 127 192 162 ,
206 127 223 162 vt
237 127 381 162 quamprimum
407 127 418 162 in
441 127 500 162 aduer
509 127 557 162 ſario
568 127 605 162 rum

108 158 159 198 cnſtra
178 158 306 198 inuolemus.

136 180 220 212 HERM.
244 180 340 212 Faciemus
358 180 361 212 ô
379 180 427 212 Rex,
445 180 499 212 quod
511 180 577 212 iubes,
589 180 616 212 a-

114 210 149 237 unt
159 210 191 237 iam
213 210 229 237 ex
242 210 325 237 hoſtium
343 210 399 237 parte
421 210 495 237 moueri
511 210 573 237 ſigna,
597 210 612 237 &

108 236 222 264 Recaredum
243 236 259 264 re
270 236 328 264 infect
336 236 342 264 a
355 236 376 264 ad
389 236 424 264 nos
445 236 525 264 redire,
554 236 610 264 reſat

108 262 121 291 vt
132 262 167 291 arn
183 262 196 291 is
212 262 249 291 tota
265 262 292 291 res
308 262 442 291 diſceptetur.

147 289 257 318 DARIAC.
271 289 336 318 Armis
356 289 359 318 ô
379 289 407 318 rex
424 289 455 318 non
478 289 545 318 verbis
559 289 616 318 fran-

108 318 159 347 genda
179 318 198 347 eſt
218 318 353 347 contumacia.

135 343 222 370 LEVIG.
240 343 273 370 Ite,
285 343 297 370 &
312 343 342 370 rem
366 343 402 370 pro
423 343 477 370 veſtra
498 343 573 370 pruden
591 343 612 370 tia

103 370 174 403 cute.

133 395 310 429 PRINCEPSII.
333 395 390 429 Recte
417 395 420 429 ô
443 395 473 429 rex
493 395 623 429 imperaſti,

98 424 142 451 omni
167 424 214 451 mora,
223 424 244 451 ſed
260 424 328 451 maxime
339 424 349 451 in
370 424 395 451 hoc
414 424 460 451 rerum
484 424 581 451 diſcrimine
600 424 614 451 o-

113 450 138 481 ioſa
161 450 178 481 ſt.
183 450 215 481 aut
234 450 382 481 ocupandum,
393 450 424 481 aur
438 450 566 481 tolerandum
591 450 617 481 fa-

102 478 102 506 c
112 478 170 506 inus,
185 478 272 506 proinde
289 478 394 506 antequam
417 478 454 506 nos
469 478 614 506 adoriantur,

102 505 270 533 perumpendum
291 505 301 533 in
325 505 387 533 eorum
411 505 461 533 caſtra
483 505 560 533 cenſeo.

132 531 240 561 PRINCI.
264 531 291 561 Tui
318 531 390 561 quidem
411 531 495 561 arbitrij
513 531 588 561 iubere
609 531 615 561 õ

104 559 141 588 Rex
163 559 296 588 quæcumque
309 559 397 588 ſalutaria
419 559 504 588 duxeris,
517 559 563 588 nobis
581 559 616 588 au-

101 585 127 615 tem
141 585 203 615 ſuſficit
215 585 266 615 obſequ
280 585 285 615 ij
299 585 353 615 gloria:
384 585 447 615 Verum
472 585 481 615 ſi
500 585 520 615 me
532 585 534 615 a
546 585 617 615 udis,

99 611 147 645 nihil
163 611 173 645 in
195 611 208 645 re
224 611 274 645 tanta
290 611 394 645 præcipiri
405 611 471 645 animo
490 611 519 645 fac
524 611 575 645 iend
583 611 607 645 um

102 637 179 685 cenſeo.
224 637 262 685 mnis
278 637 312 685 mora
336 637 339 685 (
363 637 430 685 inquit
464 637 579 685 Cardaces)
600 637 616 685 0-

101 665 121 695 dio
132 665 140 695 ſa
157 665 183 695 eſt,
191 665 214 695 ſd
222 665 290 695 profecto
301 665 341 695 facit
352 665 414 695 ſapient
425 665 465 695 iam,
482 665 499 695 ex
519 665 615 695 adnerſo

97 685 202 723 importunus
214 685 276 723 ſatelles
289 685 374 723 iracundia
391 685 488 723 pratipitare
511 685 556 723 mauu
568 685 581 723 lt
596 685 606 723 in

111 719 170 748 igoiia,
186 719 229 748 quàm
253 719 351 748 deſcendere.
402 719 431 748 uid
447 719 524 748 vnquam
545 719 588 748 ſimi
599 719 615 748 le

112 745 168 781 iſum,
177 745 208 781 aut
225 745 236 781 vb
250 745 296 781 inam
318 745 400 781 gentium
417 745 502 781 auditum
525 745 590 781 eſt?mi
601 745 615 781 ſ-

108 772 128 803 us
145 772 165 803 eſt
176 772 196 803 ad
210 772 286 803 fratrem
312 772 357 803 ſuum
383 772 525 803 adoleſcens,
544 772 593 803 tant
612 772 612 803 æ

98 798 122 829 rei
135 798 245 829 internunc
253 798 290 829 ius,
303 798 330 829 qua
351 798 380 829 vna
399 798 481 829 omnium
500 798 604 829 fortunæ,

99 825 156 872 ſalus,
177 825 210 872 vita
228 825 357 872 continetur.
372 825 429 872 Redit
444 825 471 872 vna
486 825 531 872 hora
552 825 594 872 fort
609 825 612 872 è

99 853 176 884 tardiùs
193 853 204 884 in
230 853 281 884 caſtra
309 853 357 884 quàm
386 853 502 884 expectabas
547 853 584 884 ego
610 853 612 884 &

101 873 167 912 viuere
182 873 197 912 &
215 873 275 912 valere
293 873 308 912 ex
317 873 392 912 iſtimo)
407 873 419 912 tu
440 873 476 912 cani
491 873 548 912 inbes
566 873 611 912 claſ-

133 879 679 969 XXXXXXXXXXXXX.

97 959 202 994 (opinor)
217 959 247 994 hic
256 959 379 994 adoleſcens
387 959 468 994 aliquid
489 959 528 994 læti
555 959 606 994 nun-

96 986 138 1023 riat,
153 986 201 1023 vultu
228 986 282 1023 enim,
297 986 312 1023 vt
336 986 399 1023 video,
411 986 492 1023 præfert
510 986 600 1023 quaudan

110 1014 229 1037 ilatitatem.
