696 1226
239 48 551 79 HERMENIGIILDS.

114 42 148 81 3a0

160 72 212 106 LEV.
233 72 240 106 O
271 72 271 106 ll
299 72 369 106 quibus
386 72 400 106 te
421 72 511 106 procellis
532 72 574 106 ict
588 72 626 106 arũ

114 97 170 134 1eneo
183 97 193 134 in
217 97 250 134 ſinu
277 97 320 134 meo,
340 97 446 134 Hermenig
456 97 489 134 ilde
513 97 542 134 fili.
559 97 616 134 quam

117 129 159 159 malè
174 129 240 159 fuerat
252 129 255 159 à
270 129 339 159 ſiniſtra
366 129 410 159 fama
437 129 473 159 tuæ
491 129 599 159 innoenti
596 129 623 159 iæ

112 153 226 186 impoſitum
262 153 310 186 nunc
325 153 384 186 autem
407 153 435 186 iſta
460 153 525 186 fducia
545 153 605 186 omne

121 184 161 212 mihi
172 184 232 212 hodie
246 184 356 212 ſimultates
376 184 478 212 radicitus
503 184 620 212 extiſti,

122 210 164 239 Eraſi
173 210 233 239 ſtrate
245 210 302 239 laudo
317 210 362 239 ſidem
386 210 449 239 tuam.

151 235 154 266 E
173 235 230 266 RAS.
265 235 331 266 Poſſum
353 235 388 266 tibi
407 235 410 266 ô
426 235 458 266 rex
473 235 527 266 omni
546 235 625 266 ratione

115 258 152 289 hoc
163 258 276 289 affirmare,
293 258 327 289 dum
347 258 401 289 inter
418 258 446 289 tot
463 258 474 289 &
491 258 522 289 ram
547 258 550 289 c
561 258 609 289 rcbra

120 289 156 324 fort
168 289 204 324 unæ
219 289 324 324 procellas
348 289 447 324 æſtuaret,
462 289 495 324 non
519 289 555 324 em
588 289 612 324 vit

121 316 150 345 deſi
161 316 224 345 derium
246 316 318 345 eccruc
323 316 392 345 iabat,
408 316 443 345 non
464 316 538 345 terreba
583 316 629 345 nr-

117 342 138 373 tis
150 342 291 373 indentis
306 342 375 373 timor.
407 342 458 373 Vnum
488 342 566 373 tantum
599 342 629 373 do-

118 369 175 401 Ieuat,
188 369 238 401 quòd
263 369 333 401 mortui
355 369 459 401 cineribus
478 369 509 401 per
519 369 573 401 idiæ
601 369 636 401 ma-

142 397 153 427 la
187 397 201 427 er
212 397 243 427 atr
258 397 303 427 ocem
325 397 438 427 calumniam
466 397 630 427 imponeretur.

120 418 186 454 Atque
200 418 210 454 in
230 418 246 454 id
260 418 333 454 tantum
353 418 383 454 hic
396 418 410 454 ab
433 418 450 454 eo
466 418 506 454 ſece
513 418 553 454 ſſus
570 418 636 454 fuerac

115 451 229 481 arreptus,
250 451 259 481 v1
277 451 292 481 ſe
307 451 400 481 flagranti
424 451 505 481 inuidiæ
535 451 637 481 ſubduce-

119 478 155 507 1et,
167 478 227 507 donec
257 478 293 507 eius
314 478 452 507 integritatem
488 478 593 507 temporis
620 478 635 507 æ-

126 502 189 535 quiias
202 502 246 535 efer
256 502 282 535 ret
299 502 312 535 in
335 502 409 535 lucem.
449 502 525 535 Quamob
558 502 578 535 em
608 502 635 535 vbi

119 532 200 561 primum
224 532 269 561 vidit
290 532 395 561 molliores
404 532 428 561 ad
443 532 458 561 te
470 532 542 561 aditns
557 532 626 561 pa:cie

145 559 173 590 nit
190 559 264 590 ndus,
275 559 368 590 inermis,
382 559 411 590 tam
428 559 546 590 plenucr
586 559 665 590 qu

128 589 202 610 unti

153 611 216 642 LEVI.
232 611 327 642 Agnoſco
340 611 381 642 nate
403 611 448 642 tuam
470 611 552 642 integri
565 611 641 642 tatem,

123 638 136 668 &
152 638 268 668 cœleſtibus
284 638 354 668 gratias
366 638 411 668 ago,
423 638 483 668 atque
496 638 546 668 habe
610 638 635 668 qi

135 663 185 696 anos
212 663 258 696 meos
272 663 302 696 tam
325 663 431 696 luculento
448 663 508 696 hodie
531 663 637 696 beneficio

126 687 266 721 cumularunt.
293 687 339 721 Exue
356 687 399 721 iſtas
412 687 489 721 veſtes,
502 687 632 721 ſquallorem

122 716 228 748 abſterge,
248 716 338 748 regales,
358 716 371 748 &
385 716 398 748 te
418 716 488 748 dignos
504 716 574 748 cultus
587 716 591 748 a
604 716 641 748 ſſu-

132 744 160 778 me,
167 744 240 778 afferte
259 744 316 778 ocyus
335 744 392 778 veſtes
411 744 522 778 magniſicis
541 744 642 778 operibus

129 773 201 801 pictas,
219 773 288 801 quibus
306 773 363 801 filium
384 773 471 801 veſtiam.

27 798 27 821 I

156 791 243 829 HERM.
263 791 316 829 Pater
326 791 433 829 antequam
456 791 583 829 ſquallorem
606 791 643 829 quẽ

124 824 181 855 iubes
201 824 283 855 exuam:
306 824 334 855 eos
359 824 427 855 omnes
447 824 481 855 tibi
512 824 546 855 com
572 824 640 855 mendo

132 851 160 881 qui
173 851 233 881 fugam
255 851 302 881 hanc
321 851 441 881 miſerrimam
463 851 504 881 ſunt
520 851 640 881 conſecut,

130 877 203 909 quibus
215 877 247 909 nec
263 877 272 909 in
294 877 310 909 te
326 877 386 909 fides,
408 877 440 909 nec
462 877 472 909 in
503 877 526 909 me
545 877 605 909 beneu
627 877 640 909 o-

32 896 32 928 I

128 907 188 930 Intia
209 907 275 930 deſurt.

173 918 265 963 IEVIG.
291 918 353 963 Eorum
375 918 408 963 ego
423 918 492 963 factum
511 918 584 963 laudo,
613 918 643 963 qui

128 957 215 988 infolicis
233 957 308 988 domini
323 957 395 988 caſibus
412 957 565 988 indoluerunt,
583 957 595 988 &
613 957 640 988 vi-

138 984 174 1015 um.
183 984 217 1015 non
237 984 336 1015 fortunam
364 984 443 1015 ſequuti
463 984 514 1015 ſunt.
540 984 585 1015 Bene
610 984 639 1015 eſt,

124 1010 171 1042 abun
191 1010 202 1042 le
216 1010 247 1042 eſt,
267 1010 443 1042 fortunatiſſimus
462 1010 491 1042 hic
522 1010 632 1042 Gothorum

163 1036 331 1071 niilluxit.
358 1036 419 1071 Eanus
432 1036 491 1071 nate:
598 1036 619 1071 fra

153 1062 314 1101 ccr0crihns
327 1062 349 1101 ad
365 1062 444 1101 regales
463 1062 529 1101 epulas
548 1062 596 1101 veni.
