649 1229
129 51 452 89 HERMENIGIIDVS.
525 51 551 89 35

54 81 114 120 gladii,
126 81 150 120 tui
171 81 270 120 exercitus
285 81 330 120 ſatis
345 81 471 120 indicarunt.

67 107 124 136 HER.
144 107 234 136 Reuocas
251 107 271 136 me
288 107 342 136 pater
359 107 367 136 in
395 107 449 136 longa
474 107 548 136 ſermo-

47 132 84 163 num
106 132 214 163 curricula,
225 132 231 163 ſi
242 132 291 163 hanc
305 132 336 163 rem
359 132 455 163 attingis.

83 161 131 191 LEV.
154 161 213 191 Scio,
239 161 324 191 quiquid
335 161 355 191 hic
392 161 437 191 tiger.
462 161 505 191 vleus
525 161 550 191 et.

48 187 159 217 præſcindo
177 187 297 217 orationem.
321 187 348 217 Dic
366 187 399 217 vno
414 187 480 217 verbo,
501 187 549 217 Chri-

48 215 120 237 ſtianus
144 215 242 237 Romanus
258 215 282 237 es:

86 240 98 269 H
149 240 152 269 .
186 240 259 269 Quando
275 240 309 269 hoc
325 240 372 269 ſcire
382 240 429 269 aues
454 240 470 269 mi
486 240 549 269 pater,

48 266 125 295 rumpet
141 266 200 295 hode
211 266 293 295 libertas
309 266 370 295 omnia
386 266 495 295 pudoriss&
516 266 551 295 me-

49 292 78 323 tus
95 292 196 323 repagula.
219 292 253 323 Sum
275 292 326 323 quod
340 292 419 323 quæris,
445 292 445 323 C
459 292 524 323 hriſtian

84 320 148 350 munus,
162 320 175 350 &
188 320 247 350 huius
268 320 289 350 me
300 320 390 350 nominis
406 320 465 350 gloria
481 320 502 350 ad
516 320 553 350 ro-

52 346 88 376 gum
112 346 169 376 vſque
184 346 325 376 comitabitur.

79 373 145 402 LEvIG.
170 373 177 402 O
196 373 284 402 degener:
303 373 354 402 etiam
376 373 455 402 gloriam
477 373 553 402 poſtre-

56 401 95 437 mum
119 401 152 437 flag
161 401 241 437 itiorum
265 401 346 437 omnium
364 401 466 437 appellas:

86 422 128 456 HER
167 422 245 456 Gloriam
269 422 353 456 appello
365 422 401 456 hoc
419 422 500 456 nomen,
518 422 554 456 quo

52 448 125 483 nullum
140 448 191 483 apud
223 448 264 483 eges
283 448 403 483 illuſtrius,
422 448 485 483 neque
507 448 549 483 enim

51 480 84 508 illa
102 480 126 508 tua
147 480 216 508 corona
237 480 264 508 tot
279 480 366 508 ful3enti
375 480 408 508 bus
429 480 507 508 gemmis
528 480 558 508 il-

50 506 144 535 Iuminata
163 506 234 535 tantum
254 506 310 535 habet
333 506 429 535 radiorum
460 506 539 535 quantur

53 533 80 561 hic
98 533 173 561 titulus
191 533 305 561 dignitatis.
323 533 392 561 Vtinam
416 533 434 561 mi
449 533 509 561 pater,
518 533 560 561 hæc

48 561 71 589 ad
108 561 173 589 æteras
190 561 233 589 tuas
255 561 343 589 virtutes
363 561 405 589 nota
453 561 558 589 erinignis

49 589 161 610 accederet:

88 611 155 643 LEviG.
178 611 258 643 Demens
275 611 288 643 &
305 611 388 643 furioſe,
408 611 451 643 quid
461 611 562 643 imprec-

57 639 90 669 ris:
102 639 150 669 abſit
162 639 165 669 à
192 639 210 669 me
234 639 312 669 meoque
333 639 399 669 genere
414 639 486 669 tantum
507 639 561 669 dede-

57 666 96 697 css
114 666 126 697 tu
147 666 189 697 verò
210 666 261 697 quod
273 666 333 697 iubeo
354 666 459 697 exequere.
480 666 552 697 Nomen

5 695 5 723 :
50 695 95 723 iſtua
113 695 194 723 abiice,
215 695 254 723 tuis
284 695 397 723 Chriſtianis
415 695 502 723 nuntium
532 695 559 723 re-

61 721 120 749 mitre,
135 721 197 749 eorum
218 721 263 749 ſacra
282 721 292 749 &
308 721 438 749 cæremonias
454 721 558 749 dereſtare-

87 747 135 776 HR.
153 747 237 776 Dereſter
255 747 288 776 ego
306 747 372 776 pater,
393 747 465 776 vitam,
486 747 561 776 lucem.

62 775 132 813 Deumt

79 800 149 832 LvIG.
171 800 278 832 Emolliere
297 800 395 832 ceruicoſe
408 800 493 832 rbulo,
506 800 563 832 gene-

57 829 81 858 ris
102 829 129 858 mei
144 829 282 858 propudium:
300 829 363 858 exuite
387 829 420 858 eum
447 829 504 858 regiis
525 829 561 858 ve-

56 855 126 884 ſtibus,
139 855 206 884 cilicio
216 855 302 884 indnite.

80 881 130 913 HE.
153 881 200 913 Exuo
216 881 305 913 libenter
317 881 365 913 iſtud
384 881 498 913 inaniſſimæ
520 881 561 913 glo-

2 906 89 939 riæ
107 906 140 939 cho
152 906 179 939 rag
188 906 236 939 ium,
251 906 311 939 atque
326 906 392 939 vtinam
422 906 479 939 ocyus
497 906 560 939 facere

65 935 152 964 icuiſſit.
176 935 182 964 O
200 935 254 964 veſtis
272 935 368 964 delicata,
383 935 476 964 quantum
500 935 503 964 m
518 935 563 964 alo-

60 962 95 1001 rum
114 962 127 1001 &
146 962 193 1001 quàm
212 962 295 1001 ſpecioſa
314 962 339 1001 teg
348 962 361 1001 is
380 962 446 1001 miſeria

91 990 156 1020 LEVIG.
173 990 252 1020 Iniicite
269 990 345 1020 caenas
360 990 473 1020 patricidæ,
487 990 560 1020 quam-

76 1019 138 1044 rimum
155 1019 243 1044 inijcite.

82 1040 130 1072 H2R.
151 1040 220 1072 Dulces
238 1040 307 1072 catenæ
322 1040 354 1072 ego
372 1040 405 1072 vod
420 1040 534 1072 deoſculor,
561 1040 561 1072 &

81 1071 81 1106 e
107 1071 129 1106 um
148 1071 233 1106 armllis
243 1071 360 1106 antepono.
