687 1237
135 65 470 98 HERMENIGILDVS.
537 65 570 98 350

58 85 96 130 lt,
114 85 152 130 quæ
170 85 205 130 tibi
222 85 222 130 à
243 85 285 130 ſole
303 85 341 130 ipſo
366 85 373 130 in
408 85 425 130 os
443 85 495 130 illud
516 85 562 130 tuum

55 124 72 149 im
86 124 137 149 port
146 124 199 149 unum
228 124 357 149 regeruntur.

94 145 184 176 HERM.
239 145 407 176 nnacentiam
364 145 407 176 meam
422 145 467 176 pater
489 145 567 176 delarare

54 175 102 205 facile
120 175 141 205 eſt.
165 175 291 205 innocentiæ
312 175 447 205 patrocinium
477 175 570 205 inuenire

56 200 152 231 diſicile;
176 200 191 231 Te
206 200 257 231 vnum
284 200 299 231 eg
314 200 317 231 o
335 200 347 231 in
371 200 404 231 hac
422 200 494 231 tamma
515 200 569 231 inui-

54 254 134 289 habui,
151 254 201 289 quem
218 254 358 289 appellare,
374 254 421 289 quem
448 254 567 289 obteſtarer,

56 282 82 310 cui
102 282 153 310 fidem
178 282 226 310 meam
246 282 371 310 iniquiiſimis
388 282 492 310 calumniis
509 282 526 310 ve
538 282 566 310 xa-

55 309 89 338 tam
115 309 225 338 crederem.
239 309 295 338 Nunc
324 309 372 338 utem
397 309 411 338 te
431 309 556 338 peracerhum

50 336 215 365 accuſatorem,
239 336 319 365 ſeuerum
346 336 457 365 iudicem,
478 336 490 365 &
511 336 562 365 quod

67 362 158 392 rudelius
177 362 202 392 eſt,
218 362 287 392 putrem
313 362 357 392 iratu
410 362 511 392 experior.
543 362 556 392 Tu

60 388 82 419 me
98 388 145 419 penè
158 388 174 419 ab
193 388 287 419 hoſpitali
309 388 363 419 menſa
379 388 392 419 &
414 388 474 419 regiis
499 388 562 419 epulis

53 415 133 445 extract
141 415 183 445 um,
203 415 325 445 ornamentis
342 415 393 445 exui,
407 415 486 445 vinciri,
500 415 514 445 &
525 415 562 445 hu-

51 441 81 469 ius
111 441 189 469 calamit
201 441 222 469 oſi
249 441 332 469 carceris
365 441 455 469 tenebris
476 441 560 469 mandari

63 468 134 499 uſſiſti:
151 468 219 499 vereor
233 468 253 499 ne
267 468 276 499 ſi
296 468 315 499 me
335 468 463 499 innocentem
485 468 522 499 iter
531 468 554 499 um

58 495 133 525 dixero,
148 495 196 525 tuum
214 495 306 525 iudicium
330 495 381 525 quod
393 495 468 525 ſemper
498 495 558 525 rauiſ-

54 520 117 549 ſimum
135 520 180 549 fuit,
192 520 255 549 videar
279 520 390 549 refellere,
408 520 423 549 &
444 520 477 549 dum
501 520 561 549 inno-

57 545 126 578 centiæ
150 545 189 578 meæ
213 545 342 578 patrocinari
360 545 441 578 ſtudeo,
456 545 552 578 paternam

57 574 127 603 culpam
143 574 251 603 accuſem,
279 574 320 603 quæ
342 574 368 603 res
393 574 431 603 mihi
450 574 561 603 ſuppliciis

59 601 149 628 omnibus
161 601 254 628 acerbior
269 601 344 628 ſemper
359 601 389 628 viſa
410 601 437 628 eſt.

102 627 336 656 LEVIGILDVS.
361 627 431 656 Videte
459 627 560 656 orationis

56 655 140 697 inſidias.

89 681 370 710 HERMENIGILDVS.
410 681 479 710 Tacebo
494 681 556 710 igitur

54 708 93 737 ¶mi
105 708 168 737 pater)
183 708 192 737 ſi
204 708 270 737 iubes,
279 708 293 737 &
305 708 389 737 ſilentio
404 708 488 737 premam
509 708 554 737 con-

57 735 116 757 ſcient
122 735 167 757 iam.

101 761 316 791 LEVIGILDVS.
338 761 433 791 Eloquere
448 761 550 791 peruicax.

58 788 169 818 eloquere:
196 788 238 818 reos
265 788 373 818 inauditos
400 788 490 818 damnare
517 788 550 818 non

53 815 112 845 ſoleo.

194 841 436 871 ERMENIGILDVS.

126 869 199 899 Loquar
223 869 289 899 igitur
323 869 323 899 (
359 869 373 899 mi
396 869 479 899 pater)
509 869 546 899 quia

55 895 121 925 iubes,
133 895 166 925 non
187 895 238 925 quod
253 895 286 925 aut
307 895 409 925 oratione,
421 895 454 925 aut
472 895 556 925 ſilentio

55 922 121 951 ſperem
139 922 217 951 aliquid
238 922 256 951 me
277 922 406 951 effecturum.
427 922 460 951 Sed
484 922 556 951 vtcun-

57 943 87 979 que
105 943 117 979 ſe
138 943 162 979 res
183 943 291 979 habuerit,
315 943 399 979 pſtremas
417 943 498 979 ſanguini
528 943 555 979 mei

56 977 93 1005 voces
114 977 133 1005 tui
160 977 229 1005 aurius
247 977 349 1005 infundam.
383 977 450 1005 Etenim
482 977 490 1005 ſi
508 977 551 1005 tan-

53 1003 86 1032 tum
104 1003 137 1032 hoc
158 1003 251 1032 quicquid
278 1003 344 1032 miſeræ
356 1003 428 1032 animæ
449 1003 545 1032 reliquum

53 1029 83 1059 eſſe
104 1029 194 1059 voluiſti,
212 1029 212 1059 à
236 1029 275 1059 meis
292 1029 475 1059 calumniatoribus
493 1029 550 1059 expe-

58 1056 144 1092 teretur,
168 1056 221 1092 darem
251 1056 284 1092 cum
304 1056 384 1092 ſilentio
410 1056 517 1092 iugulum,
540 1056 554 1092 &

401 1085 401 1107 L
