684 1239
178 66 512 101 HERMENIGIILDVS.
576 66 608 101 3c3

102 95 160 123 rantia
182 95 259 123 vincere
275 95 318 123 cõſti
328 95 411 123 tuimus,
424 95 486 123 ſeceſſi
502 95 534 123 cum
558 95 605 123 vxo-

103 122 103 153 r
130 122 138 153 in
162 122 221 153 vIbem
247 122 295 153 quam
317 122 327 153 tu
351 122 351 153 i
362 122 389 153 pſe
407 122 461 153 pater
485 122 604 153 donaueras.

102 147 135 182 Sed
147 147 243 182 nouerca,
261 147 309 182 quaſi
321 147 324 182 i
333 147 357 182 pſa
378 147 447 182 grauem
465 147 555 182 iniuriam
573 147 606 182 ac-

103 174 253 207 cepiſſer,uuod
264 174 332 207 ferrum
352 174 392 207 noſt
403 174 426 207 ris
440 174 562 207 corporibus
582 174 607 207 nõ

100 201 168 233 immer
177 201 233 233 ſiiſet,
244 201 281 233 tota
301 201 343 233 vrbe
355 201 451 233 inſanire,
459 201 561 233 bacchari,
578 201 603 233 fu-

103 229 151 261 rere,
165 229 185 261 me
202 229 253 261 quaſi
267 229 335 261 hoſtem
355 229 405 261 patri
422 229 434 261 æ,
448 229 462 261 re
487 229 504 261 ni
516 229 558 261 buſt
566 229 603 261 um,

102 252 165 287 patris
177 252 273 287 interfect
285 252 330 287 orem
353 252 518 287 petulantiſſimis
533 252 605 287 conui-

103 281 136 314 ciis
148 281 250 314 inceſſere.
295 281 364 314 Vtinam
391 281 409 314 mi
424 281 478 314 pater
496 281 607 314 credulitas

101 307 128 341 tua
152 307 234 341 furioſis
261 307 298 341 eius
325 307 434 341 conatibus
452 307 511 341 nimis
537 307 604 341 vxoriè

99 334 130 361 non
154 334 197 361 eſſet
210 334 322 361 ancillata:
346 334 410 361 verum
428 334 442 361 in
466 334 487 361 me
500 334 543 361 iuſu
572 334 604 361 1u0

101 360 149 394 toto
173 360 272 394 exercitus
296 360 384 394 pondere
410 360 557 394 concurritur,
578 360 605 394 at-

104 388 135 418 que
149 388 149 418 i
188 388 233 418 unum
400 388 438 418 mari
468 388 521 418 mundu
547 388 561 418 ar

100 412 133 447 tur.
175 412 229 447 Dabis
244 412 274 447 hic
292 412 363 447 veniam
393 412 411 447 mi
426 412 504 447 pater,
531 412 537 447 ſi
555 412 606 447 quod

101 440 166 473 natura
183 440 248 473 brutis
259 440 398 473 animantibus
418 440 492 473 ſuadet,
506 440 520 473 vt
543 440 571 473 ſe,
591 440 608 473 vt

105 466 174 497 cniug
182 466 214 497 ia3
235 466 249 497 vt
265 466 371 497 ſobolem,
401 466 513 497 contravim
539 466 608 497 tuean-

102 492 147 527 tur,
168 492 206 527 hoc
219 492 280 527 facere
299 492 328 527 tor
344 492 371 527 fur
379 492 403 527 iis
424 492 427 527 à
440 492 526 527 nouerca
550 492 609 527 laceſ-

102 518 148 553 ſirus
162 518 247 553 conatus
261 518 306 553 ſum.
335 518 389 553 Arma
406 518 485 553 ſumpſi,
496 518 530 553 non
561 518 604 553 qui-

100 544 134 578 bus
151 544 165 578 te
180 544 307 578 laceſſerem,
329 544 358 578 ſed
380 544 451 578 quibus
471 544 490 578 me
504 544 519 578 &
536 544 561 578 reg
572 544 601 578 iam

104 573 209 602 coniugem
229 573 297 602 contra
311 573 424 602 impotenti
433 573 526 602 ſſimam&
540 573 551 602 cr
563 573 608 602 ude-

100 598 182 632 Iiſſimam
211 598 304 632 mulierem
326 598 394 632 tamdiu
417 598 555 632 defenderem,
575 598 606 632 do-

102 626 135 657 nec
150 626 183 657 tibi
201 626 231 657 rem
258 626 297 657 caus
306 626 333 657 ãq;
345 626 423 657 plenius
438 626 507 657 liceret
519 626 609 657 aperire.

137 653 226 684 LEVIG.
238 653 336 684 Mentiris
349 653 460 684 impoſtor.

128 678 236 712 HERME.
263 678 311 712 Teſter
323 678 344 712 hic
362 678 422 712 delubra
437 678 512 712 clitum.
539 678 611 712 araſque

113 710 142 739 uas
161 710 182 739 ego
201 710 227 739 cum
257 710 273 739 me
289 710 398 739 inſlammato
414 710 470 739 animo
481 710 608 739 proſequereris,

100 736 194 766 prſtremas
205 736 290 766 occupaui:
313 736 341 766 vbi
355 736 392 766 vidi
406 736 440 766 hoc
451 736 483 766 agi
502 736 517 766 vt
539 736 559 766 me
573 736 604 766 iam

103 761 145 792 fuga
163 761 211 792 tueri
226 761 259 792 non
280 761 352 792 poſſet,
361 761 427 792 poſſet
439 761 502 792 autem
526 761 610 792 gladius,

101 787 110 820 ſi
130 787 195 820 vellem
218 787 268 820 quod
283 787 311 820 lex
325 787 402 820 naturæ
416 787 472 820 iubet
489 787 566 820 exequi,
577 787 611 820 ſta-

105 813 130 845 rui
150 813 170 845 me
184 813 223 845 tuis
237 813 322 845 pedibus
342 813 438 845 inſontem
460 813 494 845 vict
503 813 554 845 imam
573 813 607 845 po-

104 839 140 875 tius
152 839 173 875 ad
182 839 275 875 uoluere,
287 839 335 875 quàm
355 839 367 875 in
388 839 436 875 tanta
457 839 511 875 cauſæ
535 839 610 875 æquita-

105 868 116 897 te
133 868 255 897 repunare.
284 868 320 897 Vidi
329 868 337 897 ſt
346 868 349 897 i
363 868 496 897 proſtratum,
513 868 606 897 iacentem

107 894 188 929 erexiſti,
203 894 248 929 erect
260 894 281 929 um
305 894 403 929 cõplexus
421 894 442 929 es.
463 894 505 929 Quid
523 894 541 929 eſt
559 894 610 929 quod

110 919 192 951 glorioſi
204 919 261 951 illius
280 919 343 951 operis
359 919 425 951 laureã
437 919 557 951 infuſcauit,
579 919 611 951 niſi

125 946 162 980 lius
176 946 233 980 dolus
247 946 286 980 quæ
306 946 340 980 cum
357 946 419 980 armis
439 946 524 980 obruere
538 946 560 980 nõ
574 946 611 980 po-

107 975 176 1006 1uerit,
188 975 215 1006 per
230 975 371 1006 iniquiſſimum
392 975 395 1006 i
404 975 434 1006 udi
452 975 455 1006 i
464 975 470 1006 ũ
485 975 548 1006 tentat
563 975 614 1006 præ-

111 1001 224 1033 cipitantem
244 1001 303 1033 impel
312 1001 360 1033 lere:
377 1001 388 1033 En
410 1001 490 1033 crimen,
504 1001 515 1033 en
538 1001 549 1033 c:
557 1001 603 1033 uſam

108 1028 137 1057 cur
153 1028 217 1057 cilicio
239 1028 345 1057 indutus,
382 1028 385 1057 &
404 1028 425 1057 iis
444 1028 492 1057 vinct
500 1028 518 1057 us
537 1028 598 1057 cateni

110 1055 153 1087 quas
169 1055 182 1087 tu
206 1055 337 1087 prædonibus
358 1055 481 1087 reſeruabas,
486 1055 497 1087 in
518 1055 571 1087 tetro
582 1055 601 1087 at

112 1081 143 1110 que
155 1081 223 1110 infami
240 1081 313 1110 carcere
333 1081 464 1110 moribundus
481 1081 543 1110 iaceo.
