683 1230
79 60 100 91 36
176 60 414 91 IERMENII.
438 60 501 91 V.

109 62 273 137 neeIG.
288 62 288 137 A
347 62 347 137 .
382 62 451 137 uis
431 62 496 137 us

130 86 199 113 EVIG.
211 86 315 113 Romanus
330 86 360 113 non
387 86 411 113 es:

86 137 157 166 manus,
166 137 202 166 hoc
219 137 262 166 enim
285 137 401 166 poſtremum
421 137 438 166 ar
463 137 489 166 uit
497 137 537 166 ut:
557 137 596 166 ha-

81 164 113 193 bes
127 164 138 193 in
158 164 189 193 hac
206 164 260 193 parte
268 164 285 193 (m
302 164 305 193 i
319 164 381 193 pater)
395 164 508 193 confitentẽ
525 164 593 193 reum.

85 190 125 222 Hoc
136 190 207 222 nempè
226 190 289 222 crimen
314 190 331 222 eſt
348 190 362 222 ex
379 190 407 222 que
421 190 458 222 reus
472 190 540 222 gaudet,
557 190 596 222 pai-

83 218 99 246 let
111 218 167 246 iudex,
176 218 225 246 cœlum
244 218 316 246 latatur,
339 218 412 246 errentur
428 218 510 246 damones,
549 218 601 246 ntre-

87 244 153 273 miſcunt
166 244 225 273 inferi,
244 244 286 273 cuius
302 244 384 273 accuſatio
411 244 464 273 uvotum
491 244 507 273 ſt,
522 244 533 273 &
546 244 597 273 pn2

85 269 164 302 fœlicitas.
190 269 272 302 Cuperem
297 269 379 302 equidem
407 269 481 302 centies
495 269 503 302 ſi
520 269 599 302 liceret

103 295 120 329 ro
134 295 165 329 lac
177 295 267 329 nominis
290 295 349 329 gloria
369 295 436 329 emori.
453 295 484 329 Iam
507 295 521 329 en
535 295 558 329 im
578 295 600 329 ad

96 324 123 354 Dei
136 324 203 354 laudes
219 324 333 354 prædicand
341 324 360 354 as
376 324 429 354 uvnum
453 324 469 354 os
482 324 514 354 nim
530 324 546 354 is
565 324 602 354 an-

88 349 157 380 guſtum
178 349 262 380 videtur:
274 349 355 380 concide
373 349 453 380 corpus,
465 349 519 380 velle,
531 349 558 380 Ian
573 349 600 380 ia,

139 378 596 435 XXXX:X:XXXXXXaX:XXXX

85 429 94 459 in
119 429 184 459 cœllum
207 429 227 459 via
247 429 391 459 quamprimùm
411 429 444 459 euo
453 429 476 459 lab
490 429 512 459 it.

121 456 124 488 L
162 456 213 488 VIG.
229 456 314 488 Furioſe,
324 456 381 488 nemo
400 456 513 488 contemnit
536 456 593 488 vitam

88 485 106 514 ni
115 485 121 514 ſi
139 485 169 514 qui
184 485 300 514 deſperatus
318 485 375 514 viuit.

113 508 218 541 HERME.
243 508 332 541 Pœnitet
357 508 376 541 me
398 508 490 541 Arianum
522 508 601 541 vixiſſe,

91 539 134 566 tunc
145 539 227 566 (fateor)
242 539 361 566 deſperatus
381 539 426 566 vixi.

128 535 216 598 LEVIG.
241 535 296 598 Nunc
315 535 377 598 autem
399 535 479 598 fatuus,
501 535 516 598 &
531 535 604 598 vecors

172 550 201 622 ae

104 616 211 651 HERME.
227 616 274 651 Viuo
293 616 309 651 mi
325 616 385 651 parer,
394 616 403 651 in
425 616 473 651 cilicio
489 616 599 651 ſplendidus,

85 644 95 671 in
117 644 187 671 vinculis
202 644 245 671 liber,
252 644 262 671 in
282 644 337 671 carcere
347 644 367 671 ſpe
377 644 432 671 cioſus.

119 668 209 703 LEVIG.
236 668 269 703 Hic
284 668 329 703 tuus
344 668 449 703 ſplendor,
461 668 485 703 tua
503 668 503 703 l
509 668 554 703 iber
566 668 599 703 tas,

91 692 117 731 rua
136 692 210 731 ſpecies
227 692 252 731 eſt,
264 692 272 731 ſi
289 692 292 731 m
326 692 337 731 &
354 692 428 731 vxorem
453 692 504 731 meam
526 692 600 731 conui-

94 719 126 757 ciis
138 719 229 757 arrodas.

123 749 224 783 HERME.
237 749 360 783 Imo(pater)
373 749 386 783 te
401 749 490 783 tanquam
515 749 598 783 Regem,

92 777 205 806 dominum,
231 777 304 806 atrem,
318 777 392 806 ſemper
406 777 516 806 honoraui,
527 777 595 806 timui,

94 804 170 835 venerat
179 804 199 835 us
213 804 261 835 ſum.
286 804 323 835 Tuæ
343 804 385 835 verò
405 804 459 835 vxori
476 804 526 835 bonã
549 804 594 835 men-

90 831 135 859 tem,
156 831 156 859 &
168 831 219 859 nihil
231 831 285 859 aliud
303 831 336 859 ſum
354 831 459 859 precatus.

128 856 215 887 LEVIG.
245 856 293 887 Satis
308 856 368 887 habet
389 856 455 887 mentis
467 856 491 887 ad
506 856 551 887 tuos
566 856 596 887 co-

91 878 148 914 natus
167 878 326 914 opprimendos.

111 909 171 938 HER.
184 909 247 938 Nimis
263 909 336 938 fareor,
345 909 358 938 &
371 909 371 938 h
393 909 408 938 oc
427 909 528 938 dolendum
547 909 573 938 eſt.

122 935 207 967 LEVIG.
220 935 295 967 Secede,
305 935 377 967 ſecede,
390 935 406 967 de
422 935 453 967 tuo
469 935 529 967 capite
548 935 589 967 deli-

92 968 122 997 ber
131 968 184 997 atur.

117 989 177 1024 Agite
203 989 256 1024 atres
272 989 424 1024 ſapientiſſimi,
439 989 544 1024 deliberate
566 989 588 1024 eui

94 1015 130 1061 ſpei
145 1015 175 1061 tam
193 1015 334 1061 importunum
352 1015 424 1061 animal
442 1015 568 1061 reſeruemus.

128 1042 275 1076 PRINCEPS.
289 1042 296 1076 I.
314 1042 366 1076 Tanta
387 1042 405 1076 eſt
447 1042 482 1076 Rex
499 1042 590 1076 potentiſ-

96 1069 146 1109 ſime,
160 1069 196 1109 cius
213 1069 293 1109 negotii
313 1069 379 1109 moles,
392 1069 406 1109 &
419 1069 449 1109 tam
469 1069 539 1109 lubrica
562 1069 588 1109 ma-
