655 1235
153 59 485 89 HERMENIGILDVS.
546 59 565 89 3G

78 71 117 116 eria,
143 71 157 116 vt
174 71 265 116 quantum
290 71 395 116 prudentia
415 71 454 116 quæ
469 71 565 116 dluturno

65 114 121 145 rerum
150 114 174 145 vſu
203 114 230 145 con
249 114 307 145 caluit
329 114 406 145 confert
419 114 441 145 ad
462 114 558 145 dicendum

64 141 119 169 fiduci
138 141 149 169 æ,
162 141 234 169 tantum
258 141 282 169 rei
295 141 394 169 nouitas,
413 141 423 169 &
450 141 519 169 magnit
527 141 564 169 udo

61 166 70 196 ſt
78 166 149 196 uporis
163 166 245 196 afferat.
268 166 324 196 Nulla
344 166 361 196 de
375 166 446 196 capite,
457 166 485 196 vel
499 166 564 196 homi-

61 194 90 222 nis
104 194 189 222 viliſimi
203 194 293 222 præceps
310 194 341 222 eſſe
358 194 409 222 debet
426 194 533 222 ſententia.
542 194 567 222 At

64 219 106 249 verò
126 219 157 249 cum
185 219 199 249 de
219 219 276 249 Regis
290 219 369 249 ſobole,
380 219 392 249 &
414 219 428 249 de
443 219 462 249 eo
479 219 519 249 filio
536 219 564 249 de-

62 245 173 276 liberetur,
192 245 202 276 in
232 245 266 276 quo
285 245 311 276 tua
333 245 378 276 decli
386 245 415 276 uis
439 245 476 276 ætas
492 245 505 276 &
532 245 564 276 Go-

64 273 137 302 thorum
157 273 205 302 ſalus
222 273 349 302 eõquieſcere
363 273 476 302 videbatur,
502 273 561 302 magni

61 299 132 330 referre
143 299 245 330 arbitror,
257 299 274 330 vt
291 299 327 330 quæ
344 299 347 330 à
367 299 381 330 te
398 299 548 330 conſtituentur

63 327 105 357 tant
117 327 119 357 ò
136 327 182 357 fiant
199 327 201 357 c
213 327 360 357 onſiderariis,
377 327 453 357 quantò
473 327 549 357 pericul

62 355 82 387 eſt
93 355 104 387 in
127 355 195 387 errore
209 355 354 387 pernitioſius.
371 355 416 387 Duas
433 355 450 387 vt
464 355 521 387 video
538 355 569 387 cõ-

60 380 169 410 trouerſias
182 380 212 410 acc
220 380 284 410 uſatio
305 380 404 410 complect
412 380 425 410 it
433 380 465 410 ur,
484 380 567 410 quaruni

56 407 116 436 altera
139 407 306 436 perduellionis,
325 407 388 436 altera
405 407 459 436 ſuper
470 407 569 436 ſtitionis.

66 434 81 463 Et
95 434 103 463 in
126 434 182 463 prima
202 434 273 463 quidem
301 434 340 463 quæ
363 434 402 463 mihi
434 434 513 463 grauior
530 434 555 463 viſ

60 461 90 490 eſt,
95 461 180 490 atroces
191 461 271 490 iuuenis
287 461 330 490 quei
340 461 423 490 imoniæ
436 461 479 490 fuer
490 461 516 490 ut,
527 461 570 490 qui-

58 487 92 516 bus
110 487 180 516 omnem
197 487 265 516 armor
275 487 297 516 um
322 487 377 516 inuid
384 487 414 516 iam
434 487 447 516 in
479 487 504 516 Goi
514 487 569 516 ſuin-

60 512 105 541 tham
124 512 236 541 Nouercam
257 512 364 541 deriuauit.
391 512 439 541 Mihi
468 512 537 541 quidem
564 512 567 541 ᷣ

62 539 107 568 Rex,
118 539 134 568 de
144 539 147 568 A
163 539 227 568 uguſta
248 539 251 568 c
261 539 333 568 oniuge
349 539 376 568 tua
391 539 421 568 tam
447 539 471 568 mit
482 539 482 568 i
492 539 519 568 fica
538 539 567 568 in-

58 565 107 594 ſedit
124 565 211 594 opiniu,
234 565 251 594 vt
265 565 313 594 nihil
333 565 376 594 addi
398 565 452 594 poſſit
472 565 571 594 amplius:

62 592 94 621 Sed
110 592 166 621 tamen
190 592 281 621 quantim
302 592 387 621 veterum
409 592 505 621 replicare
521 592 569 621 tem-

60 620 127 648 porum
153 620 222 648 memor
233 620 265 648 iam
289 620 323 648 mẽs
339 620 400 648 noſtra
416 620 496 648 poteſt,
512 620 568 648 video

61 645 92 675 per
109 645 214 675 Nouercas
228 645 248 675 ſæ
257 645 276 675 pe
291 645 342 675 faces
353 645 480 675 importatas
497 645 571 675 quibus

59 674 85 702 flo
93 674 133 702 rent
141 674 181 702 iſſim
203 674 206 702 æ
217 674 313 702 arderent
328 674 418 702 familiæ.
449 674 477 702 Tui
494 674 528 702 erit
542 674 570 702 iu-

0 700 0 729 ⸗
66 700 108 729 dicij
123 700 195 729 liquidi
222 700 225 729 s
246 700 318 729 videre,
324 700 339 729 an
372 700 495 729 Goiſuinthæ
516 700 573 729 Regi-

61 726 86 756 næ
103 726 140 756 odia
160 726 273 756 priuignum
290 726 312 756 ad
323 726 363 756 hæc
374 726 422 756 arma
448 726 569 756 cõpuleruũt:

62 754 99 782 cert
113 754 115 782 è
139 754 190 782 quod
203 754 214 782 in
235 754 251 782 te
272 754 344 782 iniquo
365 754 397 782 non
418 754 479 782 fuerit
493 754 570 782 animo,

61 780 109 808 facit
126 780 140 808 vt
166 780 236 808 credam
265 780 313 808 redit
324 780 341 808 us
366 780 468 808 celeritas,
482 780 497 808 &
508 780 519 808 in
539 780 573 808 hac

61 806 160 836 poſttema
178 806 217 836 quæ
232 806 265 836 tibi
283 806 316 836 cum
336 806 372 836 illo
393 806 429 836 fuit
447 806 570 836 cõgreſione

63 833 140 864 fiducia.
151 833 210 864 Habet
224 833 261 864 hoc
273 833 375 864 implicata
395 833 465 864 ſcelere
482 833 573 864 conſciẽ-

62 859 96 891 ria,
108 859 122 891 vt
144 859 204 891 omnia
224 859 354 891 reformidet,
365 859 402 891 tuta
416 859 453 891 ipſa
472 859 549 891 timeat,
557 859 574 891 &

62 886 70 918 ſ
84 886 149 918 folium
169 886 296 918 increpuerit
313 886 330 918 ex
341 886 446 918 paueſcat·
460 886 508 918 nihil
525 886 570 918 vero

62 914 74 943 in
93 914 130 943 hoc
147 914 246 943 congreſſu
268 914 302 943 vidi
316 914 387 943 ſimile,
404 914 519 943 exporrecta
542 914 570 943 iu-

65 940 119 971 uenis
134 940 203 971 facics,
212 940 233 971 læ
242 940 272 971 tus
284 940 302 971 at
314 940 347 971 que
362 940 431 971 hilaris
449 940 524 971 vultus,
533 940 575 971 ple-

64 966 101 995 nus
114 966 125 995 in
146 966 162 995 te
173 966 253 995 animus
269 966 317 995 fiduc
325 966 346 995 ię,
357 966 432 995 plenus
442 966 520 995 anoris
533 966 576 995 cer-

61 994 158 1022 nebatur,
168 994 176 1022 ſi
196 994 251 1022 modo
266 994 276 1022 in
293 994 338 1022 oculis
353 994 430 1022 tanquam
445 994 455 1022 in
475 994 550 1022 accurat:
557 994 570 1022 ſ-

35 1020 574 1075 1XXXXXXXXX:XXXX:X:X

65 1072 80 1108 an
104 1072 116 1108 ta
137 1072 173 1108 quæ
197 1072 233 1108 circ
242 1072 335 1108 unfartur
353 1072 365 1108 in
383 1072 449 1108 literis
473 1072 575 1108 atrocitas
