650 1218
98 52 133 82 3σs
194 52 529 82 HERMENIGILDS.

128 73 658 135 XXXXXXXXXXX:XXX

98 130 185 162 ciplinæ.
209 130 254 162 Nos
275 130 317 162 vero
329 130 341 162 in
359 130 401 162 iſtis
419 130 485 162 ſceler
494 130 494 162 i
518 130 533 162 us
548 130 590 162 iube
602 130 605 162 s

98 163 153 183 conui
163 163 204 183 niere

137 185 224 216 LEVIG.
239 185 266 216 Per
281 185 374 216 ſceptrum
404 185 458 216 uro,
476 185 491 216 &
506 185 599 216 potentem

110 212 212 250 Gothorum
243 212 325 250 genium,
334 212 365 250 hac
382 212 447 250 nocte
459 212 498 250 aut
524 212 606 250 menree.

118 242 127 266 it
148 242 199 266 vitam
223 242 237 266 ex
246 242 265 266 ue
276 242 286 266 t.

133 265 184 287 Euoca
210 265 322 287 Leonidam.

137 313 297 360 LEONID
337 313 341 360 Æ
388 313 596 360 TRIBVNO

198 355 198 373 c
223 355 225 373 o
248 355 258 373 M
277 355 481 373 MITTITVR

229 384 350 413 Hermenigildi
364 384 479 413 ſupplicium.

236 409 483 433 LEVIGILDVS.

153 439 180 485 Eon
195 439 234 485 ida,
245 439 291 485 opus
310 439 329 485 eſt
341 439 371 485 hic
394 439 433 485 mihi
456 439 482 485 tua
505 439 544 485 ide
559 439 566 485 in
593 439 612 485 l-

126 475 196 503 Lhrico
210 475 224 503 &
233 475 323 503 ancipiti
337 475 433 503 negotio.

137 495 214 536 LEON.
225 495 270 536 Iube
288 495 323 536 Rex
340 495 438 536 quicquid
452 495 484 536 vol
498 495 568 536 ueris,
589 495 610 536 o-

107 529 192 559 ſequium
209 529 243 559 non
265 529 333 559 deerit.

143 548 255 591 LEVIG.
286 548 366 591 Facies?
394 548 440 591 2n.
467 548 527 591 Etiam
551 548 603 591 rogis

110 583 160 612 Leuig.
177 583 278 612 Fortiter?

146 602 188 644 LEO
202 602 223 644 N.
244 602 317 644 Quando
331 602 415 644 ignanus
436 602 471 644 fui:
492 602 551 644 Leuig.
572 602 600 644 Cito

113 635 144 664 Leo.
155 635 198 664 Iube
215 635 226 664 &
243 635 317 664 perfect
325 635 348 664 um
376 635 402 664 eſt.

143 655 229 690 LEVIG.
248 655 317 690 Timeo.
343 655 384 690 Lton.
406 655 450 690 Quid
472 655 495 690 me
510 655 612 690 excruciai

106 685 109 724 ô
127 685 172 724 Rex?
184 685 190 724 ſi
205 685 238 724 tibi
253 685 337 724 ſuſpecta
358 685 376 724 eſt
391 685 439 724 ſides
457 685 508 724 mea,
523 685 523 724 i
535 685 571 724 ube
589 685 601 724 ni

107 715 163 744 coram
189 715 203 744 te
219 715 304 744 flammas
317 715 442 744 inſcendere.

152 737 242 772 LEVIG.
252 737 291 772 Non
311 737 345 772 hoc
358 737 428 772 iubeo.
444 737 491 772 Ln.
520 737 567 772 Quid
577 737 610 772 igi-

104 769 150 806 tnr?
178 769 229 806 Leuig.
240 769 257 806 vt
271 769 330 806 hodie
347 769 404 806 caput
432 769 489 806 meum
506 769 509 806 à
531 769 579 806 nece
591 769 608 806 l-

101 794 170 816 beres.

153 816 233 857 LEON.
249 816 256 857 O
276 816 322 857 Rex,
339 816 389 857 etiam
405 816 442 857 hoc
455 816 528 857 iubere
558 816 611 857 opor-

103 848 165 877 ter:di
176 848 179 877 c
193 848 233 877 quæ
242 848 259 877 ſo
278 848 321 877 quid
338 848 372 877 vis?

151 872 242 913 LEVIG.
256 872 312 913 Noſti
326 872 416 913 arcanum
437 872 521 913 ſilentio
545 872 612 913 ſepi:e

152 900 269 924 LEONID.
304 900 320 924 oc
336 900 393 924 noui.

150 923 240 959 LEVIG.
257 923 313 959 Age,
340 923 353 959 Tu
376 923 483 959 Hermenig
493 923 552 959 ildum
579 923 612 959 hac

100 952 157 985 nocte
174 952 236 985 ſecuri
250 952 338 985 percuti,
349 952 363 985 &
377 952 403 985 con
420 952 448 985 fici
465 952 524 985 ſtatim
549 952 603 985 cura.

129 978 207 1013 LEON.
240 978 246 1013 O
267 978 303 1013 Rex
318 978 366 1013 quid
381 978 450 1013 iuſiſti
486 978 534 1013 ſang
543 978 591 1013 uine

98 1005 152 1046 tuuni
167 1005 197 1046 per
221 1005 242 1046 me
254 1005 320 1046 fundii
335 1005 380 1046 iube
392 1005 464 1046 potius
479 1005 497 1046 vt
512 1005 575 1046 viuus
593 1005 596 1046 a

95 1030 105 1055 in
121 1030 171 1055 feros
184 1030 301 1055 penetrem.

143 1055 165 1088 LE
184 1055 234 1088 VIG.
253 1055 294 1088 Ae
310 1055 363 1088 quod
376 1055 448 1088 iubeo,
458 1055 486 1088 vel
505 1055 527 1088 te.

498 1076 614 1125 LOOID.
