675 1231
161 80 492 116 ERMENIGILDVS.
564 80 580 116 7s

99 102 166 142 ERAS.
183 102 243 142 Doleo
257 102 271 142 te
285 102 295 142 in
316 102 348 142 hac
362 102 463 142 innocetia
484 102 579 142 oprimi,

80 134 95 166 de
110 134 143 166 hoc
161 134 251 166 fortunæ
269 134 346 166 faſtigio
370 134 400 166 per
415 134 535 166 iniquiſſimã
550 134 577 166 ca-

77 159 168 193 Iumniam
191 159 298 193 deturbari,
310 159 347 193 hoc
366 159 423 193 ætatis
440 159 488 193 flore
502 159 565 193 bellui

76 187 121 220 ipſis
145 187 244 220 miſerãdo,
262 187 286 220 am
307 187 415 220 crudeliter
433 187 460 220 ext
469 187 532 220 ingui;
541 187 571 220 heu

76 214 105 244 vbi
116 214 195 244 amores
210 214 272 244 noſtri
300 214 329 244 vbi
343 214 414 244 breues
433 214 484 244 deliti
504 214 524 244 æ
547 214 578 244 vbi

75 238 117 274 ſpes
129 238 249 274 immaturæ,
267 238 309 274 quas
324 238 353 274 hic
365 238 455 274 fortunæ
473 238 530 274 turbo
548 238 578 274 de-

76 266 124 299 cuſſit
144 266 158 299 te
175 266 217 299 verò
234 266 282 299 nihil
305 266 364 299 eorum
392 266 463 299 mouet.

113 294 196 328 HERM.
233 294 350 328 Eraſiſtrate,
366 294 400 328 fuit
413 294 523 328 aliquando
543 294 580 328 tibi

74 320 140 354 graue,
152 320 227 354 diurnis
239 320 347 354 Iaboribus
362 320 491 354 vehementer
503 320 578 354 ſatiga-

73 348 90 374 to
107 348 170 374 veſtem
187 348 206 374 ad
223 348 353 374 cubicularem
373 348 441 374 lectum
464 348 569 374 ineundum

75 371 183 406 deponere:
195 371 249 406 Scito
264 371 300 406 hoc
315 371 354 406 corp
411 371 429 406 me
447 371 489 406 poſt
507 371 534 406 tot
552 371 576 406 la-

87 397 130 434 ores
144 397 155 434 &
178 397 245 434 ærũnas
260 397 288 434 tam
316 397 319 434 æ
330 397 364 434 quo
378 397 443 434 animo
463 397 503 434 exui
519 397 568 434 quam

71 427 113 461 quis
128 427 188 461 togam
215 427 299 461 exuerit.
328 427 376 461 Noli
388 427 436 461 angi
454 427 574 461 Eraſiſtrate.

70 449 127 486 fœlix
142 449 155 486 &
174 449 272 486 glorioſus
291 449 373 486 morior,
389 449 414 486 tui
423 449 487 486 autem
506 449 572 486 sãctiſ-

69 478 92 509 ſim
109 478 109 509 i
123 478 200 509 amioris
214 478 268 509 apud
287 478 347 509 manes
361 478 361 509 i
370 478 415 509 pſos
435 478 548 509 meminero.

113 506 183 539 ERAS.
214 506 255 539 Imo
274 506 287 539 te
299 506 359 539 ſtatim
378 506 400 539 ad
419 506 479 539 manes
492 506 571 539 ſequare

72 532 114 560 quid
129 532 171 560 enim
195 532 234 560 poſt
258 532 276 560 pr
288 532 345 560 etioſi
354 532 408 560 ſſimæ
426 532 495 560 animæ
510 532 573 560 iactu-

65 560 95 593 ram
116 560 179 593 terras
197 560 200 593 g
209 560 284 593 rauem?
305 560 337 593 Sed
352 560 391 593 ecce
409 560 520 593 Recaredus
532 560 571 593 fra-

64 588 93 609 ter
110 588 155 609 tuus
166 588 259 609 aduenit.

109 674 109 696 F

114 681 338 720 2CAREDVS
383 681 571 720 HERMENI-

90 717 197 747 GILDVM
231 717 361 747 FRATREM
396 717 552 747 CONVENI.

206 764 434 794 RECAREDVS.

146 826 166 862 Go
183 826 196 862 te
209 826 269 862 frater
289 826 389 862 prodidi,
413 826 446 862 ego
463 826 476 862 te
489 826 499 862 in
519 826 570 862 hane

137 853 266 889 carnificinam
285 853 376 889 adduxi,
392 853 427 889 ego
443 853 455 889 te
471 853 500 889 his
515 853 566 889 cate-

133 881 175 917 nis,
190 881 235 917 huic
250 881 322 917 carceri
339 881 441 917 mãcipaui.
459 881 465 917 O
486 881 507 917 me
519 881 564 917 prę-

60 899 155 943 poſterum
174 899 228 943 pacis
241 899 415 943 internunciuml
437 899 440 943 ô
453 899 523 943 acerbã
542 899 567 943 le-

63 935 89 966 gat
97 935 145 966 ionẽ
165 935 227 966 meaml
241 935 244 966 ô
258 935 270 966 in
287 935 357 966 fidelem
380 935 454 966 operam
510 935 564 966 frau-

59 961 92 992 dem
113 961 143 992 per
152 961 236 992 fidioſam
284 961 299 992 Tu
316 961 379 992 ſaltem
400 961 460 992 frater
478 961 511 992 dum
541 961 562 992 vi-

56 988 92 1021 uis,
104 988 203 1021 vlciſcere,
218 988 299 1021 gladium
317 988 368 1021 iſtum
386 988 422 1021 arri
431 988 461 1021 pe,
470 988 482 1021 &
497 988 554 1021 totum

56 1013 146 1050 nefandis
161 1013 271 1050 viſceribus
286 1013 391 1050 immerge.

86 1040 187 1076 HERME.
209 1040 291 1076 Furiosè
303 1040 398 1076 loqueris
417 1040 433 1076 mi
448 1040 515 1076 fratet,
524 1040 562 1076 no-

4 1065 55 1099 2u
84 1065 220 1099 innocentiam
242 1065 302 1099 tuam.

87 1093 184 1133 RECAR.
200 1093 250 1133 Satis
267 1093 287 1133 eſt
304 1093 377 1133 nocens
394 1093 447 1133 cuius
467 1093 557 1133 deſtinata

391 1129 416 1153 Aa
451 1129 476 1153 i:ii
