1000 1743
301 61 711 117 MISOPONO0,
631 82 697 100 P
112 68 192 107 I3
456 132 597 175 TI.
124 161 599 213 Quânam igitur horâ ſurgit ille?
462 218 617 259 ERS.
146 249 989 309 Quâ non ſurgat horâ facilè dixerim: neque enim ſurgit
108 285 990 344 quartâ matutinâ, non quintâ, non ſextâ aut proximè ſe-
103 324 989 381 quentibus; hoc certum eſt. Quâ verò ſurgat id planè in-
106 363 986 412 certum. Bvigilat circa nonam vel decimam; ſed ne con-
105 395 984 452 tinuò credas ſurgere. Uhâ ſæpè minùs horâ ter, quater
103 434 917 481 me vocat ſurgenti ſimilis, & ter, quaterque lecto revolu-
101 468 985 523 tus cadit; ac tandiu, nunc in dextrum, nunc in ſiniſtrum
62 504 919 561 latus recubat, donec ipſa dormiendo fatigatum ejiciat
100 543 914 592 quies. En tinnitum audio. Auditur ſonus tintinnabuli.
100 578 913 637 Nune primùm expergiſcit. Sed iterum obdormiſcet brevi.
432 629 562 671 TI.
72 654 910 712 Dic adeſſe tutorem è longinquo reducem, qui ipſum
71 690 199 726 evocet:
443 743 556 772 ERG.
129 764 909 821 Tutor illi chariſſimus, cum bonâ tuâ veniâ dicam, ſom-
91 805 680 855 nus eſt, cui ſe in primis tutandum dedit.
403 858 555 896 TI.
101 881 904 935 Surgat ſanè modò & me alloquatur ocyùs. Dum ejus
30 920 903 973 diu noctuque invigilo rebus, ipſum diu noctuque dor-
88 958 286 989 mire dedecet.
435 1010 549 1042 ERG.
121 1043 900 1104 Ipſum admonebo, urgebo, & hic volentem nolentem
85 1083 373 1127 attraham, ſi potero.
604 1143 898 1176 XYX SXX
78 1135 893 1196 ,a,aa,,aaax Xxx-
408 1143 485 1165 4 X
263 1196 718 1257 SCENA II.
244 1253 677 1311 TIMANDERſolus.
69 1297 891 1357 Superi! quânam in regione, vel gente vivimus? Qua
90 1336 889 1392 mala hodiè adoleſcentes opulentos & nobiles alligat
74 1368 888 1426 inertia! Patres noſtri erant ſomni brevis & longi laboris
72 1409 888 1464 homines; lllorum nepotes contrâ nullius laboris ſunt &
69 1444 885 1503 plurimi ſoporis. Atqui tamen bona labore parta non cres-
70 1481 558 1524 cunt ſomno & otio, ſed diſluunt:
896 1685 997 1718 Æ
1 1696 108 1736 t
854 1713 997 1740 i
