1000 1743
569 84 710 99 TA3A
221 85 872 121 DRAM A. COM IC I69
413 139 520 166 M IS.
104 180 250 216 Sta igitur.
390 198 527 239 PÆD.
106 247 882 287 Sedebo, quoniam jubes. Nam ut aiunt inurbanum præ-
13 278 878 325 ſtat eſſe quàm importunum. am narrabo tibi. Cum ego
13 322 876 365 & Galatea nutriendum te accepimus... Longinqua rete-
13 358 876 402 ro, nam iniantulus eras, & puſillus ut... nunc verò
13 397 322 449 grandis es ah!...
425 433 533 459 MIS.
110 469 691 506 Præterita omitte & præſentia perſequere.
424 507 539 532 PÆD.
111 539 880 580 Ah! præterita iſta ſemper erunt animo præſentia...
14 569 930 619 Cùm, ego inquam, & Galatea nutriendum te accepimus,
15 615 881 655 omnes continuo gratulari mihi pagi incolæ, quòd tale nac-
15 651 882 690 tus eſſem in tali alumno patrocinium: multi etiam ſalu-
15 687 883 727 tare me aperto capite, & alloqui cum reverentiâ: alii in-
15 723 883 763 ter ſe colloqui, & in aurem inſuſurrare alter alteri. Papæ!
16 759 884 800 exclamabat aliquis quàm felix eſt noſterPædotrophus:
17 796 880 841 gallinæ albæ filius eſt. Pol! ſubiiciebat alius, ſecurè jam
17 833 885 873 dormire poteſt. Nam magnum in iſte puero theſaurum
17 870 885 908 reperit. Hæc ego diſſimulanter audiebam; & tacitè gaude-
18 906 886 945 bam in ſinu. Domum reverſus, heus tu, aiebam, ala-
18 942 887 977 tea, puerum ſerva nobis iſtum diligenter, & nutri ſedu-
17 976 887 1017 Iò. Illa tibi lac immulgebat continuò & lactando læta can-
19 1015 887 1055 titabat. Ipſe tibi nunc conciliabam ſomnos agitando cunos,
17 1051 890 1093 nunc riſum eliciebam palpando, balbuticndo, lallando,
22 1086 890 1123 mille modis blandiendo. Ride, inquicbam, blande puer,
20 1123 890 1160 qui nobis riſum facis. Ride. Ridebas, & ipſe ridebam
21 1166 207 1200 quoque.
439 1197 546 1223 MIS.
126 1230 844 1271 Quod tibi gaudium aliquando obtulerim, gaudeo.
391 1270 554 1296 PÆD.
128 1302 895 1341 Et gaudium attuliſti & luerum. Nam quia ſumma fuit
94 1338 896 1376 patris tui auctoritas, te propter magnâ ſum levatus parte
19 1374 896 1410 annui tributi, quod ex me miſerè Agreſtes Publicani du-
26 1411 898 1447 riter exigebant. Nunc vero poſtquam vir clariſſimus pater
25 1447 648 1479 tuus occidit, heu, hoi... lacrmatur.
445 1484 554 1511 MIS.
135 1518 322 1558 Quid evenit?
691 1555 758 1588 L5
1 1696 263 1734 lâ t-
813 1710 927 1735 ggtro-
876 1718 997 1740 i
