1000 1743
119 72 755 105 220 E PILO O US.
151 123 903 169 cin Gifer trott muthia ten ſtirmenben elen,
82 167 857 213 r rinat mit bem cobe, er fann ihn nidt fallen;
145 214 839 259 e ndher ter diffbruâ, tet orimmien luht:
148 260 703 301 e ſidrer er enbliqâ im anen ausruht.
207 303 741 345 tad er irbeit ſauerm âmeiſe,
265 347 752 390 ad ber ſtibe, nad bem leiſe.
173 389 675 433 uhlt noltommner unſre oruſt,
346 435 576 473 ie ruiqe tuſt.
180 505 985 559 in mnann ſmit acernb,puiotmiſam bie cte,
142 550 723 600 Er ſet im erſte mit vieler eſdmerbe;
140 596 828 637 Dod miro ibm hier ridlid bie rbeit perſuât:
141 639 850 684 anu ihm in bem omner ie lernbte erſpriejt.
256 685 732 726 aâ ber râet ſauerm Efmeije,
254 727 724 772 ſad ber uibe, nad em leiſe,
208 771 658 813 ihſt noafommner unjre &ruſt,
335 817 559 854 Die ruhie uſt.
167 890 771 935 in eiſtreider ieblina erhabener fuſen,
132 936 743 979 Beſteiget ben pintus mit feuriem &uſeu,
131 981 635 1020 r eifert um aſta er &rſte ;u ſeun.
129 1024 760 1064 rrcidt er en ipfel &r mit ſi erfreun;
127 1065 808 1110 un aliclid, mir er ſid mit ſtolem &nt;cen,
126 1112 755 1152 m Edatten er ciacnen ſorbern erauien.
190 1154 716 1195 Stad ber rfeit jauerm dneiſe,
240 1198 721 1239 Sa ber upe, nad bem leiſe,
194 1241 651 1283 ihlt potomner unjte ruſt,
296 1288 551 1326 ie ruhise tuſt.
327 1367 644 1421 ee
465 1465 568 1495 e
13 1686 94 1740 t-
158 1712 261 1733 r
842 1713 997 1740 i
