1000 1743
383 54 743 97 LIPERI
98 52 190 93 aâ
411 106 654 135 THEOH.
138 125 755 181 Naſcimur omnes, quotquot vivimus...
404 180 686 222 ANTIN.
134 211 324 260 Sic eſt.
412 253 661 284 THEOB.
175 286 988 334 Reſpice me. Autinous ſuperbè reſpicit, ac deinde aver-
102 322 274 351 tit oculos.
167 366 987 411 Naſcimur omnes eo genere, gradu, loco & tempore,
137 401 987 451 quod ex definito probandi homines, vel reprobandi con-
137 438 518 475 ſilio conſtituit Deus juſtus.
173 482 986 532 Adverte mentem. Antinous ex perâ tabacothecam educit,
136 520 449 558 quam contemplatur.
848 544 902 559 V
142 555 986 605 Illud itaque diligenter caveto ne... non attendis, di-
84 593 987 641 lecte fili... ne quemadmodum ille fratrum alter odio ha-
131 633 986 681 bitus eſt. Auſculta, precor.... Antinous offert Iueobulo
133 670 526 715 tabacum: Tbeobulus reſpuit.
168 717 985 759 Ne quemadmodum ille fratrum primogenitus debitum
131 751 985 795 ſibi principatum vendidit: ſic tu primo loco natus magi-
133 788 986 836 ſtratum tibi oblatum repudies. Intuere me,... Antinous
124 823 666 866 fingit ſe ſternutare. ſuſſit, excreat.
138 866 981 910 Non is es, credo, quem vana religio terreat. Inſunt
125 906 981 947 quidem aliqua gerendi magiſtratâs pericula. Sed quos pe-
124 943 980 984 riculis eximere vult Deus, hos invicto & inexpugnabili
125 980 980 1020 vallat præſidio; ſtant illi mediis in ſtuctibus tuti, mediis
123 1013 981 1060 in ignibus illæſi. Illud itaque... utinous oſcitatur, pa-
123 1052 289 1092 diculatur.
101 1084 980 1142 Non audis, fli. Itaque.... Antinous tibialia, veſtem,
96 1132 396 1174 aut pileum compouit-.
139 1173 980 1218 Aliud agis... Quo circa illud... Antinous manum mo-
118 1211 699 1248 et in numerum, quaſ cantilenam andiret.
154 1255 374 1285 Sileo... ſileo.
423 1294 612 1332 ANTIN.
151 1325 434 1366 Quid hæres? perge.
425 1367 617 1398 THEOB.
148 1399 404 1432 Per te non licet.
420 1439 606 1466 ANTIN.
145 1472 382 1506 Non contradico..
1 1696 263 1741 t -
813 1700 968 1741 Æ
