1000 1743
391 62 699 92 LIBERI
112 66 200 95 248
146 111 991 163 prudentl vlro, qui tuos vultus, tuos ſermones, mores
145 151 752 195 tuos, te totum denique ad pietatem fingat.
441 191 630 218 AGATH.
143 219 616 263 Non ſum ad fingendum natus.
415 261 639 298 THEO.
179 294 989 341 Malè interpretaris: non finges, ſed fingèris. Sic erudi-
143 332 988 382 tus eruditorum frequentabis cœtus; erudita & pia modò
143 368 988 420 cum viris, modò cum nobilibus matronis ſeres colloquia;
142 406 986 457 atque ita bonam famam, magnum nomen brevi colliges.
453 446 638 474 AGATH.
178 470 988 524 Iſta pietatis vel eruditionis oſtentatio non placet. Et
140 513 986 565 malim, ſi mentem injiceret Deus, malim loca habitare
138 549 521 587 ſola, & fancta, quàm...
444 591 630 618 THEOP.
175 622 985 672 Ah cave loca ſola cogites! cave quis hanc mentem ob-
137 659 985 711 trudat tibi. Non te iſto voluit donatum ingenio Deus,
136 696 986 748 ut in umbrâ deliteſcas. Te homines inter verſari decet,
135 731 984 781 illos ut ab errore revoces. Te opes etiam colligere par eſt,
134 772 983 817 ut propugnatores veritatis foveas, defendas, protegas.
134 803 984 854 Oſili! dilecte fili! Veritas, ſancta veritas! flens dice.
134 840 982 887 Sdario oculas eæterget. Veritas oppreſſa jacet. Illius de-
133 875 983 920 fenſores hodie vel nulli ſunt, vel audent nihil, â pudor?
132 914 982 964 Exultant interea capitales ejus hoſtes, & triamphant, ò do-
132 949 979 994 lor... Vocem intercludunt ſuſpiria. Cogita, fili, cogi-
132 989 981 1026 ta, quæ te maneat gloria, ſi tu ad puſillum, ſed ſince-!
129 1022 981 1073 rum gregem acceſſeris. Si tu illum opibus auxeris, gratiâ
127 1061 979 1102 protexeris, ingenio direxeris... Plura non dico. Sat vi-
128 1093 982 1144 deo, vinceris, è noſtris eris aliquando. Surgit, & Aga-
127 1130 982 1183 tboclem amplectitur Hoc mihi ſuadet iſta indoles, hoc
127 1166 745 1211 ſpondet veritatis auctor, & protector Deus.
419 1208 623 1238 AGATH.
103 1239 981 1292 Neſcio quid tibi de me ſpondeat Deus: ſed ſit me amas,
122 1278 981 1328 vra patrem, & obſecra, ne iſti me addicat vitæ generi,
121 1312 754 1350 quod mens horreſcit, & reformidat animus.
378 1348 612 1383 THEOE.
154 1380 591 1425 Patri obtemperandum eſt, fili.
426 1425 615 1455 AGATH.
152 1456 970 1499 Non detrectabo imperium patris; ſed ne imperet, ora-
115 1491 486 1530 bo. Tu impetra, & vale.
1 1696 113 1741 t
149 1709 261 1735 t
