<PcGts xmlns="http://schema.primaresearch.org/PAGE/gts/pagecontent/2019-07-15" xmlns:xsi="http://www.w3.org/2001/XMLSchema-instance" xsi:schemaLocation="http://schema.primaresearch.org/PAGE/gts/pagecontent/2019-07-15 http://schema.primaresearch.org/PAGE/gts/pagecontent/2019-07-15/pagecontent.xsd"><Metadata><Creator>User123</Creator><Created>2022-01-27T01:34:00</Created><LastChange>2022-01-27T01:34:00</LastChange></Metadata><Page imageFilename="0166.png" imageHeight="963" imageWidth="570"><TextRegion id="r0" type="paragraph" orientation="1.0"><Coords points="1,1 568,1 568,961 1,961"/><TextLine id="r0_l001"><Coords points="218,18 219,53 402,49 401,14 218,18"/><TextEquiv index="1"><Unicode>(0</Unicode></TextEquiv></TextLine><TextLine id="r0_l002"><Coords points="85,31 85,53 119,52 119,30 85,31"/><TextEquiv index="1"><Unicode>158</Unicode></TextEquiv></TextLine><TextLine id="r0_l003"><Coords points="69,63 70,87 476,80 475,56 69,63"/><TextEquiv index="1"><Unicode>Curere rem Domeſticam. Sic judicnt</Unicode></TextEquiv></TextLine><TextLine id="r0_l004"><Coords points="110,86 110,108 520,101 520,79 110,86"/><TextEquiv index="1"><Unicode>Ixor. Sat eſt hoc. LeribalI Matri decet</Unicode></TextEquiv></TextLine><TextLine id="r0_l005"><Coords points="167,136 167,137 168,136 168,130 169,129 201,128 202,129 202,135 206,135 207,135 207,129 207,128 251,128 252,128 281,128 282,127 295,127 308,127 309,128 398,126 399,127 411,127 412,127 412,129 412,130 414,128 414,127 426,126 427,125 481,125 482,125 483,124 540,123 542,122 542,115 541,114 541,113 539,111 538,112 537,111 531,111 531,110 531,106 530,106 527,106 526,107 526,111 525,112 493,112 492,111 492,110 490,108 481,109 481,113 480,114 444,114 444,108 443,107 440,107 437,111 437,113 436,113 409,114 408,115 376,115 375,114 368,114 368,111 367,110 367,109 366,109 365,110 338,110 337,109 324,109 323,110 297,111 297,110 297,109 296,109 291,109 291,112 290,113 290,114 289,115 255,115 255,110 254,109 252,110 251,109 247,109 247,110 246,111 222,111 221,113 221,116 220,116 188,117 188,116 188,111 186,110 185,110 184,111 168,111 167,112 166,112 166,113 166,117 165,117 126,118 126,117 126,113 125,113 120,113 119,114 109,114 108,116 109,117 109,131 110,131 111,132 112,132 113,131 121,131 142,130 143,131 166,131 167,131 167,136"/><TextEquiv index="1"><Unicode>Nos obſequi. Ler. Diſcedo. pon fero Patris</Unicode></TextEquiv></TextLine><TextLine id="r0_l006"><Coords points="422,159 423,159 423,158 423,151 424,151 481,150 482,150 490,150 491,149 542,148 542,147 541,146 541,135 542,134 542,133 540,131 533,132 532,131 524,131 523,132 503,132 502,133 501,133 501,134 501,137 463,138 462,137 462,133 460,132 458,132 457,133 456,133 455,134 455,136 454,138 396,139 395,139 395,135 392,132 391,132 390,133 388,133 387,134 373,134 373,135 373,139 337,140 336,140 336,139 335,138 335,137 334,136 334,135 333,134 303,135 302,136 300,136 298,138 298,139 298,140 243,141 242,140 242,134 241,134 239,134 238,135 228,135 227,136 225,136 224,137 224,138 223,140 223,141 222,142 193,143 192,142 170,142 169,141 169,137 168,137 165,137 165,138 165,143 137,144 136,143 116,143 115,142 115,139 114,139 112,138 109,138 109,139 109,141 110,141 110,152 109,153 109,155 110,156 117,156 117,159 120,162 125,162 126,161 127,161 128,159 128,157 129,157 139,156 140,155 202,154 204,156 205,156 205,155 206,154 305,153 307,155 309,155 309,156 310,156 312,156 313,157 320,157 321,158 324,158 324,153 325,152 392,151 392,152 392,157 393,157 396,157 396,156 396,151 397,151 421,151 421,158 422,159"/><TextEquiv index="1"><Unicode>lgnaνiam. Cbrem. Quam diſpares ſunt Filii</Unicode></TextEquiv></TextLine><TextLine id="r0_l007"><Coords points="401,182 402,183 403,182 403,177 438,176 439,175 478,175 479,175 479,180 479,181 482,180 483,180 483,176 483,175 485,175 486,174 537,174 539,175 539,176 540,175 541,175 542,175 541,163 542,162 543,162 542,161 542,160 541,159 541,157 541,156 539,157 538,156 537,156 537,161 537,162 482,162 481,162 481,158 480,157 477,157 476,158 467,158 466,159 461,159 460,159 460,162 459,164 425,164 424,164 424,160 423,159 422,159 421,159 421,163 421,164 406,164 405,165 380,165 379,159 379,158 350,159 348,160 348,164 348,165 319,165 318,165 318,161 318,160 313,160 312,161 312,164 299,165 298,166 266,166 265,165 264,165 263,166 229,167 228,166 162,167 161,168 122,169 122,168 121,165 120,164 118,164 117,163 116,164 113,164 111,166 110,166 109,166 110,177 111,178 111,179 112,181 123,181 124,181 124,185 125,187 128,187 129,186 129,181 235,179 236,179 236,181 236,182 238,182 239,181 240,181 241,180 241,179 276,178 277,179 277,184 280,184 282,182 282,177 311,176 312,177 333,177 334,176 366,176 367,177 381,176 382,177 382,179 397,179 398,179 398,181 398,182 401,182"/><TextEquiv index="1"><Unicode>Sparmuncus, atque Letibal, quam diſparesl</Unicode></TextEquiv></TextLine><TextLine id="r0_l008"><Coords points="125,212 129,212 129,211 129,206 130,206 221,204 222,203 241,203 252,203 253,204 263,203 264,202 270,202 310,202 311,202 390,201 391,202 392,201 424,201 425,202 433,201 433,202 433,204 434,204 436,204 438,202 438,201 439,200 481,200 482,201 513,200 513,202 514,203 516,203 517,202 518,202 520,199 520,197 519,196 519,194 518,194 517,193 508,193 507,193 507,188 506,187 454,188 453,189 428,189 428,185 426,183 425,183 424,185 424,188 423,189 395,189 395,185 394,184 377,184 377,185 377,189 376,189 325,190 325,186 323,184 310,184 309,184 308,184 307,185 254,185 253,186 252,187 252,188 251,189 251,190 250,191 225,191 224,192 195,193 194,192 175,192 174,193 121,194 121,193 121,190 119,189 113,189 111,191 111,203 112,204 112,205 113,206 124,206 124,211 125,212"/><TextEquiv index="1"><Unicode>Sparmuneus eſt ſimillimus Matri, tenax,</Unicode></TextEquiv></TextLine><TextLine id="r0_l009"><Coords points="466,232 466,233 467,232 467,226 505,225 506,226 506,228 507,228 508,227 509,227 512,224 511,219 510,218 501,218 500,218 500,214 500,213 491,213 490,213 490,212 489,210 471,211 470,210 470,209 469,208 468,208 467,207 436,207 435,208 434,208 432,210 431,211 431,212 413,213 412,214 402,214 401,215 368,215 367,215 358,215 357,214 356,215 298,216 297,215 293,215 292,214 292,210 291,209 288,209 287,210 234,211 232,212 232,217 231,219 205,219 204,219 204,218 204,217 195,218 194,217 180,217 179,218 130,219 129,218 124,218 123,217 123,214 122,213 113,213 111,214 112,228 111,229 111,230 111,231 142,230 143,231 143,236 144,236 145,237 174,237 175,236 175,230 209,229 210,230 210,231 213,231 214,231 214,229 214,228 241,228 242,229 372,226 373,227 384,227 385,228 385,232 387,232 388,232 388,228 389,226 413,226 414,226 414,233 414,234 415,233 415,226 450,225 451,226 465,226 466,226 466,232"/><TextEquiv index="1"><Unicode>Et pareus. &amp; ſufferre non poteſt Date,</Unicode></TextEquiv></TextLine><TextLine id="r0_l010"><Coords points="175,261 181,261 181,260 181,255 182,255 367,252 367,255 368,256 369,255 370,254 371,254 372,253 372,252 373,251 456,250 457,251 482,251 483,252 485,251 486,250 539,250 540,251 541,250 542,251 544,249 544,238 542,236 531,237 531,236 531,235 530,235 529,235 527,237 518,237 517,238 489,238 489,233 488,232 486,232 485,231 484,232 465,233 465,237 464,238 416,239 416,238 416,234 415,234 387,234 387,235 387,239 386,239 339,240 339,239 337,237 331,237 331,235 330,234 322,234 322,233 321,232 295,233 294,234 290,234 289,235 289,240 288,241 251,242 250,241 240,241 240,240 240,236 238,235 220,235 217,239 217,240 216,241 216,242 215,242 179,243 178,242 175,242 175,241 175,237 174,237 172,237 172,238 171,239 171,241 170,242 123,243 123,242 123,241 121,240 119,240 118,241 118,243 117,244 117,247 116,248 116,249 114,251 114,252 112,254 112,255 114,257 146,256 147,255 174,255 174,260 175,261"/><TextEquiv index="1"><Unicode>Amutque ſolum Dabitur, huic ui favet:</Unicode></TextEquiv></TextLine><TextLine id="r0_l011"><Coords points="113,262 113,288 457,282 457,256 113,262"/><TextEquiv index="1"><Unicode>At liberalis Leribal, ſemper fovet,</Unicode></TextEquiv></TextLine><TextLine id="r0_l012"><Coords points="113,288 114,312 490,306 490,282 113,288"/><TextEquiv index="1"><Unicode>Matrisque contra vota defendit Date.</Unicode></TextEquiv></TextLine><TextLine id="r0_l013"><Coords points="228,330 228,358 404,355 404,327 228,330"/><TextEquiv index="1"><Unicode>Scena Nona.</Unicode></TextEquiv></TextLine><TextLine id="r0_l014"><Coords points="95,373 95,400 323,396 323,369 95,373"/><TextEquiv index="1"><Unicode>Chremes, Data. τ</Unicode></TextEquiv></TextLine><TextLine id="r0_l015"><Coords points="92,410 93,435 494,428 493,403 92,410"/><TextEquiv index="1"><Unicode>Date. Ergo jubes exeſſe me domo tus?</Unicode></TextEquiv></TextLine><TextLine id="r0_l016"><Coords points="170,459 171,459 172,458 171,452 172,452 235,451 236,454 237,456 244,456 245,455 267,454 268,453 269,453 270,453 269,452 270,451 271,451 271,450 272,449 311,449 312,450 418,448 419,451 419,452 420,452 421,451 420,450 421,450 422,450 424,448 460,447 461,446 489,445 490,446 534,446 535,447 544,446 544,445 545,444 567,444 567,430 567,429 566,430 566,440 540,441 539,440 539,433 538,432 530,432 529,431 509,431 508,431 508,430 507,428 506,428 505,427 496,427 495,428 495,431 494,432 494,433 467,434 466,433 466,432 444,432 443,432 443,431 442,429 425,430 424,429 422,429 420,430 420,434 420,435 379,435 378,435 378,431 378,430 376,430 375,431 375,435 314,436 313,436 313,434 311,432 294,432 293,431 290,431 286,434 286,436 285,437 285,438 285,439 259,439 258,438 257,438 256,437 255,438 254,437 252,437 251,438 192,439 191,438 191,434 176,434 174,435 174,439 174,440 118,441 117,440 117,435 116,435 115,434 114,435 113,435 112,436 103,436 102,437 101,437 100,438 99,438 98,439 98,440 96,442 96,443 95,444 96,454 97,454 98,455 114,455 115,454 151,453 152,452 169,452 170,458 170,459"/><TextEquiv index="1"><Unicode>Cbrem. Non ego, ſed uxor hoe iubet. Date.</Unicode></TextEquiv></TextLine><TextLine id="r0_l017"><Coords points="220,478 222,478 225,476 225,474 226,473 226,472 222,468 214,468 214,465 212,463 203,463 203,460 201,458 166,459 165,458 163,458 162,460 162,465 161,465 145,465 143,468 144,469 144,474 145,475 145,476 147,478 148,478 149,477 165,477 166,476 219,475 220,476 220,478"/><TextEquiv index="1"><Unicode>t2li die,</Unicode></TextEquiv></TextLine><TextLine id="r0_l018"><Coords points="120,483 120,508 538,501 537,476 120,483"/><TextEquiv index="1"><Unicode>Qua toto plaudit Familis, &amp; Iæta celebrat</Unicode></TextEquiv></TextLine><TextLine id="r0_l019"><Coords points="120,508 120,531 471,525 471,502 120,508"/><TextEquiv index="1"><Unicode>Solenuitatem, ſolus exul, &amp; miſer</Unicode></TextEquiv></TextLine><TextLine id="r0_l020"><Coords points="273,556 277,556 278,555 280,555 281,554 281,553 282,552 282,550 283,549 327,548 328,547 337,547 355,547 356,548 457,546 458,545 487,544 488,545 489,545 490,546 497,546 498,545 567,544 567,529 566,528 547,528 545,526 544,526 543,528 543,531 542,531 525,532 524,533 479,534 478,533 476,533 475,532 473,534 446,534 446,530 444,528 441,528 440,529 431,529 430,531 430,534 429,534 378,535 378,533 377,532 360,533 360,532 360,529 358,528 357,528 356,529 345,529 344,530 343,530 342,531 297,532 296,531 295,531 294,532 294,536 293,537 256,537 256,536 255,535 255,531 254,531 253,531 252,532 252,536 251,537 236,537 235,538 179,539 178,538 178,533 177,533 168,533 167,534 162,534 162,535 162,540 135,541 134,540 134,538 132,537 131,536 129,536 128,535 127,536 120,536 120,537 120,538 121,538 122,538 122,553 123,554 150,553 150,554 150,558 151,558 154,558 154,553 155,552 170,552 171,551 192,551 198,551 199,551 219,551 219,552 219,554 223,557 225,557 226,556 229,556 230,554 230,552 231,551 231,550 232,550 270,549 270,550 270,554 273,556"/><TextEquiv index="1"><Unicode>Pnpillus ego lugebo ? Cbrem. miſeret me tui</Unicode></TextEquiv></TextLine><TextLine id="r0_l021"><Coords points="181,583 184,587 185,586 185,580 261,578 264,575 566,570 567,570 567,569 566,568 548,568 547,560 546,558 545,558 544,557 500,558 499,558 500,557 567,556 567,555 480,557 479,556 479,554 478,553 477,553 476,552 467,552 466,553 241,557 240,556 239,557 238,557 237,557 237,558 237,559 123,561 122,562 121,562 120,562 121,575 120,576 120,577 121,579 179,578 180,578 180,581 181,582 181,583"/><TextEquiv index="1"><Unicode>Bone par vule, ſed hoc uror-- Date. a</Unicode></TextEquiv></TextLine><TextLine id="r0_l022"><Coords points="202,606 203,606 204,605 204,603 205,602 205,601 206,600 250,600 251,598 251,597 252,596 252,594 251,593 251,588 250,588 249,588 248,587 224,587 224,584 223,583 203,583 202,585 202,588 201,588 182,589 181,590 146,590 145,592 145,593 148,596 148,597 149,598 149,599 150,600 150,601 153,603 201,602 201,603 201,606 202,606"/><TextEquiv index="1"><Unicode>vero jubes</Unicode></TextEquiv></TextLine><TextLine id="r0_l023"><Coords points="317,635 318,635 319,635 319,626 319,625 546,621 547,620 548,620 549,619 549,616 550,615 565,615 565,614 564,613 564,600 564,599 427,602 426,603 295,605 294,606 230,607 229,608 124,610 123,611 122,611 121,611 122,628 122,629 316,625 317,626 317,635"/><TextEquiv index="1"><Unicode>Laribus tuis exeſſe me æternum? Cbrem.</Unicode></TextEquiv></TextLine><TextLine id="r0_l024"><Coords points="149,634 150,656 212,655 211,633 149,634"/><TextEquiv index="1"><Unicode>Dte,</Unicode></TextEquiv></TextLine><TextLine id="r0_l025"><Coords points="564,681 565,681 565,679 565,678 565,668 566,667 566,659 565,658 565,647 564,646 564,647 564,657 516,658 515,659 486,660 484,658 469,658 468,659 455,659 454,659 454,654 454,653 452,653 451,654 451,655 450,656 450,659 425,660 424,659 418,659 417,660 390,660 389,659 388,660 358,661 357,660 333,660 332,660 332,656 332,655 314,656 313,655 303,655 302,654 301,655 282,655 281,656 276,656 274,658 274,662 254,663 253,662 248,662 247,663 203,663 202,663 202,659 202,658 177,659 175,660 175,664 175,665 172,665 171,666 142,667 141,666 134,666 133,665 133,661 127,661 126,661 126,662 128,664 128,680 128,681 125,681 123,682 124,683 125,685 128,685 132,680 132,679 133,679 154,678 155,677 163,677 164,676 209,675 211,677 231,677 231,678 232,679 232,680 233,681 241,681 243,678 243,675 244,675 278,674 279,673 308,673 308,678 309,679 310,679 310,678 310,677 311,676 311,675 313,674 347,673 348,674 363,674 363,675 364,676 382,675 382,676 382,678 383,678 384,678 385,677 385,673 386,672 397,672 398,671 430,670 430,671 430,675 431,676 431,677 432,677 433,677 433,673 435,671 497,670 498,671 563,670 563,671 564,681"/><TextEquiv index="1"><Unicode>Iam dixi: ego nihil iubeo, quamprimum mes</Unicode></TextEquiv></TextLine><TextLine id="r0_l026"><Coords points="423,703 424,703 425,702 426,702 427,701 427,698 438,697 439,696 493,695 495,694 495,693 494,692 494,691 493,690 488,690 487,689 487,685 486,684 486,683 485,683 478,683 478,682 477,678 475,678 473,679 474,682 473,683 449,683 448,682 446,684 391,685 391,681 390,680 388,680 387,681 382,681 382,682 382,684 381,684 357,685 356,686 355,686 354,687 319,687 318,686 314,687 313,686 306,686 305,685 304,685 303,686 287,686 286,687 257,688 256,687 233,687 233,686 233,683 232,683 231,683 231,687 230,688 200,688 200,683 199,683 197,683 196,682 195,683 193,683 192,684 192,685 191,686 191,689 190,690 141,691 141,690 141,686 140,686 124,686 124,687 125,688 125,695 126,696 126,699 128,701 128,702 128,703 143,702 144,703 162,703 163,702 215,701 216,700 256,700 257,700 258,699 338,698 339,699 339,702 340,701 342,701 343,701 343,700 344,698 421,697 422,697 422,701 423,703"/><TextEquiv index="1"><Unicode>xor fuerit emortua, redire poteris.</Unicode></TextEquiv></TextLine><TextLine id="r0_l027"><Coords points="198,733 200,733 200,732 200,727 201,726 209,726 210,725 272,724 272,725 272,728 273,728 274,728 276,726 277,726 277,725 278,724 382,722 383,723 384,723 385,722 392,722 393,721 431,720 432,721 492,720 493,721 509,721 510,722 513,719 513,718 513,717 512,717 510,715 506,715 505,715 505,704 503,702 501,702 500,704 500,708 470,709 468,708 457,708 457,705 455,703 454,705 454,709 419,710 418,709 417,709 416,710 403,710 402,709 402,705 400,704 399,706 399,710 367,711 366,710 365,710 364,711 339,711 338,711 338,707 337,706 337,705 336,704 335,704 334,705 328,705 327,706 322,706 322,707 322,709 307,710 306,711 293,711 292,712 255,713 254,712 233,712 232,713 182,714 181,715 143,716 142,715 142,714 138,711 131,711 130,710 128,710 127,711 126,711 126,712 127,713 128,713 128,725 126,727 127,728 129,728 130,729 165,728 166,727 195,727 195,731 196,732 197,732 198,733"/><TextEquiv index="1"><Unicode>Deum precare, nt illa moriatur brevi.</Unicode></TextEquiv></TextLine><TextLine id="r0_l028"><Coords points="565,752 566,752 566,742 565,741 543,742 543,741 542,732 528,732 527,733 428,735 427,734 411,734 410,733 410,731 409,730 397,730 396,731 396,735 370,736 369,735 368,735 367,734 362,734 361,733 361,730 360,729 358,729 357,730 356,730 355,731 341,731 339,733 339,736 308,737 307,736 291,736 290,735 290,731 257,732 256,732 256,733 255,734 255,735 254,736 254,737 254,738 182,739 181,738 181,737 180,736 180,735 178,735 176,736 176,738 176,739 175,739 175,740 174,741 142,742 141,740 140,738 123,738 120,735 117,735 116,734 110,734 108,736 109,742 108,743 108,745 107,746 107,747 106,748 106,750 104,752 104,753 105,754 107,754 108,755 109,754 146,753 147,752 205,751 206,750 276,749 277,748 314,748 315,748 371,748 373,749 374,748 375,748 376,747 477,746 478,746 478,751 478,752 482,752 483,751 483,746 530,745 531,744 564,743 565,744 565,752"/><TextEquiv index="1"><Unicode>Date. A me nefas hoc abſit. Eternos precor</Unicode></TextEquiv></TextLine><TextLine id="r0_l029"><Coords points="562,795 563,796 564,796 563,793 564,792 564,790 565,789 565,767 566,766 566,753 565,752 565,753 565,755 564,756 564,764 563,764 537,765 535,763 527,763 527,762 527,759 525,758 505,758 505,754 504,753 497,753 496,752 495,752 494,754 494,757 493,757 450,758 450,755 448,753 447,753 446,752 445,753 417,754 416,753 414,753 413,754 388,754 387,755 386,755 385,757 385,759 384,759 357,760 357,759 357,755 356,755 354,755 354,760 353,761 326,761 326,757 324,755 323,755 322,757 322,760 321,760 298,761 297,762 253,763 252,762 236,762 236,761 236,757 235,757 234,757 233,758 233,761 232,762 217,762 216,763 184,764 183,765 139,766 138,764 138,762 136,761 135,761 134,762 134,764 133,765 133,766 132,767 132,769 131,770 131,771 130,772 130,774 130,775 129,775 127,776 127,777 128,778 131,778 132,779 133,779 134,778 173,777 173,783 174,784 175,784 175,783 175,776 176,776 245,775 245,779 247,781 248,781 249,779 249,775 250,775 271,774 272,773 315,773 316,773 321,773 321,774 321,778 322,778 342,778 343,779 351,779 352,778 353,778 354,777 366,777 367,775 367,774 368,774 389,773 390,772 460,771 461,772 462,771 503,770 504,771 531,771 531,772 533,774 534,773 535,773 536,772 561,771 561,772 562,795"/><TextEquiv index="1"><Unicode>Annos vutrique conjugi; &amp; fauſtos dies,</Unicode></TextEquiv></TextLine><TextLine id="r0_l030"><Coords points="146,808 147,809 148,808 179,808 181,806 181,801 212,800 213,801 213,805 214,806 215,806 216,807 219,807 220,806 222,806 225,804 225,801 225,800 269,799 270,798 285,798 296,798 297,799 381,797 382,798 395,798 396,797 448,796 450,795 449,794 450,793 450,785 450,784 426,785 425,784 422,784 421,783 421,780 416,780 415,779 413,780 413,784 413,785 369,786 368,785 368,779 364,779 363,780 362,780 361,780 361,781 360,782 360,784 359,786 326,786 325,785 321,785 320,785 320,783 320,782 309,783 308,782 308,781 307,780 306,781 290,781 288,782 288,786 288,787 250,788 249,787 248,787 247,788 201,788 200,788 199,789 176,789 175,788 175,784 174,784 172,785 172,789 172,790 139,791 137,789 137,788 135,786 133,787 133,788 132,789 132,791 131,792 131,793 130,794 130,796 130,797 129,797 129,798 127,800 127,801 128,803 143,803 144,803 144,808 146,808"/><TextEquiv index="1"><Unicode>Agoque grates debitas favoribus</Unicode></TextEquiv></TextLine><TextLine id="r0_l031"><Coords points="337,829 563,825 563,816 564,815 564,797 563,796 561,796 561,797 561,799 560,799 481,801 480,802 253,806 252,807 130,809 129,810 128,810 128,811 129,812 129,825 130,826 131,826 132,827 144,827 145,827 234,826 235,827 336,825 336,826 92,830 91,831 92,831 336,827 336,828 336,829 337,829"/><TextEquiv index="1"><Unicode>In me tuis. Dlſcedo procul hinc victims</Unicode></TextEquiv></TextLine><TextLine id="r0_l032"><Coords points="489,827 489,849 564,848 564,826 489,827"/><TextEquiv index="1"><Unicode>Dome</Unicode></TextEquiv></TextLine><TextLine id="r0_l033"><Coords points="415,850 415,873 565,871 565,848 415,850"/><TextEquiv index="1"><Unicode>CI</Unicode></TextEquiv></TextLine><TextLine id="r0_l034"><Coords points="136,870 137,885 204,884 203,869 136,870"/><TextEquiv index="1"><Unicode>Tacite.</Unicode></TextEquiv></TextLine><TextLine id="r0_l035"><Coords points="129,889 129,908 401,904 401,885 129,889"/><TextEquiv index="1"><Unicode>Portens ſarcinulam ſub axilla.</Unicode></TextEquiv></TextLine></TextRegion></Page></PcGts>