565 960
214 13 395 42 3 C0
74 12 115 35 163
101 46 442 77 Felieior vix fruſtulum panis tenet.
76 71 530 102 Cra. Ego panis aliquid video; ſed oigerrimi,
96 97 529 127 Et mucidi. Dobitur. Quis igitur hanc ot-
123 122 217 143 fam Date
98 145 529 176 Aoſente vobisI . Sordidus quidum puer:
101 171 512 201 Poſtquam diu rogavimus, tandem pede
98 196 487 227 Lento culina prodiens, ecce bie, ait:
99 221 529 251 AHabetis offam, aſt ultimam. Hoc per me j́ubet
100 246 445 275 Vobis referri Domino me Tenacia.
99 271 557 302 Et axequar ego hac puſſo melius, quam Date,
100 296 478 325 Qui s quotidie prodige pavit nimis.
74 319 530 351 Dabitur. It debitas Tenacia, & puer lunt
76 347 474 374 Pœnas ſuæ tenaciæ, an veſtram mihi
98 372 529 400 Spondetis operamI ſpondeo viciſſim oτ-
122 397 175 417 nibus
99 420 503 447 Sub veſperum lantiſſimam eœnnm, mes
101 445 528 476 Opera parandam. OA. Quid igitur aga-
126 472 240 496 mus iubes?
74 493 528 521 Debitus. Sequaτiui. Docebo. O. Pro cœ-
123 522 217 542 na omnia
99 546 562 573 Audebo. Speſ. Me vel ſola vindicta u-
102 571 182 591 mulat.
76 593 563 635 Creox. Itrumque me, ſed cœns pr Tenacia-
171 647 431 685 Actus Tertius.
205 697 386 726 Scena Prima.
126 738 461 773 Sparmuncus, Sordidellus.
73 774 562 808 Sord. Hæc omnia ergò in unica cœna hoſpites
96 799 562 836 Putus, vorabunt? Spar. omnia hæc ſeltemI
120 824 184 844 Parens
430 833 562 862 Appo-I
91 858 562 897 Scena reſent in Domo Chremetis apertom. & in-I
121 878 358 902 ſtructam Penusriam cellem.
