608 968
166 29 344 57 0) A
448 30 484 51 169
4 65 483 92 . Apponet. Sord O vos prodigosl & cui
1 89 135 114 Elu hono
1 116 405 142 nb Aprina num ſuilla non ſatis bona
565 130 589 161 l
72 140 420 160 Pro civibns? deinde Cervii Hinnnli
1 165 486 191 ln Hie armus ad quid ? Nõnne ver vecis aro
1 190 444 216 dt p Aſſats ſat depelleret lamem hoſpitum I
1 215 464 240 e, i. Tot ſumptibus cur emere pretioſas ́uvat
1 239 488 266 m Carnes ferarum Spar. Sumptibus nullis
1 266 137 285 1 ſtetit
1 290 466 311 κ Nobis Ferina hæe. Omnia Dabitur ſua
1 315 402 341 isi Induſtria collegit. Hic ſua man
1 339 491 365 uτ Et cervum & aprum ſtravit, & penui in-
1 365 137 391 ii tulit.
1 388 492 415 ι Quin inferet adhuc plura. Tu fe, ſingula
67 413 450 438 Coſtodias, um mater hæ ferri petat
1 437 493 460 το. Sibi in culinam. Sord. Dexterè euſtodiam.
1 463 468 490 Iam elauſa rite quadruplici ſera penus,
66 488 492 514 Iſtructa melius, quàm pens Matris meæ.
167 537 377 564 Scena Secunda.
49 579 482 612 Sordidellus, Ollander, Speſuppus.
30 616 520 642 Ot. Nnne hæe domus Chremetis eſt, in qua
93 642 184 661 hac die
61 666 499 692 Convivium paratur Speſ. Huic convvio
58 692 500 717 Afferrimus opportuua, geus omne vo-
93 718 181 739 lucrum,
54 740 473 767 Turdos, Alaudes, Fulicas, Lagopodes,
54 765 466 790 Ficednlas, & quidquid in ſylvis volat.
453 792 503 813 Sord.
248 791 286 813 L3
44 828 503 856 Abit Sparmuneus. Sordidellus penuatiam cellam
94 857 164 872 claudit.
41 877 503 898 PerIonati, Ollander ut puer venatorius, Speſuppus
93 898 503 920 ut piſcatorius ferentes lepores, aes, cancros &c.
