568 959
223 26 403 59 a (0) 3
84 42 120 61 I7τ0
81 66 541 93 Sord. Ie, ite. Nos nil eimus his de mer-
131 96 196 122 cibus,
106 118 543 146 Pls quà ſatis iam ioſtructa ſtat nobis
131 151 193 171 peuus.
66 163 540 195 Oi Pretii nihil depoſcimus pro his mercibus,
106 192 539 218 Solutas jam ſunt omnia. Sord. Soluta Speſ.
131 219 208 240 Dabitur
106 243 540 268 Preittit hæe, dum plura mox ipſus redux
110 267 541 292 Ferat n culinam. Srd. Cedite ergò iſt-
131 295 235 319 hæce mihi,
108 316 540 346 Ineludo penui. O. No tibi, at Doτino
132 347 179 365 Date
108 366 542 396 Tradenda juſſit Dobitus. Speſ. κbi modo
135 395 228 415 eſt Date?
85 416 540 446 Soνd. Ibicuoque ſit, mibi cedite hæc. Lo-
131 445 229 464 cum Dote
107 466 541 497 Iam ſupplec alius, nempe ego. Oſ. Noo
135 496 221 515 cedimus.
105 515 540 545 Grviter aimis prcepit utrique Dobitus,
107 542 505 567 It nemiui iſhæe onere, niſi ſoll Late
106 568 540 593 Tradamus, atque in pioprias quidem manus.
85 591 565 625 Sord Hoc ered. Nempe Dabitus eſt ne-
134 620 250 643 ſeius adhuc,
101 636 565 667 Chremetis hodie ex dibus polſum Date,
109 666 565 692 Me ſubſtituto. Teſtis enI elavis. Igicur
110 691 565 718 He ſarcinss deponite: O. Exſpectabimus,
109 716 565 743 Dum Dabitur ipſus redet. Hie i juſſerit,
112 742 508 773 Hox eucta deponemus in manus tuas.
88 771 565 804 Seſ. Sed iteri hauſtu, & Iuſculum no-
137 800 230 823 bis debis,
111 820 539 849 Nem ſie ſpopondit Daitur. Sod. Han.
136 848 321 872 ſtom & juſculum I
112 861 564 892 A no ſolntns omnis eſt vobis Hbor
492 894 540 921 Qid
