567 960
133 31 484 67 0 131
1 65 483 95 Indſtris coqua eſt Mter. bi πodò velit,
52 93 416 118 Purare poterit omnia brevi tempore.
27 116 442 143 App. Huic in eulins pariter offero meam
1 142 482 168 2 Operam, mnumque. Spar. Simodo Debi-
75 168 176 186 tur redu
1 183 428 218 Adeſſet; ut quos Mater eſpectut din
3 214 482 242 Caneros, avesque afferret. Cbrem. An n-
1 241 187 267 dum redux
51 261 490 293 Advenit? Ler, Ipſus mltor, τbi tandem h-
78 296 123 310 eat.
1 313 480 342 2 Crem. Hue Staſimel StaſimeI Stolpriol--
152 361 351 396 Scena Quarta.
1 404 477 437 Perſonis prioribus accedunt Staſimus,
1 435 210 463 Stolprio.
256 465 483 498 Quis vos vocotI
1 468 106 492 Saſ.-
1 494 475 519 Chrem. Totam per urbem eurrite, extra mœnis
50 519 475 547 Irbis etiam perquirite, ubi tandem hæreat
1 544 475 571 1 Iſte dabitur. Staſ. Here, uec pedem, quin
50 592 475 620 Movebimus nos, quumdi in noſtr domo
50 618 387 644 Manehit iſte Sordidus nimls pner,
50 643 436 668 Qui ſubſtitutus eſt male expulſo Date.
27 669 473 694 Spar. Cur hoe quid in vos iſte peccavit Pueri
1 693 474 720 ο Stolp. Hauſtum negavit. Spar.Quid opus hauſtn
74 719 214 744 hoe tempore
1 743 471 768 Ad veſperam exſpectate. Staſ. Nos ad ve-
73 768 152 793 ſperam
1 792 470 818 d Stolp. Diu ante prandium omnibus Domeſtiis
49 818 415 844 Semper dedit Cereviſi potum Date.
1 842 468 869 Staſ. Iam ſervio anuis quntuor his in udibns,
46 868 403 893 Non patinr, abrogetur antiquiſſimus
432 893 468 916 Hie
212 894 255 918 M 3
