556 963
97 28 407 56 188 (ο 3
95 63 540 90 Srd. Blnl attulere Bajli la noſtram domu;
119 89 508 114 Sud noluerunt tradere In manus mes,
117 114 553 141 Doue rediret Dabitur ipſus. Spor. Bajτl
65 139 538 165 Iſti modò ubl ſunt. Sord. In Domeſtico in.
138 167 191 185 teri
116 188 536 215 Et Inſimo eubleulo eſpectont. Corem. Co
115 214 535 241 Sparmuneo, quidquid hajulihi ſecum ferunt
113 239 553 272 Matri ad culinem defers. Spa. Brgò ſe-
119 270 196 290 quer
116 283 551 314 Me Soridelle, & ndjuvs. Soνd. Sτupebids
116 315 551 340 Quæ Dabitne iſte miſi. Integra clvites
98 338 551 365 Dixi, haud quent conſumere in œnn uolca.
115 363 550 391 Factum igitur à me eſt optimè, quòd vendidi
116 389 524 416 Superflus adeò pro quibus nummum tene
114 411 553 447 Hiſpanicum, τi forte non habes parem.
194 460 435 489 Scena ndecima.
47 501 303 532 Chromos, Leribal.
91 541 553 574 Crem. Reſpiro. quin induſtriam laudo Pueτi.
113 573 477 598 Tanta haud fuiſſet prcitas iſti Date,
112 598 484 624 I venderet ſuperfuas, in domeſtieos
109 617 549 648 Ille erogſſet, quidqud ad eænam hoſpltm
111 647 549 673 Superfuum vidiſſet. En numum aoreut
111 673 549 701 Quaſi repertum. Quanta jam prlma die
110 698 548 724 Specimina Sordidellus Oeconomi dedit.
86 723 549 750 Lr. Exeminare ad Lydium lapidem Pater
109 746 549 774 Llceat monetam hanc. Ecee, que pri]
133 775 162 792 die
99 796 554 828 Specimlua Sordidellus œconoi dedit.
463 826 548 854 Cbren.]
104 875 553 907 Det chremeti monetam à creace prius accept
103 895 360 916 Eeminot, dein Patri reddit.
