575 958
127 20 361 51 a (0 R
456 27 526 49 19
1 58 532 87 Cell Intuli quà plurimaI At poſtqam
88 87 137 104 Dato
59 106 493 136 Tam turpiter veſtra d deulſum andi
60 134 403 159 lers juvare nolni ingratos hres.
64 160 484 185 Qu ſpolia jam eollegeram hue ecium di
4 184 447 210 Eκ ſylvs, & unda, ajulis binis dedi
64 209 422 235 Alò ferenda. Quin & alhatas heri
64 233 457 259 Meres repetii non ſine innouo dolo.
65 260 463 285 Fatebor etenim: ille hoſpitis cellarius,
62 284 477 310 Cui Sordidellus vendidit, quidquid ſuper
1 308 458 334 Penarium habuit, fictus, & à me fuit
25 334 497 366 Submiſſus. Spar. Et moneto, quam puer
88 361 193 383 hle dedlt,
66 383 461 409 Adulterins an pariterà manu tus eſt]
1 406 496 432 t Dobit. Sit. Nil ſubeſt hie fraudis injuſte.
93 435 143 454 Nihil
65 459 456 480 Detraxlmus. Pro re mea divenudit
68 484 483 509 Vobls nihil debetur. Ad me pereinent,
1 513 496 539 1 Qpa mea peperit induſtrla, feræ, & tlites.
67 539 420 564 Iihl licet diſponere arbitrio meo,
67 562 498 585 Et ferculs hæc eonſumere, nbl, vel ut
95 590 160 614 quibus
1 609 499 637 2 Placebit. Ler. Haud negare Ius ito til
69 635 499 663 Quis poterit Spar. an Senatui audebis ſnnm
68 662 499 687 Peripere œnamt onſules nmpum imml-
95 695 139 708 ent
40 711 501 742 Ap. Præsemque Iam eſt Apparitor. Dte.
96 738 169 756 Senatui
70 760 477 787 Ne eœua deſit, & quidem lautiſſims,
1 787 439 813 I Age frater, invitamus ipſi conſules,
1 815 505 844 IIrbisque totam cutiam. Spar. Num Cou-
99 844 144 862 ſules
72 867 409 892 In æœdibus Sutoris excipere pars
458 889 509 913 Con-
267 893 310 917 N4
