717 1297
594 38 704 93 !
86 76 689 123 Quod, exceptis transfugis, ommi-
1 110 700 176 bus à Scipione conceſſum eſt. Illi
82 158 702 202 Æſculapii templum, quod aſpero in!
1 196 703 251 colle ac difficili ſitum erat, confu-!
1 235 704 293 giunt. Interim Aſdtubal, qui ſæpiùsI
1 278 705 325 â ab uxore, ut ſe ad hoſtem ſupplex!
1 318 616 367 5 conferret rogatus, ſuperbè ac fero-
1 349 705 413 i citer renuerat, furtim egreditur; &!
1 398 704 444 à Scipione infimis precibus vitam!
1 433 704 485 5 ac ſalutem impetrat. Hoc ubi adI
1 479 625 534 conjugem perlatum feminam im-
1 512 705 572 potentem, quam is in templo cumI
1 561 700 606 duobus liberis amens atque attoni-)
1 595 704 647 tus reliquerat, futens illa poſt diras
1 643 699 686 & ultimi exempli imprecationes,!
1 683 615 726 2 filios primùm ſub ipſo parentis a-
1 722 703 768 ſpectu ́ugulat, tum ſemetipſam eo-)
1 762 701 809 dem gladio tranſverberat. Quo
1 802 701 850 ſpectaculo commotus Aſdrubal,
1 842 703 887 dum à Scipione in caſtra reduci
1 882 704 929 jubetur, ſibi ipſi violentas manus)
1 925 573 973 attulit. Hæc Appianus Libyco.
1 960 706 1009 Dramatis locus eſt Carthagine ad)
124 1012 315 1042 Arcem.
346 1113 622 1144 A.3 PER
