693 1282
199 39 522 67 DIOYSII ETAVII
76 43 108 82 22
129 67 529 90 e5 tot ſecundis ſæcla conſtiterant opes,
129 88 543 113 Aut Rutula Pœnis ſceptra deſertis fovent,
129 111 586 137 Aut fata tolerant hi quoque inviti. Quid eſt,
128 135 557 162 Quod tendere ultra tot malis fractos libet?
99 158 500 185 55 Cur non manus auctore compulſi Deo
129 178 644 207 vVel hofe dabimns? quid moræ excidio ſumus!
129 204 523 231 Cur non ſuperbæ gentis ad nutum datas
130 226 547 255 Iam ſpontè leges patimur, & portam Italo
130 250 536 273 Reſeramus hoſti? Nulla non levior ſtatu
100 273 538 300 o Præſente ſors eſt. Liceat extinctos ſemel
133 298 529 324 Periiſe. Quid me Latia prætentis juvat
130 320 564 346 Arcere mnris jacula? quid vaſtum aggerem
132 344 538 370 Objicere, ſi par urbis in gremio mali
133 364 608 392 Subeunda vis eſt? Luce me immiſſus palam
103 387 609 416 5 Ante ora prædo ſpoliet, atque inopem haurit
132 412 570 440 Graſſator ædem Numida Nec tutâ interim
131 435 552 463 Mutire liceat? Sarius ah! ſatius mori eſt.
132 460 555 486 Sed ille quiſnam occurrit, & lentum manu
131 482 564 509 Raſtile gradieus criſpat? Aſdrubalem reor.
103 503 630 532 ideo arma: clypeo medins ardeſcit draco.
134 527 522 555 Et picta tereti galea reſplendet jubâ.
132 551 554 577 Tam ſocia conjux hæret. Huic ire obviam
134 573 570 600 Eſt impetus; probriſq́ue vecordem ioſequi:
135 596 592 624 ,.Licet amma jugulo intentet. Iratum levant
104 619 522 647 2ſ,, Effuſa pectus odia. Sed furtim priùs
136 644 525 670 Subductus aliquid aure ſuſpensâ legam.
135 688 644 724 Aſdrubalis uxor fruſtra maritum rogat:
166 723 644 757 ut Romano Conſuli fiat ſupplex, cum
165 755 369 789 ó fœdus ineat.
200 794 572 820 COIVX ASDRVBALIS.
296 820 478 841 ASDRVBAL.
134 844 644 897 eeftâtâeereee
133 896 591 919 Quò tu labentem, & ſponte præcipitem gravas
93 918 592 940 100 Patriam? efferatos cur fame, & luctu obrutos
134 941 586 965 Mœrore cumulas? Tecta cur ſparſus Nomas,
134 964 597 988 Italuſque miſcet transfuga? hæc oculis vides
133 987 551 1011 Crudelis, & videris? AS. Incaſſum queri
133 1009 597 1034 Abſiſte mulier. Quippe nil rerum integrum eſt
92 1031 512 1056 2105 Mole implicato. Miles in præſens ope
133 1055 559 1079 Retinendus omni. Qualibet ferro vagus
132 1076 644 1102 Gtatetur. C. Hoc eſt regere? AS. Ductori ſidem
131 1098 583 1125 Dum præſtet uni, cetera ut placitum eſt agat.
130 1119 524 1147 Diripiat, urat. jugulet. occidat. trahat.
89 1140 644 1171 210,, C. Vbi juta, fas, legeſq́ue? AS. Bella inter ſilent.
537 1166 644 1192 ,Audite
