692 1300
147 44 632 79 CARTHAGIN. TRAGOEDIA. 13
114 79 513 107 ,,Audire leges ſtrepitus armorum vetat.
60 95 632 132 CON. Civile regimen barbarum in morem geris?
117 123 576 149 ASD. Hoc regere cives barbaros more attinet.
117 144 632 171 CON. Amare quis te hac mente dominant queat?
70 168 609 198 15 ASD. Dum præter hoc nil poſſit. impunèt oderit.
119 191 632 222 ,CON. Concepta quærunt odia vindictæ locum.
118 211 632 240 ASD. Tantum ot velint, obſtare, ne faciant, libet.
119 237 541 266 CON. Quos te tueti deceat in cives furis?
120 260 551 286 ASD. Queis tuear, urbis inde cuſtodes alo.
73 284 601 312 210 CON. Cuſtode quorſum, cuncta ſi rapias, eget?
122 306 632 334 AS.Ne rapiat hoſtis, utor. C. Atq; hoſtem exhibes.
124 331 632 359 ASD.Peritura fuerant iſta. CON.Si per quos licet,
124 354 562 383 qui boniq́ue facio: ſin per vos, grave eſt.
125 375 632 404 AS. Grare, ſed ferendâ.CON. Pulſa ceu rupes ſalo,
82 399 543 429 1â5 Obriguit. At te hoc unicum exorem, fine.
128 423 537 452 Quo res loco fit ſumma, quæ Carthaginis
128 446 523 472 Miſeranda facies; urbe qui totâ ſtupor,
129 469 576 497 Mœroŕue cernis. Rebus hanc ſummis opem
129 493 509 521 Ne commodare pigeat: Heſperii pete
87 513 617 546 210 Alloquia ſupplex Conſulis: quaquâ datum eſt,
131 538 540 567 Leni furentem; precibus evictum inſimis
125 562 579 593 I ſœdus adige: quod potes, quod non potes
132 581 632 615 Aggredere: in omnes te, Ducem ut par eſt, ſagax
133 608 523 637 Converte facies. Empta quantivis bene
90 632 576 660 ! gelli quies conſtabit. Hoc rerum in ſtatu
83 650 648 683 Nil deprecandâ eſt. ASD. Eg ne ſervilem in modn
133 677 538 705 Affuſus. hoſtis genua Romani accidam?
135 695 608 727 Haud eſt meum. Famulare, qui potis eſt, trahat
138 725 517 754 Collo jugum revinctus, & vilis manus
70 747 515 775 5P bnoxiuſq́ue tendat: ego iuſſa edere,
140 765 648 797 Non ferre didici. CON. Sorte, quod neſcis modò,
140 794 557 822 Diſces magiſtrâ. Imne quid ſoleas, vacat
142 812 648 847 Spectare, vel quid deceat? ASD. Haud ſacio, abnuo.
142 841 576 868 Pudet iſta per nos agere. Privatum in caput
100 863 648 894 245,, Transferre ſatius. CON. Sæpè privato negat.
144 883 615 917 ,,Quod ſponte Princeps, Principi oratus dabit
146 909 509 940 ,,Aſfſicta veniam facile majeſtas ſibi
146 927 648 965 ,,Specie vel ipsâ extorquet. ASD. Extundi rear
147 955 559 985 Si poſſe, nihilo imperia deformem magis.
104 977 595 1007 150 Priùs hunc dehiſcens terra condiderit virum.
146 998 597 1032 Quâm turpe ſubeat munus. At procerum coit
147 1023 541 1053 Huc turba ſenior. Vade: bellorum viris
147 1041 648 1079 Curam relinque : mulier es. CON. Novi Aſdtubal,
150 1067 542 1103 Sum mulier: at pon iſta muliebri ſcies
110 1090 557 1124 2155 Animo proſecta. Fors & auditum voles:
152 1108 648 1149 Quod nunc monentem pectore haud æquo capis,
558 1154 664 1189 Mahar-
