708 1328
142 47 659 74 CARTHAIN. TRAGOEDIA. 3r
47 86 611 134 ACT VS VAIV.
453 97 598 113 5V O
103 152 613 188 Æmilius Scipionis virtutem extollit,Tri-
135 185 612 220 bunus res ab eo n obſidione Carthagi-
140 217 613 252 nenſi geſtas pugnam præcipue navalem
132 249 451 281 urbiſq excidtum enarrat.
105 291 614 317 ARCVS ÆILIVS. TRIVNVS MLITV.
107 328 604 353 MA. Ttonita rebus pectora imnmenſis ſtupent.
170 350 593 378 A Vix herculè ipſe, vix ſibi aſpectus fidem
162 367 625 401 Indulget, & quæ geſta jam video, geri.
67 396 563 423 Potuiſſe nondum credo. Prò! quantum brevi
87 420 539 445 5Vobis peractum eſt I In quot milio ſatus
66 443 552 468 Surgit triumphos Iuvenis! Eſt noſtræ tamen
110 466 604 492 Quod priſca titulis gravida, & armorum ferax
110 490 502 514 Invideat ætas; Roma quo certet fſibi:
110 506 604 541 Aut ſe ipſa quondami ſuperet. hoc Decios habes
76 535 506 560 10 Fabidſque in uno. Nec ſuo tantùm ferat
110 558 473 584 Curſore ſeſe: téque Romanæ parens
110 582 454 608 Secunde gentis; cujus Alpinâi face
111 605 466 624 Succenſa fortis mœnia erexit labor.
112 628 509 654 Nec te ferox Torquate, vel parvo potens
79 652 494 676 5 Serrane potis jactet: aut curvo Duces
112 674 486 699 Miſſos aratro: quos triumphali manu
111 698 455 722 Paterna juncto rura verſantes bove
111 721 499 745 Ebur ad curule vexit, & trabeæ decus,
113 744 540 769 Faſceſque. Fors huic unus è numero parens,
78 766 568 791 a0 Æmathius obici domito, aut Libycus poteſt.
113 791 541 816 Sed utrumque poſt victurus, æquatis comes
113 812 566 838 Modo fidus urget gradibus: huic certè pedum
112 836 490 861 Impreſſa paribus ſigua deſcribit notis.
114 858 528 883 Decorſſque eodem metitur è campo ſeges.
83 883 500 907 a5 Ote beatam Roma ! ſi proprium favor
116 905 517 930 5ibi hoc ſecundi munus annuerit Iovis
116 928 484 954 Hunc ſi potenti ſervet Imperio virum,
118 950 484 975 Secura quovis orbe perrupto ingredi.
119 975 525 999 Pelago tremenda pariter ac terris potes.
35 996 509 1024 40 Non te rebellis Aſia. non Danaûm leves.
122 1018 571 1045 Macedumq́ue populi: non freta emenſus novo
120 1043 515 1068 Terrebit Afer Marte: non citimæ Ligur
122 1066 519 1092 Suppoſitus Alpi: quiq́ue ſummotus jugis
122 1089 509 1115 Oppoſita rerum clauſtra terrifico minax
90 1111 522 1139 35 Perfriogit auſu Gallus: aut ſummi plaga
123 1133 542 1160 Quem cohibet orbis colle diſſeptum altero,
123 1156 530 1186 Pugnax Iberus. Imperi in tutum dabit,
574 1178 618 1201 Quæ5
