678 1286
182 50 514 79 DIONYSII PBTAVII
69 66 93 88 46
109 73 535 105 Præſtare mulier; precibus, hortatu, minis,
111 95 507 127 Lacrimis totendi. Sed meus quales ſolet
113 119 510 147 Admovit autes transfuga, & fruſtrâ pias
114 141 465 172 Civis querelas fronte non aliâ tulit,
89 162 518 201 35 Quam rigida cautes, cum laceſſentes ſalo
116 186 542 216 Turbante floctus frangit ; aut Maurus pives
119 210 516 239 Ventoſq́ue ſeniot capite ſublimi excipit.
121 233 503 262 Et nunc relict conjuge, & gnatis abit,
123 256 546 285 Patriaq́ue, Princeps perfidus, dirus parens,
90 277 560 313 40 Conjux neſandus. Nec quibus latebras locis,
124 301 501 334 Aut quos recelſus captet ignavus, ſcio.
125 325 521 358 Fugiſſe ad hoſtes rumor incertus fremit,
127 347 508 377 Muſſatoue ſecum milas. Aſt alii procul
128 371 516 400 Per media Rutulûm tela mentito ferunt
93 393 514 427 45 Cultu evolaſſe ſoſpitem, & noſtro mari
131 416 581 450 Summota petere. Cui mage accredas? utrum
130 443 548 472 Placuiſſe caſtra profugo, an externas putes
128 460 566 496 Migraſſe in oras? Terror utrimque, & propè
130 484 555 518 Par eſt periclum: ſive deprenſum abſtrahat
99 510 563 541 50 Romanus, uluo creditum in laq́ueos caput
132 530 590 563 Seu dederit. At quo fretus, aut quâ ſpe dabit?
129 543 675 586 Parum eſt quod hoſtis; hoſtium quod dux, par eſt,
131 578 531 611 Quid? cauſa belli pariter, & belli metus
132 597 588 632 Alterius? audax? tumidus ? infrænis? vafer?
1 621 40 654 I
106 621 572 661 55 Rebus novis addictus ? haud veterum tenax?
134 644 569 680 Suſpectus? olim inviſus effugiet? Quid? hic
133 670 465 698 Pubis Latinæ carnifex, faciles fihi
137 692 514 725 Speret Latinos? quaſq́ue gentili illitas
136 715 558 748 Cruore Conſul meminit, admittat manus?
108 737 571 770 0 Nmn faciet umquam. Supplici mors eſt viro
141 761 522 794 Olim parata; ſceleribus tantis quidem
138 782 617 813 Certè haud ſemel commiſſa. Nec ſortem abnuo,
137 808 493 841 Nec deprecor. Sceleſtus, execrabilis
139 830 566 861 Vbicumque, quales meruit, inveniat Deos;
112 853 499 886 65 Dignumque capiti funus arceſſat ſuo.
139 884 675 931 Lcas narrat ut ſdrubal ſupplex à Sci-
169 914 675 964 pione veniam impetrartt, utq́ vix ab
173 955 533 989 eo milites manus abſtinuerint.
266 999 526 1027 LYCAS SERVVVS.
204 1017 592 1065 CONIVX ASDRVBALIS5
140 1050 672 1088 LVC. Vis credat umquâ Cuncta quæ feri priâs
200 1080 672 1109 Haud poſſe dixi, poſſe jam fieri arbitror.
140 1103 574 1128 Nunc undâ flammas paſcat, & gelidis rapax
129 1126 583 1154 Iungatur undis flamma. Nunc ſummus nive
114 1149 526 1173 2 Exhauſtus Atlas Sole ferventi æſtuet,
592 1165 672 1203 Nino!
