1000 1743
230 79 720 112 DRAMA. COMICUM.
844 94 877 118 c7
21 129 878 171 tatur ille, vim parat. Quid facerem? huic ego dedi. Sta-.
21 168 877 208 timhomo imperioſus omnia gerere pro arbirio; agros fe-
21 205 877 247 races infœcundis arloribus conſerere; hortos deſignare ad
21 241 877 280 delicias; ædes veteres disjicere, moliri novas; in fronte
21 279 876 315 ſcutum gentilitium apponere... tres... ni fallor, tres...
22 314 877 353 fungos geſtat in ſcuto. Sed nihil ad rem. Nam apud nos
22 344 764 393 ut quisque dibes eſt; ita ſuo fit nobilis arbitrio.
312 388 625 425 CHRYS. à parte.
109 423 315 453 Audax facinus!
945 441 983 464 1
411 463 523 489 AGR.
113 496 881 529 Oh! eſt hominum multò audaciſſimus omnium iſte Pſeu-
23 531 880 571 dogenes; nihil veretur. Omnes pagi incolas verbis & ver-
23 567 880 612 beribus malè accipit. Dum nos anecat fame, lautè vivit, &
24 606 881 642 uni vivit ſibi, Ego credidi, quod affirmabant omnes, il-
80 642 880 682 lum reipſa villæ dominum. Nam qui ſuſpicio potuit inji-
81 679 881 717 ci, aliena quemquam tam impudenter invadere auſum bo-
24 623 875 754 n? Sea quod mat abſorpſit. benec evomet. lllum adibo;
25 751 882 789 omnes circùm incolas & accolas convocabo, & ipſum ſtrin-
25 779 207 912 -
387 827 567 856 CHRYS.
116 860 880 901 Conſilia omitte ſtulta; & quod ferendum eſt, fac pa-
23 894 261 938 tienter feras.
417 931 531 962 AGR.
105 965 880 1008 Hominem mendacem, perfidum, alieni prædonem præ-
24 1000 885 1044 dii feramus? non ita. Dum vivet Agrio, nunquam ille rem,
25 1041 444 1076 quæ tua eſt, fecerit ſuam.
394 1081 574 1108 CHRYS.
121 1112 888 1153 Illum onerare probris abſtine; quod credidiſti priùs il-
25 1149 882 1188 lum eſſe villæ dominum, id nunc multò magis eredito. Il-
26 1180 541 1226 lam ſcilicet vendidit Pæaophilus.
431 1223 541 1250 AGR
122 1256 667 1296 Vendidit? conſilio igitur vel juſſu tuo?
398 1297 575 1324 CHRYS.
123 1327 888 1366 Amat ille in urbe vitam degere; illum ruris piget; aut
27 1350 888 1403 hujus fortè pœnituit villæ, quòd hinc paulò abeſſet lon-
28 1401 161 1449 gus.
438 1439 551 1466 AGR.
123 1472 901 1513 Factum malè. Nam illa fuit amœna, megnis olim poſita
29 1494 898 1548 ſumptibus, ab eius patre diligenter exculta. Tu, obſecro, ſi
646 1553 707 1589 D
1 1683 120 1741 t
813 1710 910 1734 iaat
130 1710 261 1735 te
867 1718 997 1740 i
