1000 1743
240 80 731 123 DRAMA. COMICM.
852 102 889 143 6I
389 146 569 171 CHRYS.
118 169 883 220 Quid tempeſtiva loqueris monita? corrigi an etiam po-
16 206 881 258 teſt, qui ſe fortunis ipſe ſpoliavit omnibus, qui me jam ſpo-
23 249 880 297 liat meis? Nam à Geronte quam accepit heri pecuniam, il-
23 281 880 331 lam oportet Geronti reſtituam, ſi liberalis fungar officium
18 321 879 374 viri, & fungar. At iſtum profligatorem opum ulciſcar probè.
390 364 569 393 CLEOB.
117 393 880 444 Peccata ſunt iſta, fateor, & gravia quidem, ſed venia
24 414 438 472 hodie per te data illi fuit.
391 474 570 503 CHRYS.
116 503 879 553 An ea ignovi, quæ ignoravi? quæ ille clam me fecit,
25 532 878 584 quæ me dolo celavit malo; quibus nec ulla dari venia, nec
24 574 566 622 iam ullum afferri remedium poteſt.
394 619 570 648 CLEOB.
114 649 877 698 Quod reſtat unum, id præſtat. Aleam abjicit; militiæ ſe
26 678 858 728 addicit, cùm novo genere vitæ mores meditatur novos.
361 722 567 757 CHRYS.
120 757 878 806 At ego jam meditatum habeo, quod de illo ſumam ſup-
27 786 249 841 plicii genus.
388 836 563 867 CLEOS.
113 866 699 911 Succedit aliquis. Hos animi motus preme.
26 901 431 942 &
612 927 876 945 - X444
431 924 591 940 -Y
29 929 860 958 æ, X& !
249 964 692 1017 SCENA VI.
26 1006 856 1063 Cc HRYSORIUS,CLEOULUS.
342 1062 613 1092 AIICHES.
355 1112 598 1142 ATYCHES.
27 1127 529 1202 reR moleſtus ad te vcnio.
398 1187 569 1225 CHRIS.
115 1214 873 1259 Semper commodè advenis, ſi quid operâ tibi opus eſt meâ.
359 1258 616 1297 ATYCHES.
115 1287 874 1327 Miſerum, infelicem, luctu enanimatum vides, & ideò
29 1315 716 1368 miſerrimum, quia beneficio non licet uti tuo.
388 1367 565 1397 CHRYS.
114 1392 398 1434 Nam cur? eloquere.
354 1437 597 1466 ATICHES.
114 1465 876 1514 Ego te cum filio adivi mane; illum tu paterno excipis ani-
31 1492 873 1548 mo, bene ſperare de te & de Pæophilo jubes. Recedo ſpe
1 1687 263 1740 t -
