1000 1743
192 84 885 123 JUVENIS VOLUPTARIUS. 293
418 135 528 160 POL.
103 169 803 207 Dic cito quid afferas, quid offeras, tum aufer te.
338 207 580 234 HIPPOD.
106 243 876 280 Admonitum venio celebrandam nocte proximâ in ſub-
70 280 876 311 urbio remotiſſimo choræam omnium celeberrimam. Vo-
69 317 877 350 bis rhedam in totam noctem maturè offero, ne tu ſeriùs
70 355 274 390 à me requiras.
405 391 514 428 POL.
107 426 876 463 Ne requiram ſeriùs! quaſi verò herus meus cum volup-
70 464 944 499 tate trahitur, curru indigeat ad currendum; neque illuc
70 500 893 536 manibus feratur & pedibus: ſed abi; ſi rhedâ opus fuerit
70 538 513 574 ad vagandum noctu, ad te ibo.
368 574 583 601 HIPPOD.
95 610 904 650 Dum tuus ſaltabit herus, nos unà compotabimus. Heu!
70 641 157 689 audis.
420 684 530 711 POL.
110 719 889 755 Quin tu audis quod dico, & abis? Nemone ſuccedit
70 756 876 792 præterea, qui ad perdendum heri mei corpus & animam,
70 792 877 829 ſe hortatorem voluptatis & adminiſtrum offerat? nam præ-
69 827 879 866 ter id genus homines neminem hæc recipit domus. Nunc
70 864 879 903 ad te redeo, Callodore; & viſo num herus pingendum ſe
70 901 436 934 tibi dare poſſit, aut velit.
368 940 587 967 CALLOD.
112 973 435 1010 Quidni velit aut poſſit?
422 1012 530 1038 POL.
101 1046 879 1085 Quia multùm noctu ambulavit more ſuo, & hodie ma-
69 1084 880 1120 nè præter morem ſæpiùs evigilavit. Videndum itaque an
70 1119 611 1157 tibi adeſſe poſſit ſine ſuo incommodo.
365 1158 588 1187 CALLOD.
117 1191 566 1227 Ocyùs vide quæſo, & renuncia.
417 1230 523 1255 POL.
114 1262 882 1302 Videbo, & ocyùs renunciabo; at ipſe ſui nuncius adve-
70 1298 747 1336 nit Philedonus, & ſe tibi pingendum exhibet!
372 1338 592 1367 CALLOD.
119 1370 589 1409 Cum libro? an ſic pingendus eſt?
432 1411 540 1435 POL.
119 1442 886 1482 Non librum, ſed ſpeculum in ejus manum ingeres. Sic
70 1476 550 1515 ſolet; ſic decet: ſic illum pinges.
613 1555 671 1587 T 3
