1000 1743
203 73 900 138 JUVENIS VOLUPTARIUS. 297
262 183 713 226 SCENA IV.
106 233 854 282 NUGIPOLA, PHILEDONUS,
275 272 715 306 POLYDROMUS.
362 315 543 346 NUG.
82 355 888 401 SINE, obſecro, Philedone, ut iſtum inſpiciam librum,
76 387 887 439 & videam numquid à me peccatum ſit incogitante &
76 430 889 481 inſcio. Legit. Tractatus Philoſophicus & Chriſtianus de im-
75 464 719 511 mortalitate animæ. Ita eſt, errorem angnoſco.
409 507 554 545 PHIIL.
116 535 544 583 Ecquid erroris eſt, Nugipola?
430 584 543 610 NUG.
117 610 630 654 Dicam. Librum hunc alterum cape.
371 654 615 694 PHIL. legit.
118 679 935 737 Tractatus Philoſophicus & Epicureus de voluptate ani-
76 719 304 765 mi & corporis.
432 764 558 795 NUG.
119 792 895 839 Heri forte accidit ut à me eodem horæ momento duo
84 829 894 883 poſcerentur libri, alter tibi, alter viro cuipiam aulico,
76 865 894 916 ſed pio; facetus alter & animo recreando idoneus; alter
75 902 893 946 ſeverus & ad morum ſeveritatem accommodatus. Utrum-
76 937 894 991 que depromo; chartâ involvo; ſigillo munio; & inſcri-
75 976 893 1028 bo. Sed inter ſcribendum errat manus; & tractatum Epi-
76 1011 722 1051 cureum viro pio, Chriſtianum inſcribit tibi.
397 1055 579 1084 POLYD.
123 1083 896 1136 Apage te cum iſto errore tuo, qui moleſtiam nobis crea-
76 1120 278 1159 vit peſſimam.
432 1164 548 1197 NUG.
125 1192 897 1243 Erratum à me graviter non inficior; ſed errorem ut
75 1228 482 1265 agnoſco, protinùs emendo.
420 1273 562 1304 PHIL.
127 1301 899 1352 Erratum eſt leviter. Iſtumque adeo tractatum. De im-
76 1336 900 1393 mortalitate animæ mihi reſtituas volo; ipſum juverit per-
76 1375 204 1412 legere.
443 1418 552 1445 POL.
128 1447 901 1497 Quin potius iſtum legis alterum qui facetus eſt, qui
75 1483 325 1519 magis convenit?
676 1562 735 1591 T 5
