1000 1743
189 86 884 124 JUVENIS VOLUPTARIUS. 299
77 133 913 177 clamavit anima; & huic clamori aſſenſit animi conſcien-
77 174 885 212 tia. Atqui tamen ſic vixi, ò pudor! vultum præ pudore
76 211 885 248 manibus obtegit. Ita egi, quaſi anima cum ipſo corpore eſ-
77 247 885 282 ſet interitura; & hac doctrinâ Eraſtum imbui; & hanc
76 284 921 322 animo combibit incautus adoleſcens; & illam expreſſit mo-
77 321 885 358 ribus; & inde in morbum, & ex morbo in vitæ diſcri-
76 358 884 394 men incidit: hei mihi! ſi nunc illum, ut ſeſe habet, mors
77 393 935 438 opprimat; de illo quid fiet? Quònam ejus anima, illa
77 432 935 466 immortalis anima, quam mortalem potuit mecum dicere,
77 468 885 505 mortalem dicendo facere non potuit. Quònam illa? ...
77 504 824 540 væ illi... væ mihi... Hæret aliquandiu meditans.
251 606 715 650 SCENA VI.
77 655 888 688 POLYDROMUS, PHILEDONUS.
432 706 543 738 POL.
92 746 891 783 AN dormit herus, qui ſic caput inclinat, & cubito in-
77 783 895 820 nixus ſedet? ita... non... fortaſſe... neutiquam.
76 820 891 856 Here, tractatum illum philoſophicum de voluptate animi
77 857 710 892 & corporis detuli in conlave, ut imperaſti.
408 895 547 921 PHIL.
122 931 330 967 Factum probè.
441 966 549 998 POL.
125 1001 898 1039 Aliquid ex eo delibavi oculis. Mihi ſapit maximè. De
77 1038 892 1079 voluptate gulæ philoſophatur egregiè; ac me, quod vix
77 1074 627 1111 credas, prope jam Philoſophum fecit.
422 1112 562 1144 PHIL.
130 1149 226 1177 Credo.
438 1184 547 1216 POL.
130 1218 899 1254 Inde me in culinam conjeci, ut ibi de philoſophiâ iſtâ,
77 1256 899 1290 cum ipſo Culinæ magiſtro diſputarem. Ille non verbis,
77 1291 899 1328 ſed experimentis eâ de re agendum eſſe pronunciavit. Quid
77 1326 231 1354 tu cenſes?
422 1365 568 1392 PHIL.
135 1400 223 1426 Rectè.
420 1437 554 1467 POL.
134 1471 906 1512 Jubebo itaque ut aliquid cibi delicatioris tibi apparet,
100 1508 432 1542 quo experimentum fiat.
