<PcGts xmlns="http://schema.primaresearch.org/PAGE/gts/pagecontent/2019-07-15" xmlns:xsi="http://www.w3.org/2001/XMLSchema-instance" xsi:schemaLocation="http://schema.primaresearch.org/PAGE/gts/pagecontent/2019-07-15 http://schema.primaresearch.org/PAGE/gts/pagecontent/2019-07-15/pagecontent.xsd"><Metadata><Creator/><Created>2022-01-24T21:51:48</Created><LastChange>1970-01-01T00:00:00</LastChange><Comments/></Metadata><Page imageFilename="0313.png" imageHeight="1743" imageWidth="1000"><TextRegion id="r1" orientation="-1.0" type="paragraph"><Coords points="1,1 998,1 998,1741 1,1741"/><TextLine id="l1"><Coords points="190,109 875,121 875,82 190,70 190,109"/><TextEquiv index="0"><Unicode>JUVENIS VOLUPTARIUS. 303</Unicode></TextEquiv><TextEquiv index="1"><Unicode>JUVENIS VOLUPTARIUS. 303</Unicode></TextEquiv></TextLine><TextLine id="l2"><Coords points="57,148 268,153 270,155 320,156 320,157 321,158 323,158 324,159 328,159 328,158 329,151 349,151 350,150 764,158 764,168 765,169 766,168 809,168 810,167 810,163 811,162 871,163 872,162 873,162 875,160 875,159 876,158 877,146 877,145 884,146 885,145 884,145 859,144 859,143 887,144 888,143 887,143 785,141 784,140 773,140 773,133 771,132 482,127 482,128 481,129 57,121"/><TextEquiv index="0"><Unicode>cæteros. Sed ejus pavores omitto. De ſolicitudine loquor,</Unicode></TextEquiv><TextEquiv index="1"><Unicode>cæteros. Sed ejus pavores omitto. De ſolicitudine loquor,</Unicode></TextEquiv></TextLine><TextLine id="l3"><Coords points="866,200 870,200 874,197 874,196 875,195 875,193 873,191 873,190 872,189 859,189 859,181 856,181 854,179 847,179 846,178 846,173 845,172 845,171 843,171 841,172 841,180 777,179 776,178 776,170 775,169 737,169 735,171 735,177 653,176 652,175 641,174 640,174 640,169 639,167 630,167 629,166 624,166 623,167 623,175 622,176 619,176 617,177 617,178 615,180 615,182 582,181 581,181 581,179 578,175 577,175 576,174 508,173 507,173 507,164 463,163 462,164 461,164 457,168 457,172 423,172 422,171 422,164 421,163 419,162 418,163 407,163 406,164 405,164 404,165 404,166 403,167 403,168 402,169 402,172 355,171 354,170 353,171 310,171 309,172 304,171 303,172 301,172 300,173 300,179 269,179 268,178 268,170 267,170 265,168 265,163 264,162 264,161 263,160 258,160 257,161 256,161 254,162 254,163 253,164 253,166 252,167 252,168 250,171 218,170 217,169 209,169 208,168 208,167 207,168 173,167 172,167 172,161 143,161 142,160 141,160 140,159 139,159 138,160 134,160 133,161 110,160 109,161 108,161 107,162 107,163 106,163 104,165 104,169 80,169 79,168 76,168 76,170 72,169 71,170 70,170 67,173 67,175 66,176 66,185 57,185 57,188 72,188 73,189 73,193 74,194 80,194 81,193 82,193 83,192 83,185 131,185 132,184 136,185 171,185 172,186 173,186 174,185 185,185 186,184 238,185 239,186 242,186 243,185 274,186 275,186 275,190 277,190 281,186 350,187 351,188 360,188 361,187 414,188 415,187 426,188 587,190 588,191 588,194 589,194 591,193 592,193 594,191 632,191 633,192 665,193 666,193 666,201 667,201 668,202 670,202 671,201 674,201 675,200 675,193 692,193 693,192 741,193 742,194 742,202 743,202 744,203 745,203 746,204 750,204 751,203 753,203 754,202 755,202 757,201 757,194 789,195 790,196 818,196 819,195 864,196 865,197 865,208 866,208"/><TextEquiv index="0"><Unicode>quâ factum eſt, ut excuſſus ſit ſomno, diuque vigilaverit,</Unicode></TextEquiv><TextEquiv index="1"><Unicode>quâ factum eſt, ut excuſſus ſit ſomno, diuque vigilaverit,</Unicode></TextEquiv></TextLine><TextLine id="l4"><Coords points="56,222 288,226 288,232 290,233 299,233 300,232 301,232 302,231 302,230 303,229 303,228 304,227 575,232 575,234 577,234 578,235 581,235 582,234 582,233 583,232 872,237 872,244 873,244 873,220 869,215 865,215 866,209 865,208 864,209 556,204 556,201 555,201 484,200 483,201 430,200 429,201 57,193"/><TextEquiv index="0"><Unicode>modò librum legens, modò illum deponens; mox ad eum</Unicode></TextEquiv><TextEquiv index="1"><Unicode>modò librum legens, modò illum deponens; mox ad eum</Unicode></TextEquiv></TextLine><TextLine id="l5"><Coords points="57,258 190,261 191,260 484,265 485,265 484,271 485,272 838,278 839,279 845,279 845,278 846,271 874,271 874,262 873,261 873,259 872,258 862,258 862,248 859,245 839,245 838,244 665,241 664,240 523,237 522,236 521,237 519,237 518,238 426,237 425,238 413,237 412,238 57,231"/><TextEquiv index="0"><Unicode>revolans, interdum meditanti ſimilis, aliquando ſuſpi-</Unicode></TextEquiv><TextEquiv index="1"><Unicode>revolans, interdum meditanti ſimilis, aliquando ſuſpi-</Unicode></TextEquiv></TextLine><TextLine id="l6"><Coords points="56,303 220,306 221,305 225,305 227,304 227,297 494,302 495,302 495,307 624,309 625,310 625,311 701,312 702,313 703,313 703,309 779,311 780,310 779,310 703,308 703,303 755,304 756,304 756,300 754,298 754,296 743,296 743,291 741,288 728,288 727,287 693,286 692,286 692,279 662,279 661,278 437,274 436,273 434,273 432,275 334,273 333,274 333,281 57,276"/><TextEquiv index="0"><Unicode>rans, nunquam animo vel corpore conquieſcens.</Unicode></TextEquiv><TextEquiv index="1"><Unicode>rans, nunquam animo vel corpore conquieſcens.</Unicode></TextEquiv></TextLine><TextLine id="l7"><Coords points="377,335 563,339 563,314 377,310 377,335"/><TextEquiv index="0"><Unicode>TRECH.</Unicode></TextEquiv><TextEquiv index="1"><Unicode>TRECH.</Unicode></TextEquiv></TextLine><TextLine id="l8"><Coords points="75,375 877,389 878,348 76,334 75,375"/><TextEquiv index="0"><Unicode>Nam quæ cauſa tantæ, tam inſolitæ ſollicitudinis eſſe</Unicode></TextEquiv><TextEquiv index="1"><Unicode>Nam quæ cauſa tantæ, tam inſolitæ ſollicitudinis eſſe</Unicode></TextEquiv></TextLine><TextLine id="l9"><Coords points="57,419 322,424 323,423 323,417 654,423 655,422 657,422 658,421 659,421 660,420 660,419 661,418 661,416 662,415 662,414 735,415 737,414 737,399 738,398 740,398 740,392 739,391 739,390 738,389 738,387 736,387 735,388 692,387 691,388 157,379 156,378 57,376"/><TextEquiv index="0"><Unicode>poteſt? an illum premit rei nummariæ anguſtia?</Unicode></TextEquiv><TextEquiv index="1"><Unicode>poteſt? an illum premit rei nummariæ anguſtia?</Unicode></TextEquiv></TextLine><TextLine id="l10"><Coords points="412,447 523,449 523,424 412,422 412,447"/><TextEquiv index="0"><Unicode>POL.</Unicode></TextEquiv><TextEquiv index="1"><Unicode>POL.</Unicode></TextEquiv></TextLine><TextLine id="l11"><Coords points="684,500 684,488 684,487 739,488 740,489 741,488 767,489 793,489 794,490 870,491 872,490 872,477 873,476 873,474 872,473 867,473 867,472 867,471 862,471 861,471 861,468 860,467 860,466 860,465 833,465 832,464 832,463 831,463 830,464 793,463 791,465 791,472 790,472 751,471 749,469 748,469 747,470 716,470 715,469 715,463 714,462 687,461 686,462 684,462 683,463 683,470 635,469 634,469 634,466 631,463 631,462 630,460 618,460 616,461 616,467 616,468 615,468 614,467 614,454 612,454 611,454 611,467 611,468 557,467 556,466 556,460 516,459 515,460 515,468 490,468 489,467 480,467 479,466 477,466 476,467 371,465 369,463 368,464 367,464 365,466 311,465 310,464 310,463 308,461 308,459 306,457 306,456 304,456 302,457 302,463 270,463 269,464 200,463 199,462 177,461 176,461 176,455 176,454 174,454 172,456 172,461 162,461 161,462 125,461 124,461 124,456 124,455 123,455 122,454 103,454 101,455 101,456 102,457 103,457 104,459 104,474 102,475 101,475 101,476 101,477 185,478 186,479 186,486 192,487 193,486 193,480 238,480 239,479 361,482 362,481 424,482 425,482 425,490 425,491 432,491 433,490 433,483 464,483 465,482 517,483 518,484 519,483 555,484 556,485 594,486 595,486 595,492 596,494 597,494 598,495 601,495 602,496 603,496 604,495 606,495 607,494 608,494 611,491 611,486 678,487 679,488 680,487 682,487 683,488 683,500 684,500"/><TextEquiv index="0"><Unicode>Neutiquam: à matre quamvis longiùs abſente defluit</Unicode></TextEquiv><TextEquiv index="1"><Unicode>Neutiquam: à matre quamvis longiùs abſente defluit</Unicode></TextEquiv></TextLine><TextLine id="l12"><Coords points="57,522 460,529 462,527 484,528 485,527 485,520 524,520 525,519 526,519 527,518 527,516 526,514 513,514 513,505 512,505 511,504 483,504 482,503 474,503 473,502 473,494 472,493 471,493 469,495 57,488"/><TextEquiv index="0"><Unicode>pecunia ſuis temporibus largiter.</Unicode></TextEquiv><TextEquiv index="1"><Unicode>pecunia ſuis temporibus largiter.</Unicode></TextEquiv></TextLine><TextLine id="l13"><Coords points="377,565 566,569 566,534 377,530 377,565"/><TextEquiv index="0"><Unicode>TRECH.</Unicode></TextEquiv><TextEquiv index="1"><Unicode>TRECH.</Unicode></TextEquiv></TextLine><TextLine id="l14"><Coords points="808,608 809,608 809,600 809,599 844,600 845,601 868,601 869,602 870,602 870,600 871,599 871,598 870,597 870,584 870,583 857,583 856,583 856,570 856,569 855,570 855,583 837,583 836,582 825,582 824,583 791,582 790,582 790,575 789,573 781,573 780,572 779,572 776,575 775,575 774,575 774,581 774,582 695,580 694,579 692,579 691,580 611,579 610,578 610,570 607,570 606,569 604,569 602,570 602,571 600,573 600,574 599,575 599,576 598,578 591,578 590,579 487,577 486,576 473,575 472,576 419,576 418,575 418,568 416,568 415,568 414,568 413,569 413,575 343,574 341,572 340,573 301,572 300,572 300,566 300,565 289,565 287,563 252,563 251,564 249,564 248,564 248,572 248,573 217,572 216,572 216,569 216,568 210,568 209,567 209,563 208,562 208,561 207,561 207,562 207,563 206,563 204,564 204,571 204,572 126,570 125,570 125,564 125,563 123,563 122,563 122,562 122,561 121,562 121,563 103,563 102,564 102,566 105,569 105,584 104,584 101,584 101,585 103,587 148,588 149,588 149,595 149,596 155,596 157,594 157,588 185,588 186,588 227,588 228,587 264,588 265,589 399,591 400,592 437,593 438,593 438,600 438,601 441,601 442,602 446,602 448,601 448,594 448,593 555,595 556,596 558,596 559,595 684,597 685,598 686,597 796,599 797,600 797,608 808,608"/><TextEquiv index="0"><Unicode>Neque in deſtinato voluptatum curſu ventum aliquem</Unicode></TextEquiv><TextEquiv index="1"><Unicode>Neque in deſtinato voluptatum curſu ventum aliquem</Unicode></TextEquiv></TextLine><TextLine id="l15"><Coords points="57,623 241,626 241,632 243,633 247,634 248,633 251,633 251,629 252,629 383,631 383,629 384,628 384,626 382,624 373,624 372,623 372,612 370,610 368,610 368,604 367,603 367,602 365,601 362,601 361,602 359,602 357,604 357,605 356,606 356,608 354,609 159,606 159,602 157,600 95,599 95,597 94,597 57,596"/><TextEquiv index="0"><Unicode>adverſum expertus eſt.</Unicode></TextEquiv><TextEquiv index="1"><Unicode>adverſum expertus eſt.</Unicode></TextEquiv></TextLine><TextLine id="l16"><Coords points="409,666 521,668 521,643 409,641 409,666"/><TextEquiv index="0"><Unicode>POL.</Unicode></TextEquiv><TextEquiv index="1"><Unicode>POL.</Unicode></TextEquiv></TextLine><TextLine id="l17"><Coords points="103,707 875,720 876,684 104,671 103,707"/><TextEquiv index="0"><Unicode>Imo in conſequendo quidquid appetit, vento utitur</Unicode></TextEquiv><TextEquiv index="1"><Unicode>Imo in conſequendo quidquid appetit, vento utitur</Unicode></TextEquiv></TextLine><TextLine id="l18"><Coords points="57,733 112,734 112,733 113,732 291,735 292,734 310,735 310,730 308,728 297,727 296,727 296,726 295,724 295,723 291,719 277,719 277,711 275,709 274,710 57,706"/><TextEquiv index="0"><Unicode>nimium ſecundo.</Unicode></TextEquiv><TextEquiv index="1"><Unicode>nimium ſecundo.</Unicode></TextEquiv></TextLine><TextLine id="l19"><Coords points="504,780 505,780 505,777 505,776 560,777 561,776 562,776 564,775 564,773 561,770 550,770 550,769 550,758 549,758 510,757 509,756 508,756 507,757 371,745 388,771 387,771 384,771 384,773 384,774 459,774 460,775 460,776 461,775 499,776 503,780 504,780"/><TextEquiv index="0"><Unicode>TRECH.</Unicode></TextEquiv><TextEquiv index="1"><Unicode>TRECH.</Unicode></TextEquiv></TextLine><TextLine id="l20"><Coords points="93,818 94,817 94,783 95,783 98,786 99,786 103,791 103,793 104,794 104,795 105,796 105,798 111,803 112,803 117,808 118,808 119,810 120,810 122,812 123,812 124,813 127,814 129,816 220,817 221,816 222,816 224,814 780,824 782,822 782,820 858,821 859,820 860,820 861,820 861,817 862,816 870,816 873,814 873,808 874,807 860,806 859,805 849,805 848,804 840,804 839,803 839,797 838,796 837,796 836,795 746,793 745,793 745,792 745,791 744,791 743,790 712,790 711,789 595,787 594,788 132,780 131,779 107,778 106,779 94,779 93,780 92,780 91,817 91,818 93,818"/><TextEquiv><Unicode/></TextEquiv><TextEquiv index="1"><Unicode>Quid ergo cauſæ aliud eſſe arbitrer?... nihfuetu ſus-</Unicode></TextEquiv></TextLine><TextLine id="l21"><Coords points="57,850 78,850 79,848 79,843 80,843 169,844 170,843 171,829 173,827 173,825 174,824 173,823 173,820 169,816 57,814"/><TextEquiv><Unicode/></TextEquiv><TextEquiv index="1"><Unicode>picaris?</Unicode></TextEquiv></TextLine><TextLine id="l22"><Coords points="415,895 557,898 558,862 416,859 415,895"/><TextEquiv index="0"><Unicode>POL.</Unicode></TextEquiv><TextEquiv index="1"><Unicode>POL.</Unicode></TextEquiv></TextLine><TextLine id="l23"><Coords points="853,940 856,938 856,937 858,935 858,931 859,930 870,930 870,928 871,927 871,925 870,924 870,912 870,911 860,911 859,911 859,908 858,907 858,906 856,903 852,903 850,905 849,905 846,908 821,908 820,908 820,909 820,910 785,909 784,910 714,909 713,910 665,909 664,908 664,907 663,908 652,908 651,907 651,904 635,903 634,903 634,902 633,900 631,900 630,901 630,905 621,905 620,906 589,906 588,907 587,907 586,908 557,907 556,907 557,898 556,897 555,906 555,907 546,907 545,906 543,906 542,905 542,903 541,903 541,906 541,907 530,907 529,906 530,899 529,899 528,899 527,897 526,898 525,898 525,899 524,907 476,907 475,906 452,905 451,904 450,905 429,905 428,906 392,905 390,903 386,903 385,902 347,901 346,901 346,900 345,899 345,898 345,897 345,895 343,893 342,894 293,893 292,892 291,893 289,893 287,896 286,900 261,900 260,899 261,885 260,885 258,885 257,886 257,888 256,889 228,888 228,889 228,891 227,891 211,891 210,898 210,899 192,899 191,900 132,899 131,898 128,898 126,896 127,894 126,893 125,893 125,892 124,891 117,891 116,890 103,890 103,891 103,893 104,894 103,914 105,915 107,915 108,914 181,915 181,916 181,924 182,924 188,925 188,926 188,927 189,926 189,923 190,922 190,916 191,916 320,918 320,925 321,926 322,926 322,927 327,927 328,927 328,920 329,919 399,920 399,921 399,924 400,924 430,925 430,928 430,929 431,929 432,930 433,929 438,929 439,928 439,922 440,922 464,922 465,921 504,922 505,923 516,923 517,924 519,922 526,922 527,921 562,922 563,923 627,924 627,925 627,929 628,930 629,930 632,928 632,927 633,926 633,925 634,924 724,926 724,933 725,935 731,935 733,934 733,927 734,926 776,927 776,928 777,929 778,928 815,929 815,932 815,933 817,933 818,932 820,932 821,931 821,930 822,930 851,930 851,931 851,940 853,940"/><TextEquiv index="0"><Unicode>Duo quidem ſuſpicor, quæ animum ejus torqueant; &amp;</Unicode></TextEquiv><TextEquiv index="1"><Unicode>Duo quidem ſuſpicor, quæ animum ejus torqueant; &amp;</Unicode></TextEquiv></TextLine><TextLine id="l24"><Coords points="808,966 809,965 870,966 870,964 871,963 871,961 870,960 871,950 870,949 853,949 853,941 852,940 703,938 702,937 300,930 299,929 57,924 57,958 355,963 356,965 356,961 395,961 799,968 799,972 804,972 805,973 808,973"/><TextEquiv index="0"><Unicode>morbum Eraſti de cujus vitâ extimeſcit; &amp; librum pium</Unicode></TextEquiv><TextEquiv index="1"><Unicode>morbum Eraſti de cujus vitâ extimeſcit; &amp; librum pium</Unicode></TextEquiv></TextLine><TextLine id="l25"><Coords points="313,997 432,999 434,997 435,997 436,996 436,995 437,994 691,998 692,999 693,999 695,997 760,999 762,997 762,996 763,995 763,994 760,992 747,991 747,984 744,984 742,982 734,982 734,976 733,974 724,974 723,973 589,971 588,972 276,966 275,965 248,965 247,964 57,960 56,993 74,994 75,995 311,999"/><TextEquiv index="0"><Unicode>qui errore Bibliopolæ in ejus manus forte incidit.</Unicode></TextEquiv><TextEquiv index="1"><Unicode>qui errore Bibliopolæ in ejus manus forte incidit.</Unicode></TextEquiv></TextLine><TextLine id="l26"><Coords points="372,1030 564,1034 564,1008 372,1004 372,1030"/><TextEquiv index="0"><Unicode>TRECH.</Unicode></TextEquiv><TextEquiv index="1"><Unicode>TRECH.</Unicode></TextEquiv></TextLine><TextLine id="l27"><Coords points="871,1085 871,1084 872,1062 871,1062 862,1061 862,1051 860,1049 849,1049 848,1048 846,1048 845,1050 845,1054 844,1054 822,1054 821,1055 805,1054 804,1055 759,1055 759,1054 759,1047 758,1046 758,1045 757,1045 755,1046 755,1053 754,1053 743,1053 742,1054 709,1054 709,1053 709,1046 707,1045 699,1045 698,1046 698,1047 697,1048 697,1050 696,1051 696,1053 694,1054 664,1054 664,1053 664,1048 662,1046 662,1045 661,1045 645,1045 645,1059 644,1060 610,1059 610,1058 610,1053 608,1051 608,1049 607,1049 606,1050 605,1050 604,1051 603,1051 602,1052 591,1052 590,1053 487,1051 486,1050 485,1050 485,1049 485,1042 484,1042 483,1041 478,1041 477,1042 476,1042 475,1042 475,1043 473,1045 473,1048 472,1049 439,1048 439,1047 439,1043 437,1042 432,1042 432,1041 423,1041 422,1041 422,1042 422,1043 424,1043 425,1043 425,1058 424,1059 387,1058 387,1053 386,1052 386,1051 384,1049 370,1049 369,1048 366,1048 366,1047 366,1040 365,1040 364,1039 363,1039 362,1040 360,1040 357,1042 357,1045 356,1046 320,1045 319,1044 319,1045 317,1047 294,1046 294,1038 294,1037 282,1037 281,1036 262,1036 261,1037 232,1036 231,1037 231,1043 230,1043 213,1043 212,1042 202,1042 202,1043 201,1044 139,1043 138,1042 129,1042 129,1041 129,1034 127,1034 126,1033 125,1033 111,1033 110,1034 109,1034 108,1035 111,1038 111,1039 112,1040 112,1043 113,1044 113,1046 114,1047 114,1051 115,1052 115,1053 116,1054 116,1055 117,1056 117,1059 118,1059 119,1058 120,1058 121,1057 161,1058 162,1059 238,1060 239,1061 239,1068 241,1069 242,1070 244,1070 244,1069 245,1066 252,1066 254,1064 254,1062 390,1064 391,1065 392,1065 393,1064 410,1064 411,1065 410,1076 411,1076 412,1065 459,1065 460,1066 579,1068 580,1067 618,1068 619,1069 618,1073 619,1073 623,1073 624,1069 624,1068 681,1069 682,1070 696,1070 697,1069 753,1070 754,1071 755,1070 793,1071 795,1073 796,1072 809,1072 810,1071 843,1072 844,1073 854,1073 855,1074 861,1074 862,1074 862,1071 862,1070 868,1070 869,1069 870,1070 871,1070 870,1084 871,1085"/><TextEquiv index="0"><Unicode>Veras attigiſti cauſas. Eraſtum amat, Eraſto timet: li-</Unicode></TextEquiv><TextEquiv index="1"><Unicode>Veras attigiſti cauſas. Eraſtum amat, Eraſto timet: li-</Unicode></TextEquiv></TextLine><TextLine id="l28"><Coords points="57,1103 191,1106 192,1105 194,1105 195,1104 231,1104 231,1102 608,1109 609,1109 609,1111 610,1113 614,1113 614,1110 721,1112 722,1111 723,1111 724,1110 724,1109 869,1112 870,1111 870,1107 882,1107 883,1106 885,1106 886,1105 886,1104 887,1103 887,1102 872,1102 871,1101 871,1087 870,1086 726,1083 725,1082 432,1077 431,1076 431,1075 430,1076 79,1070 77,1068 57,1067"/><TextEquiv index="0"><Unicode>brum legit pium; liber ille animo ſcrupulos injecit. Utri-</Unicode></TextEquiv><TextEquiv index="1"><Unicode>brum legit pium; liber ille animo ſcrupulos injecit. Utri-</Unicode></TextEquiv></TextLine><TextLine id="l29"><Coords points="57,1137 87,1138 87,1131 88,1131 381,1136 382,1137 418,1138 419,1139 482,1140 482,1146 483,1147 488,1147 488,1140 489,1140 864,1146 865,1147 868,1147 871,1144 871,1143 872,1142 872,1135 871,1134 871,1132 870,1132 869,1130 818,1130 817,1129 804,1128 804,1122 803,1121 803,1120 802,1119 802,1118 801,1117 801,1119 800,1119 741,1118 740,1119 455,1114 454,1113 403,1112 402,1111 57,1105"/><TextEquiv index="0"><Unicode>que malo medendum eſt, &amp; providendum ne Philedonus</Unicode></TextEquiv><TextEquiv index="1"><Unicode>que malo medendum eſt, &amp; providendum ne Philedonus</Unicode></TextEquiv></TextLine><TextLine id="l30"><Coords points="57,1173 306,1178 307,1179 310,1179 311,1180 312,1180 314,1178 314,1177 447,1179 448,1178 451,1178 451,1176 756,1182 757,1182 757,1188 758,1188 759,1189 766,1189 768,1187 768,1182 861,1183 863,1182 863,1178 867,1178 868,1177 873,1178 874,1177 874,1175 873,1174 873,1173 872,1173 861,1172 861,1159 860,1159 859,1158 817,1158 816,1157 427,1150 426,1149 297,1147 296,1145 295,1146 292,1146 290,1148 57,1144"/><TextEquiv index="0"><Unicode>præter ætatem ſapere velit, &amp; ſeverioris vitæ aliquod ini-</Unicode></TextEquiv><TextEquiv index="1"><Unicode>præter ætatem ſapere velit, &amp; ſeverioris vitæ aliquod ini-</Unicode></TextEquiv></TextLine><TextLine id="l31"><Coords points="57,1202 251,1206 252,1205 253,1205 254,1203 254,1200 253,1199 240,1199 239,1198 239,1192 238,1190 212,1190 211,1189 208,1189 207,1188 196,1188 195,1187 196,1182 195,1181 195,1180 184,1180 183,1179 167,1178 166,1179 165,1179 165,1181 164,1182 163,1187 57,1185"/><TextEquiv index="0"><Unicode>re conſilium.</Unicode></TextEquiv><TextEquiv index="1"><Unicode>re conſilium.</Unicode></TextEquiv></TextLine><TextLine id="l32"><Coords points="419,1247 527,1249 527,1223 419,1221 419,1247"/><TextEquiv index="0"><Unicode>POL.</Unicode></TextEquiv><TextEquiv index="1"><Unicode>POL.</Unicode></TextEquiv></TextLine><TextLine id="l33"><Coords points="580,1294 581,1294 581,1287 581,1286 593,1287 594,1286 873,1291 875,1289 875,1287 876,1286 876,1285 877,1284 877,1280 878,1279 877,1278 877,1277 875,1275 874,1275 872,1273 872,1271 811,1269 810,1269 810,1265 810,1264 809,1264 808,1263 652,1261 651,1260 651,1258 648,1258 647,1258 647,1260 647,1261 354,1256 353,1255 353,1254 186,1251 185,1250 183,1250 182,1251 110,1249 108,1251 109,1252 76,1252 75,1252 76,1253 109,1253 109,1254 109,1274 110,1275 187,1277 188,1277 188,1282 190,1285 192,1285 193,1286 268,1287 269,1286 270,1286 271,1286 271,1285 271,1284 570,1289 571,1290 571,1294 580,1294"/><TextEquiv index="0"><Unicode>Hoc igitur provide cito; nam ſi quid ſecum Philedonus</Unicode></TextEquiv><TextEquiv index="1"><Unicode>Hoc igitur provide cito; nam ſi quid ſecum Philedonus</Unicode></TextEquiv></TextLine><TextLine id="l34"><Coords points="708,1324 709,1324 858,1326 862,1322 872,1323 873,1321 873,1316 874,1315 863,1314 862,1314 862,1310 813,1310 812,1309 761,1308 760,1307 753,1306 752,1306 753,1302 749,1298 746,1298 745,1299 487,1295 486,1294 232,1289 231,1288 88,1286 87,1285 86,1285 85,1284 57,1283 57,1311 406,1317 407,1318 520,1320 521,1321 587,1323 588,1324 653,1325 653,1329 654,1330 708,1331"/><TextEquiv index="0"><Unicode>de mutandâ ratione vitæ conſtituerit, in propoſito mane-</Unicode></TextEquiv><TextEquiv index="1"><Unicode>de mutandâ ratione vitæ conſtituerit, in propoſito mane-</Unicode></TextEquiv></TextLine><TextLine id="l35"><Coords points="550,1365 551,1365 553,1363 764,1367 765,1366 869,1368 873,1363 874,1360 873,1359 873,1352 872,1351 872,1346 871,1345 871,1344 870,1344 840,1343 840,1339 839,1338 829,1338 829,1336 825,1336 824,1337 287,1327 287,1326 205,1325 204,1324 81,1322 80,1321 57,1320 56,1351 310,1356 310,1357 313,1360 318,1360 319,1361 540,1365 541,1366 549,1366"/><TextEquiv index="0"><Unicode>bit. Novi ejus ingenium. In re gravi hæret aliquandiu;</Unicode></TextEquiv><TextEquiv index="1"><Unicode>bit. Novi ejus ingenium. In re gravi hæret aliquandiu;</Unicode></TextEquiv></TextLine><TextLine id="l36"><Coords points="57,1384 183,1387 184,1386 483,1391 484,1392 497,1392 498,1393 577,1394 578,1395 578,1397 579,1397 582,1395 583,1395 584,1394 584,1393 834,1397 835,1398 867,1399 868,1399 868,1402 870,1402 874,1398 874,1393 875,1392 875,1391 876,1390 876,1389 874,1389 873,1388 873,1383 872,1382 785,1380 784,1380 784,1371 783,1371 782,1372 438,1366 437,1365 259,1362 258,1361 136,1359 135,1358 57,1356"/><TextEquiv index="0"><Unicode>dubitat; deliberat: ubi deliberavit, obfirmat animum:</Unicode></TextEquiv><TextEquiv index="1"><Unicode>dubitat; deliberat: ubi deliberavit, obfirmat animum:</Unicode></TextEquiv></TextLine><TextLine id="l37"><Coords points="57,1425 82,1426 82,1424 83,1424 473,1431 473,1434 474,1435 780,1440 781,1441 782,1441 783,1442 788,1442 789,1441 790,1441 790,1439 791,1438 869,1440 870,1439 871,1439 874,1436 877,1436 877,1431 878,1430 876,1430 875,1429 875,1427 873,1425 873,1419 872,1418 873,1416 872,1416 816,1415 816,1409 815,1409 765,1408 764,1407 601,1404 600,1403 595,1403 594,1404 238,1398 237,1397 189,1396 188,1395 134,1394 133,1393 57,1391"/><TextEquiv index="0"><Unicode>perſtat in ſententiâ; viam quam inſtituit, perſequitur;</Unicode></TextEquiv><TextEquiv index="1"><Unicode>perſtat in ſententiâ; viam quam inſtituit, perſequitur;</Unicode></TextEquiv></TextLine><TextLine id="l38"><Coords points="57,1464 120,1465 121,1465 121,1463 122,1464 123,1463 123,1456 324,1459 325,1460 325,1466 326,1467 330,1467 331,1468 332,1468 333,1467 335,1467 335,1460 413,1462 414,1461 431,1461 432,1460 432,1456 430,1456 429,1455 419,1455 419,1446 417,1445 377,1444 377,1437 376,1436 310,1435 309,1434 182,1432 181,1431 181,1430 179,1429 177,1431 57,1429"/><TextEquiv index="0"><Unicode>neque ſe revocari patitur.</Unicode></TextEquiv><TextEquiv index="1"><Unicode>neque ſe revocari patitur.</Unicode></TextEquiv></TextLine><TextLine id="l39"><Coords points="383,1498 572,1501 572,1476 383,1473 383,1498"/><TextEquiv index="0"><Unicode>TRECH.</Unicode></TextEquiv><TextEquiv index="1"><Unicode>TRECH.</Unicode></TextEquiv></TextLine><TextLine id="l40"><Coords points="651,1551 651,1550 651,1545 652,1545 656,1545 657,1543 657,1538 658,1538 781,1540 782,1541 801,1541 801,1542 801,1543 802,1543 818,1544 818,1547 820,1549 825,1549 826,1550 827,1548 827,1541 828,1541 861,1541 863,1539 864,1539 864,1537 865,1536 874,1537 874,1536 874,1535 875,1534 875,1533 875,1532 875,1530 874,1529 874,1528 873,1528 866,1528 866,1527 866,1526 865,1525 864,1525 863,1524 806,1523 806,1516 805,1515 804,1515 803,1514 799,1514 797,1516 796,1516 794,1519 794,1521 793,1522 793,1523 792,1523 746,1522 746,1516 744,1514 729,1514 729,1512 728,1511 728,1510 727,1509 727,1510 727,1513 724,1516 724,1522 723,1522 685,1521 684,1520 678,1520 678,1517 677,1516 676,1516 676,1517 676,1518 675,1518 643,1518 642,1519 610,1518 610,1511 608,1509 607,1509 606,1510 585,1510 584,1511 566,1510 566,1511 566,1512 565,1512 529,1512 529,1511 529,1510 528,1510 522,1510 521,1510 468,1510 466,1512 466,1513 465,1514 465,1515 464,1516 464,1517 463,1517 430,1517 429,1518 409,1518 409,1517 409,1514 406,1511 406,1510 404,1508 403,1508 402,1510 402,1516 401,1516 369,1516 369,1515 369,1507 368,1507 365,1507 365,1513 364,1514 353,1514 353,1515 352,1516 295,1515 294,1514 280,1513 280,1508 278,1506 275,1506 275,1507 275,1512 274,1512 261,1512 260,1513 199,1512 199,1511 199,1504 197,1503 195,1503 194,1504 194,1510 193,1511 178,1511 177,1511 122,1511 122,1510 122,1503 121,1503 115,1502 114,1501 110,1501 109,1503 109,1505 110,1506 110,1525 111,1526 120,1526 120,1527 120,1536 121,1537 121,1536 121,1527 122,1527 142,1527 142,1534 143,1535 145,1535 146,1536 154,1536 155,1535 156,1535 156,1533 157,1532 157,1527 158,1526 207,1527 208,1528 232,1528 233,1529 271,1530 271,1531 271,1535 272,1535 276,1535 278,1533 278,1531 279,1530 333,1531 333,1532 333,1540 334,1540 335,1540 336,1539 341,1539 341,1532 342,1531 427,1533 428,1534 452,1534 453,1533 577,1535 577,1534 578,1533 610,1534 611,1535 621,1535 622,1536 646,1537 646,1549 647,1550 648,1550 649,1551 651,1551"/><TextEquiv index="0"><Unicode>Ingenium ejus optimè noſti. Mihi ſemper viſus eſt pro-</Unicode></TextEquiv><TextEquiv index="1"><Unicode>Ingenium ejus optimè noſti. Mihi ſemper viſus eſt pro-</Unicode></TextEquiv></TextLine><TextLine id="l41"><Coords points="57,1568 82,1569 83,1568 83,1563 242,1566 243,1565 244,1565 246,1563 246,1561 243,1559 229,1558 229,1549 189,1549 188,1548 146,1547 145,1546 145,1539 126,1539 124,1537 57,1535"/><TextEquiv index="0"><Unicode>poſiti tenax.</Unicode></TextEquiv><TextEquiv index="1"><Unicode>poſiti tenax.</Unicode></TextEquiv></TextLine><TextEquiv><Unicode/></TextEquiv></TextRegion></Page></PcGts>