1000 1743
304 60 734 106 PHILEDONUS,
63 84 177 115 304
468 117 577 146 POL.
102 143 947 202 Omnino. Ideoque vereor ne fruſtra ipſum revocare ve-
72 185 947 228 lis aut retinere. Nam oblectamenta quæ priùs expetebat,
122 230 430 271 jam videtur ſpernere.
425 262 613 303 TRECH.
158 287 947 347 Quoniam adhuc ſolicitus animo eſt, nihil dum conſilii
68 328 947 381 cepit. Conſilium vitæ certum omnem excludit animi fluc-
123 368 947 424 tuationem. Rem itaque ſolerter & properè aggrediamur.
130 404 947 448 Tu librum amovebis, qui Philedoni animum ſcrupulis
120 450 445 495 pupugit, hoc primum.
476 484 586 511 POL.
159 520 582 562 Iſtud quidem conabor exequi.
382 554 623 590 TRECH.
159 581 947 632 Videbis deinde, ut nihil Philedonus triſte inaudiat de
123 622 947 669 Eraſti valetudine, donec amicus ille vel convaluerit peni-
122 666 517 709 tus, vel è medio exceſſerit.
470 703 576 729 POL.
112 727 947 777 At ſi mortem obeat Eraſtus, mors ejus celari diu non
121 768 947 823 poteſt, qui in vico proximo habitat, qui nobis planè vi-
120 821 253 852 cinus eſt.
429 847 616 882 TRECH.
157 875 947 923 Dum mors ejus vel unum diem celari poſſit (& verò
124 912 947 970 poteſt) id nobis ſatis eſt; cum amici, id eſt voluptatum
122 951 947 1002 ſocii ægrotant, ex eorum dolore aliquid vulgò doloris cœ-
121 985 947 1042 pimus; ubi mortui ſunt, & nihil dolent, tum nihil ipſi
120 1023 947 1078 quoque dolemus. Ita plerumque fit. In hoc igitur diligens
118 1061 846 1106 eſto ut herum tuum falſis de amico deludas nunciis.
464 1104 570 1130 POL.
127 1132 771 1184 Si mendaciis res agitur, rem agam ſtrenuè.
413 1181 613 1204 TRECH.
141 1198 947 1251 Illæ tuæ erunt partes. Ego Philedonum variis oblecta-
119 1242 947 1287 tionibus diu noctuque ſic tibi exercitum & occupatum da-
118 1274 947 1325 bo, ut animus voluptate plenus nihil ægritudinis poſſit
118 1313 947 1359 admittere. Hoc ei remedium paro. Nunc mihi adjutori-
116 1346 947 1400 bus opus eſt. Ubinam contubernales veſtri Oenophilus &
116 1403 312 1440 Chorœbus.
466 1429 572 1467 POL.
118 1455 947 1503 Alterum in cauponâ proximâ, cum robuſtis potoribus,
113 1498 947 1541 alterum in Caffæariâ popinâ è regione cauponæ cum mu-
109 1540 502 1579 ſicis & ſalatoribus invenies.
781 1530 947 1554 TRECH.
