1000 1743
187 75 883 112 JUVENIS VOLUPTARIUS. 307
404 124 547 150 PHIL.
107 160 603 195 Licet admonere pluribus, ſi lubet.
401 197 555 223 CHOR.
113 234 889 271 Admoneo igitur, & oro, ne quid iſto ætatis flore, iſtâ
83 269 753 308 ngenii feſtivitate indignum facias, vel cogites.
413 309 550 333 PHIL.
113 342 698 381 Nequid me indignum faciam! quomodo?
399 382 554 408 CHOR.
113 415 888 453 Illam fovendo animi ægritudinem quæ te coquit; &
84 453 887 489 uſterioris vitæ conſilium agitando, quod neque recipiat
84 490 493 525 etas, neque patiatur indoles.
416 528 553 554 PHIL.
112 562 889 600 Ergone vel mcam vel cujusquam ætatem & indolem vir-
84 598 379 634 tuti inhabilem putas?
406 638 558 663 CHOR.
118 673 891 711 Non hoc puto. Sed non virtus omnis ætati omni con-
83 705 165 763 gruit.
415 744 554 772 PHIL.
118 782 888 818 Non hoc nego. Sed neque vitium ullum ætati ulli con-
84 819 339 845 venire arbitror.
409 855 560 882 CHOR.
119 891 892 926 Rectè. Neque verò juvenem decet infamari vitiis; &
84 926 914 963 digito monſtrari ut vappam aut nebulonem; ſed ipſum
83 964 890 998 nil vetat iis uti voluptatibus, quas fert natura, ſuadet in-
83 999 801 1037 doles, excuſat ætas, & ipſa probat conſuetudo.
404 1039 563 1073 PHIL.
123 1071 892 1110 Quid? iis quoque uti voluptatibus, quas fert natura cor-
84 1102 993 1143 rupta; ſuadet indoles prava; excuſat ætas inconſulta, pro-
84 1144 894 1180 bat conſuetudo mala; vetat autem caſtus pudor; damnat
84 1180 563 1214 ſancta lex, & prohibet ſana ratio.
411 1219 564 1245 CHOR.
127 1252 947 1287 Sana ratio non prohibet, imo jubet iis frui oblectatio-
84 1288 895 1324 nibus quas affert tempus, & locus offert. Nam, ut aiunt,
84 1323 631 1359 deſipere in loco & tempore ſapere eſt.
422 1364 561 1389 PHIL.
127 1394 896 1433 Nullum inſaniendi tempus eſt, nullus locus. Iis autem
84 1430 896 1469 frui oblectationibus quas amaris & forſitan æternis lucti-
84 1467 896 1505 bus expendas; quas totâ vitâ incertus ſis an rite expiave-
84 1503 898 1538 ris, non ſapientia, ſed inſania, ſed dementia, ſed furor eſt.
642 1543 703 1569 U2
