1000 1743
196 72 949 122 VENIS VOLUPTARIUS. 309
198 80 360 99 IAI
406 131 548 159 PHIL.
109 170 304 195 Narra autem.
393 205 569 232 ARIST.
110 241 888 278 Tmet illa Cquod fieri non poteſt) ne te ſui capiat obli-
14 272 886 315 vio; ne maternum amorem in tuo extinguat pectore amor
14 313 337 359 aliquis peregrinus.
403 353 543 380 PHIL.
109 387 363 416 Hoc illa timet?
386 425 565 453 ARIST.
110 460 884 499 Timet quidem, & ſuos mihi timores ſæpe ſignificavit;
14 486 460 541 ſed illos acriter impugnavi.
404 537 542 563 PHIL.
110 572 861 609 Illam amo certè; atque ut merita eſt, eximiè diligo.
389 612 564 637 ARIST.
110 645 884 683 Ita credo. Teque, qualem vidi olim, pium, tempe-
16 674 883 717 rantem, caſtum, nunc etiam eſſe, & deinde fore perſua-
16 715 236 760 ſum habeo.
412 755 549 782 PHIL.
114 790 885 821 Illud confitendum eſt, multos ineſſe hac in urbe virtu-
17 818 884 865 tis ſcopulos, quibus juvenes incautos allidi & frangi faci-
18 861 157 908 le eſt.
390 903 565 929 ARIST.
115 936 884 972 Incautis juvenibus, & parum ſalutis ſuæ providis ſco-
19 966 884 1010 puli ſunt ubique obvii, & objecti: ſed declinari poſſunt,
17 1005 885 1044 ſi curſum rectè dirigas; ſi non quà itur, ſed quà ſit cun-
17 1043 886 1082 dum, diligenter conſideres: inprimis verò ſi comites iti-
17 1080 885 1116 neris adhibeas probos duntaxat, & ſobrios. Sic enim fa-
21 1116 886 1154 cilè curſum vel media inter ſaxa obtinebis longè ſecun-
17 1104 221 1212 diſâmum.
19 1206 663 1234 XX & 4X !4&ÆV
663 1210 890 1227 t&Y
43 1222 875 1251 . Æ&&&. & &&t
211 1252 755 1288 SCENA III.
19 1288 888 1344 OENOPHILUS, PHILEDONS,
267 1340 701 1368 ARISTOBULUS.
123 1387 862 1426 OENOPH. ridens, d pede titubanti incedens quaſi
226 1425 748 1460 vino madidus, d perpetuò balbutiens.
20 1449 896 1527 HA, ha, ha. Qui... quid hoc eſt, contbernalis &
153 1502 947 1534 conviva noſter? Audio te te triſtem ac moroſum eſſe.
661 1543 720 1577 U3
