1000 1743
304 65 735 117 PHILEDONUS,
111 95 163 122 320
108 125 989 172 ſumptâ ad ſa... ſaltandum larvâ pudor fa.. facilè omnis
79 169 987 209 deponitur. Larva enim no... no... non erubeſcit. Sal-
109 205 922 245 tet itaque Philedonus, & can... cantet ſi lubet; & bi...
64 235 987 284 bibat. Surgamus nos, & bi... bibamus. Nam conſilio
87 281 504 320 habito bi... bibendum eſt.
423 318 616 346 TRECH.
145 344 987 391 Bibendum eſt ſanè; ſed remedia quæ ſanando Philedoni
109 389 986 425 animo idonea cenſuimus, paranda ſunt, nova, quæ no-
109 424 986 464 vitate ſuâ placeant; eſficacia, quæ animum volentem no-
111 460 985 500 lentem vi blandâ rapiant. Adeſt nobis opportunè cùm Po-
109 503 369 541 Hydromo Sinapius.
108 546 985 590 ÆPP
337 599 426 617 I
271 597 786 633 SCENA
143 646 881 686 SINAPIUS, POLYDROMUS,
182 681 859 724 OENOPHILUS, CHOROEBUS,
276 721 750 764 TRECHEDIPNUS.
421 766 613 802 TRECH.
109 814 570 885 OPP hoc ehartæ eſ. Sinapi!
464 855 565 880 SIN.
116 881 982 926 Novam cœnæ deſignationem affero quam vobis Phile-
109 929 362 968 donoque offeram.
419 962 608 990 TRECH.
143 999 578 1040 Illam cedo ut deguſtem oculis.
351 1036 627 1064 OENOPH.
119 1066 983 1110 O... oſtende. No... novum ſcilicet convivii ſy...
107 1106 913 1148 fyſthema nobis affers. Gau... gaudeo. Nam amo no...
108 1138 977 1180 no... nova ſyſthemata, & turbines. Vo... volo ſyſthe.
109 1175 912 1217 ma, ubi menſa ro... ro... rotunda ſit in medio ve...
109 1202 982 1251 ve... veluti ſol: ubi la... la... legenæ cirea menſam
109 1248 978 1293 tanquam pla... pla... planetæ motu perpetuo circum-
106 1284 981 1329 agantur: ubi tamdiu bi... bibatur, bibatur, bibatur,
105 1321 971 1359 dum omnia turbinis in morem. Ipſe turbinis in morem cir-
106 1351 977 1402 cum agitur, , Y, E, Vrare videan-
107 1384 980 1435 tur. Iſtud ſyſthema optimum eſt. So... ſolvit omnes
105 1439 276 1467 difficultates.
734 1506 838 1524 A
733 1492 979 1555 0CENA
1 1694 264 1741 lt ee
813 1710 940 1735 a
890 1718 997 1740 ii
