1000 1743
308 76 739 123 PHILEDONUS,
118 93 170 120 324
405 139 610 169 ARIST.
152 172 985 217 Ineptè quidem, & impiè Eraſti mortem accipiunt iſti tui
117 208 981 252 ſodales, qui modò iſthinc abeunt. At cave tu ne illam animo
117 246 923 287 quoque feras nimiùm iniquo; neu præter modum doleas.
439 287 589 324 PHIL.
107 315 916 357 Ne præter modum, ò Superi! an poſſum dolere nimis?
63 356 976 401 an poſſum ſatis? ah! decidit in cathedram vehementi dolore
101 396 256 430 correptus.
382 432 608 461 ARIST.
155 463 983 507 Omnino potes. Et jam plus æquo dolore viſus es. Dum
120 502 980 545 te ex Eraſti vix demortui cubiculo proripis furenti magis,
119 539 436 575 quàm mœrenti ſimilis.
395 577 650 614 PHIL. ſurgit.
152 611 980 654 Neſcis ergo, Ariſtobule, quid viderim, quid audierim.
434 654 606 678 ARIST.
146 684 916 724 Amicum vidiſti expirantem, & ultima ejus ſuſpiria ex-
114 720 358 756 cepiſti. Hoc ſcio.
450 760 615 790 PHIL.
145 792 916 833 Non tu obſervaſti quomodo illi proximè adſiſtens, ap-
111 829 917 871 prehensâ ejus dexterâ, dum altiùs inclamo: Eraſte, agnos-
111 866 913 898 cis me. Ille fractos & morientes in me attollens oculos.
71 902 915 943 Agnoſco te, Philedone, inquit, æternùm pereo, & tu me
110 939 912 976 perdidiſti. Statimque averſo capite ingemuit, & expiravit.
109 974 911 1013 Hæccine vidiſti. Ariſtobule? hæccine audiviſti? à parte.
109 1011 912 1049 Æternùm pereo, & tu me perdidiſti. Iterùm decidit in ca-
109 1046 230 1078 thedram.
425 1087 593 1113 ARIST.
146 1119 911 1160 Horum aliquid vidi, quæ memoras, & aliquid inaudi-
109 1156 912 1195 vi; ſed vana delirantis animi iomnia neque attendi ſatis,
111 1193 586 1229 neque tu attendere nimiùm debes.
302 1230 724 1268 PHIL. ſedens loquitur.
102 1264 970 1297 Non hæc, amice, non hæc animi vana deliratio eſt. Sed
107 1299 972 1341 adoleſcentis æternùm pereuntis, & per me pereuntis, heu
60 1335 969 1376 nimiùm vera confeſſio. Iterùm ſurgit. Video te attonitum
104 1370 908 1410 hærere; & in iis, quæ dico, nihil intelligere. Quod igno-
105 1408 906 1446 ras diſce. Fine tibi adoſeſcentem pium, caſtum, vere-
106 1444 906 1484 cundum, animo, vultu, voce ad modeſtiam factum, ſtu-
102 1477 970 1518 dioſum virtutis, & per omnia virtuti ſimillimum; talis
99 1514 275 1545 fuit Eraſtus.
813 1710 892 1734 a-
150 1710 261 1735 t&
865 1718 997 1740 ti
