1000 1743
202 75 883 133 JUVENIS VOLUPTARIUS. 32S
355 141 564 174 ARIST.
120 175 885 218 Talem enim verò fuiſſe audivi; & aliquando talem cog-
14 210 152 251 novi.
413 251 554 278 PHIL.
114 283 887 326 Et talis nunc quoque foret; ſi me non cognoviſſet. Ex-
15 314 885 363 horreſcis! nonlum horrori locus. Audi me. Illum ego ru-
15 359 886 395 dem, & ignarum ad omnem nequitiam erudivi; invitum
15 394 886 436 ac nolentem ad omne flagitium illexi, pertraxi, præcipi-
17 433 887 474 tem impuli. Ille meis incitatus verbis, confirmatus exem-
79 469 886 512 plis, in omnes ſe voluptates immerſit, ſic vixit; ſic mor-
16 503 806 548 tuus eſt; ſic æternùm periit; ſic illum ego perdidi.
388 545 568 575 ARIST.
116 576 889 619 Terrere debent iſta, fateor, quæ narraſti; ſed omnem
17 615 761 652 de amici ſalute ſpem omninò abjicere non debes.
397 655 534 681 PHIL.
119 687 887 730 Fruſtra me de amico ſperare aliquid ultra velis. Ætey-
21 725 887 762 nùem periit Eraſtus, & illum ego perdidi. O Deus! ò juſte!
84 760 888 802 O vindex Deus! quid adoleſcentem alienâ fraude corrup-
20 796 888 840 tum rapis? quid corruptorem fraudulentum vivere ulteriùis
22 832 887 875 ſinis? Eraſtum ulciſcere! vindica te! Perde impium, per
83 870 797 911 quem tibi ſibique infelix adoleſcens æternùm periit.
129 928 743 947 &X 4 VX && X 4aVX
20 931 948 966 x - â x x xx,-
199 971 774 1009 SCENA XXVI.
120 1021 849 1057 POLYDROMUS, PHILEDONUS,
274 1059 705 1089 ARISTOBULUS.
280 1109 696 1146 POu. libros affert tremens.
26 1164 135 1201 2
92 1151 889 1190 LoS tibi Eraſti famulus refert libros, quos hero ſuo le-
157 1187 383 1224 gendos dederas.
305 1225 674 1263 PHIL. accipiens libro.
128 1259 895 1301 Hæc ipſa ſunt arma, quibus amici pudorem expugnavi;
93 1293 920 1335 hæc venena quibus animum ejus infeci. Hæ faces, quibus
93 1330 895 1372 in ejus caſtiſſimo pectore impuri amoris flammas impuriſſi-
29 1366 897 1408 mas accendi. Ah pereant libri exitiales, per quos ille æter-
95 1405 898 1443 nùm periit. Hos tu mihi, Polydrome, ignes ignibus extin-
94 1440 898 1480 gue, & abſume... heu me! quò me deinde vertam? quò
94 1475 900 1519 fugiam? ſtatutum eſt, in loca ſola me confero, ubi cum
96 1513 903 1552 nemine mortalium vivam, ubi & lugeam amicum, qui
669 1554 725 1586 X3
813 1710 910 1734 iaaa t
868 1718 997 1740 fi
