1188 1984
567 140 836 180 SEDECIAS
288 147 358 183 352
540 230 847 275 SEDECIAS.
691 311 1185 377 Abjectum hoc ſagum,
242 358 1185 423 Humilisque cultus, enſe viduatum latus,,
244 409 1185 467 Hæ fuſa me eircum cohors, qui ſim, docente
245 458 1185 537 Hoſtis ego captus:comes hic & belli, & fugæ.
244 510 1040 563 At ille (b), vitam cujus ut tuear, libens
247 558 1185 634 Meam paciſcor, hoc ſinu cxceptus, tener,
247 608 1062 664 Primisque ab annis, fiiii rmplevit vices.
251 659 1025 714 Galeas comantes inter, & clypeos fere
251 708 1185 770 eptavit infans. Martis ego non firma adhuc
249 758 1185 831 Erudii ad uſum membra: me cœpit duce
250 808 929 863 Criſpare gravia tela puerili manu.
251 858 1050 912 Adultus in ſpem Patriæ, mecum ferens
252 892 1185 964 Pericla belli carpſit heu quoties brevem
254 960 1185 1025 Acclinis haſtæ ſomnum: in objectas celer
256 1008 1185 1074 Quoties phalanges ſe tulit medium, viam,
256 1058 795 1112 Reditumque pandens enſe:
510 1144 900 1189 NABARDAN.
662 1189 1185 1264 Quorſum hæc? Par ecrat
260 1244 1046 1300 Potius doceri, ſpreta quid ſævi aggredi
263 1295 996 1347 Victoris ira poſſit. Hanc ſidens ſibi
258 1344 1185 1409 Probris laceſſit. Sed brevi ponet tumor
261 1390 1042 1446 Audacis animi, diſlcet & frænum pati,
553 1478 865 1519 SEDECIAS.
268 1530 757 1591 Qui ſtimulos iras acuir?
1020 1592 1186 1636 NA-
14 1685 78 1837 !
313 1737 1174 1797 Hataelemn inuit. b) Innuit Benaſarem,.
