1188 1984
557 134 820 172 SEDECIAS
283 152 356 191 4oo
237 213 1010 269 ui vix refulget ulla ſpes vitæ. Anxia
238 264 1011 322 Nos dctegendi cura quo ſpectet, puto
241 308 1185 371 Latere poſe neminem: hc mitto tamen.
242 362 1185 421 Fraudi quis unquam fidat, e noſtris ſtatim
244 413 1185 478 Quam quisque vrimo retegat intuitu? Tuo
244 462 1064 518 Transvecta juſſu nonne Babylonem petit
249 504 1185 576 Captiva turba Teſtis hæc fraudem ilico
249 573 518 628 Vulgabit ore.
517 643 904 692 NAnRDAN.
253 707 834 767 ,Poſſe, quæ demens amat,
255 743 1185 817 ,, Se quisque credit: remque metitur ſuis
259 807 697 866 ,, Mens cupida votis.
579 870 834 919 HAAEL.
735 915 1185 984 Firma niſi dictis fides
265 975 1068 1038 Conſtet, per artus ſera mors erret diu,
266 1023 1185 1091 Lanictquet miſeros, carcat & buſto cinis.
565 1109 849 1157 BENASAR.
266 1166 1061 1235 rede mihi, tacita mortis alienæ metus
268 1198 1185 1275 Reſeravit ora. Tuque da veniam interim
268 1261 1185 1323 Veniam merenti. Nulla gens eſt tam ferox,
272 1309 1186 1373 Cui decor honeſti non ſit inpretio.ld precor,
269 1361 1185 1432 Supplexque poſco, munere incolumis tuo
272 1406 1185 1476 Sit ille, pro me qui vadem ad mortem dedit
272 1458 1185 1528 Se nuper. Anne dederis id vitio, quod is
274 1514 1185 1577 Cum laude geſſit? Gratiæ acceptæ memor
276 1555 1181 1630 Semper ero, avitum non ſecus, quam ſi
934 1608 1185 1660 gradum
281 1673 599 1732 trique reddas.
1036 1718 1130 1762 NA-
