983 1369
149 28 670 61 ACTVVSIII. SCENAVI. 5
1 1 451 98 Anis tegatus lrenis infelis piis.
103 75 503 98 Si vera culpa noxium adſpergit Ducem3
95 97 519 121 Nos deprecemur ore:. ſ falſa eſt; manu.
1 116 558 153 5Hac ſeq́uere, properè miles, addenſa gradum.
94 159 546 185 SCENA SE XTA.
91 195 679 235 Eamuuchus Conftantinum iuniorem ſe-
124 234 602 266 ulat, ut Cri ſpi cædem urgeat. Sadet
125 240 675 303 t iudices ſelgat, qui corrumpi à ſe
126 297 218 331 pofint.
111 308 674 364 ÆvCmvs. oNSTnvs CovL.
1 362 664 393 4 EVN. N On ego vetuſtis nomen à Ceris traho
176 386 671 428 2 Obſcûrus heres: tirpe nec clarâ ſatusj
102 411 574 438 Pex ſceptra Regum nttor, & trabeas Ducomn,
105 435 508 458 Si quæris ex nepote quem patrem patris
55 455 538 480 Tertius ab illo cenſeam; mihi non liquet.
1 471 524 520 45 Avos, & atavos, generis & quidquid retro
107 502 516 527 Veteris meorum eſt, natus ex ipſis minos
108 523 477 549 dhuc reqiiro, laud nec gentis meâl
108 547 496 572 Noritas colorem dncit aliennm decus
75 571 669 625 Nec me parentum merita nec titnli eſferunt , j!
49 593 511 622 50 Sed propria virtus, nata mecum ſcilicer,
104 617 509 643 Moritnra mectumo, genere qui turget ſuo,
106 640 460 665 Aliena jactat: ipſe poſtremæ notæ
108 662 467 688 Servile nomen, quidlibet ſortis pati,
108 679 548 711 Simulare quidvis gnarus, & fraudum celes
50 708 548 736 55 Opifex, & omnis offci ad tempns capax,
106 730 563 757 VVerſae curam callidus, mentem & vagam
108 753 592 782 Mod huc, modo illuc flectere inſtructam dolis:
105 777 490 803 Virutis idem ſuaſor, & vultu tenus
106 800 538 825 Servire doctus tempori, & ſcelerum ſciens.
50 821 662 857 Ge QQem ftemma nullum, ſtigma ſed multum nat,
106 845 475 871 Præſcus ſalutis dicor Auguſæ Deus.
103 869 456 893 Hoc eſſe noſtræ pulcrius ſorti puto,
51 892 499 920 Claro tumenes genere Romanos Duces
100 914 453 937 Vel frande vel virue ſervari meâ;
38 937 523 963 5 Quim ſi ſuperba ſceprra Pelopejæ donms,
624 957 672 993 I
72 961 555 986 Ant ab vetuſto nomen Aſſaraco geram.
72 975 557 1009 Ceè paventem crimen Auguſtam ſum,
94 1006 494 1031 t impudicæ mentis agitatamn æſtibut,
83 1024 576 1056 Iam octuantem, & nauftagam, & dubiæ ſpei,
42 1050 558 1079 50 Et mentis inopem, morre de mediâ dolo.
93 1072 494 1101 Eripnit hujns dextea ſemiviri Phrygls.
90 1088 672 1130 Nunc mihi, quod unum reſtas, urgendâ eſt ſcelus,
88 1118 503 1148 Vt hic laniſta, quando praæcipiti in loco
537 1131 674 1172 eſa.!
646 1205 758 1246 s
