668 1233
165 65 491 98 IIERMENIGILDVS.
567 65 603 98 329

86 94 185 133 patientia
210 94 241 133 mea
263 94 359 133 miteſcet,

123 120 126 153 E
146 120 276 153 RASIST.
302 120 315 153 Tu
339 120 365 153 iIti
382 120 462 153 homini
475 120 488 153 te
505 120 598 153 inermem

84 147 156 179 credes
192 147 195 179 ô
225 147 294 179 iiſeram
324 147 366 179 vitæ
393 147 429 179 rati
441 147 501 179 oneml
519 147 522 179 õ
540 147 603 179 nimis

85 174 154 206 credul
160 174 184 206 am
205 174 214 206 in
235 174 328 206 propriis
346 174 445 206 periculis
460 174 583 206 innocentiã

83 202 140 233 crede
154 202 171 233 te
185 202 256 233 pdocius
267 202 374 233 immitium
394 202 504 233 belluarum
521 202 600 233 latibu-

82 227 115 259 lis,
136 227 190 259 crede
214 227 292 259 Leonum
322 227 453 259 Tigriumque
474 227 588 259 furoribus,

83 256 134 285 quam
157 256 171 285 te
185 256 213 285 iſti
230 256 261 285 per
270 256 318 285 fidiæ
335 256 394 285 comm
408 256 465 285 ittas.

123 281 294 316 HERMENIG.
322 281 322 316 Q
350 281 451 316 igitur,
469 281 594 316 Pugnandum

87 308 107 331 eſt

128 335 247 366 ERASIST.
293 335 397 366 Enimuero
422 335 548 366 pugnandum
579 335 600 366 eſt

85 362 164 394 quando
178 362 190 394 in
212 362 258 394 ſolis
272 362 331 394 armis
357 362 408 394 conſt
416 362 484 394 itutam
518 362 549 394 eſſe
569 362 594 394 ſa-

81 389 138 419 Iutem
158 389 288 419 inimicorum
314 389 379 419 voluit
393 389 520 419 immanitas,
529 389 563 419 non
583 389 597 419 is

83 416 86 448 e
113 416 119 448 o
134 416 191 448 ſum,
206 416 236 448 qui
254 416 311 448 nefas
332 416 443 448 ſuadeam,
464 416 494 448 qui
509 416 590 448 probem

80 443 146 473 parric
155 443 227 473 idium:
251 443 311 473 magna
328 443 355 473 vis
379 443 400 473 eſt
421 443 487 473 fateor
514 443 592 473 paterni

81 470 124 500 ſang
132 470 194 500 uinis,
214 470 268 500 cuius
285 470 293 500 ſi
310 470 349 500 quæ
369 470 403 500 mac
412 470 437 500 ula
457 470 553 500 conceepta
572 470 592 500 eſt

80 496 82 525 à
103 496 191 525 corpore
215 496 274 525 manat
287 496 295 525 in
316 496 319 525 a
332 496 409 525 nimos,
425 496 438 525 &
462 496 537 525 mentem
561 496 593 525 in-

82 523 178 551 expiabili
193 523 238 551 ſacri
247 523 301 551 legio
316 523 432 551 irretitam,
453 523 546 551 dementia
561 523 591 551 at-

82 549 115 580 que
130 549 199 580 furore
217 549 331 580 confundit.
351 549 390 580 Non
411 549 447 580 hoc
465 549 504 580 ago
528 549 543 580 vt
561 549 591 580 pa-

86 576 122 608 tris
137 576 209 608 iugulo
227 576 296 608 ferrum
314 576 416 608 intentes,
425 576 452 608 ſed
470 576 485 608 vt
503 576 554 608 vitam
569 576 584 608 ab

75 598 205 633 inimicorum
228 598 256 633 qui
271 598 341 633 patrem
367 598 494 633 circunſtant,
503 598 582 633 atroci-

80 631 123 662 tate.
137 631 238 662 vendices:
250 631 303 662 vtere
317 631 394 662 naturæ
411 631 490 662 legibus
509 631 552 662 quas
569 631 571 662 n

78 657 148 687 beliuæ
167 657 240 687 quidem
259 657 259 687 i
284 657 369 687 norant,
385 657 414 687 vim
442 657 521 687 repelle
543 657 556 687 vi
569 657 594 687 ri-

77 681 119 715 bus,
131 681 191 715 aſſere
209 681 224 715 te
236 681 248 715 in
272 681 301 715 eam
325 681 373 715 quam
400 681 460 715 potes
481 681 592 715 libertatẽ.

88 712 136 741 Quòd
151 712 160 741 ſi
178 712 262 741 ciuilium
280 712 340 741 nobis
361 712 463 741 armorum
490 712 589 741 ſubeunda

77 738 100 769 eſt
119 738 242 769 crudelitas,
261 738 302 769 facia
324 738 362 769 mus
378 738 441 769 ſaltem
470 738 523 769 quod
542 738 593 769 honi

83 763 206 794 gladiatores
221 763 305 794 ſolent,
332 763 350 794 vt
368 763 437 794 ferrum
476 763 533 794 virili
548 763 593 794 ani-

80 793 105 822 mo
131 793 170 822 exci
179 793 286 822 piamus:
312 793 348 822 Sed
382 793 430 822 omen
464 793 512 822 Deus
529 793 588 822 auer-

75 819 108 849 tat,
123 819 180 849 omnia
201 819 210 849 ſi
228 819 252 849 vis
267 819 279 849 in
300 819 344 849 tuto
359 819 413 849 ſunt.
437 819 455 849 Te
476 819 512 849 flos
539 819 587 849 mili-

76 845 88 876 ri
103 845 106 876 æ
124 845 220 876 delibatus
235 845 247 876 ſt
256 845 304 876 ipat,
310 845 328 876 ap
346 845 418 876 paratæ
439 845 484 876 ſunt
508 845 589 876 copiæ,

76 871 142 903 illibat
160 871 163 903 æ
178 871 253 903 pecuni
268 871 280 903 æ,
289 871 337 903 boni
352 871 415 903 ſocis,
427 871 487 903 amici
502 871 589 903 ſideles,

77 901 205 929 commaatus
219 901 360 929 proſluentes,
377 901 431 929 caſtra
451 901 527 929 oppidò
541 901 589 929 per-

76 953 136 983 defuit
150 953 251 983 hominum
274 953 311 983 vict
322 953 350 983 or,
370 953 463 983 ſcelerum
480 953 511 983 que
536 953 587 983 triũ-

78 980 148 1016 phator
158 980 248 1016 animus,
261 980 368 1016 proximam
388 980 501 1016 libertatem
525 980 592 1016 video.
