667 1228
159 39 491 72 uERMENIGIIDVS.
558 39 575 72 3S

105 68 171 98 Vtinam
192 68 243 98 princ
255 68 285 98 eps
306 68 389 98 optime,
398 68 467 98 poſſem
488 68 524 98 tibi
539 68 572 98 vno

74 94 136 124 aſpect
145 94 145 124 u
169 94 181 124 ob
205 94 274 124 oculos
289 94 364 124 ponere
382 94 478 124 gemitus,
490 94 547 124 ſuſpir
556 94 583 124 ii,

78 122 166 150 turbines
177 122 254 150 acerbæ
271 122 401 150 calamitatis,
423 122 463 150 quib
477 122 497 150 us
511 122 520 150 in
542 122 582 150 hoc

74 146 212 175 impendentis
227 146 272 175 belll
292 146 334 175 metu
360 146 402 175 gens
425 146 451 175 tua
476 146 581 175 conflicta-

76 174 118 203 tur:
132 174 169 203 ſcio
183 174 222 203 quia
237 174 265 203 iſta
290 174 316 203 tua
344 174 448 203 oculorum
471 174 528 203 fulgur
556 174 581 203 re-

71 201 114 231 pentè
128 201 136 231 in
159 201 278 231 larhrymarum
306 201 366 231 imbres
386 201 502 231 liqueſcerent.
539 201 581 231 Quid

80 228 173 258 mitiſimo
193 228 235 258 pect
247 228 272 258 ori
289 228 337 258 tuo,
357 228 391 258 cum
411 228 450 258 iſtis
462 228 524 258 armis
541 228 577 258 que

72 253 92 285 ad
106 253 157 285 patri
174 253 174 285 æ
191 253 312 285 ſubſidium,
326 253 360 285 non
377 253 397 285 ad
414 253 507 285 terrorem
529 253 577 285 ciuiũ

77 281 125 310 exeri
143 281 263 310 oportuerat
287 281 324 310 qnid
337 281 361 310 per
380 281 454 310 ircuitum
478 281 507 310 peti
531 281 566 310 glori

73 307 102 335 qua
116 307 124 335 in
147 307 175 335 man
209 307 232 335 eſt?
266 307 283 335 Te
306 307 371 335 Regem
407 307 515 335 Gothorum
540 307 572 335 non

74 332 193 364 perditorem
215 332 247 364 fata
268 332 385 364 voluerunt.
407 332 428 364 Via
444 332 473 364 tibi
489 332 508 364 ad
529 332 582 364 impe-

82 361 109 391 ium
125 361 165 391 tota,
181 361 181 391 i
191 361 215 391 nos
228 361 284 391 audis,
311 361 335 391 leis
348 361 393 391 trata
415 361 436 391 eſt,
447 361 476 391 per
492 361 537 391 hanc
553 361 577 391 nõ

75 387 104 420 per
126 387 259 420 miſerabilium
287 387 357 420 ciuium
369 387 369 420 ·
388 387 461 420 ſtraes
480 387 524 420 licet
546 387 581 420 tibi

95 414 223 441 onſcendere.

101 440 188 470 HERM.
212 440 260 470 Pacis
281 440 302 470 me
317 440 391 470 ſemper
403 440 514 470 amatorem
544 440 577 470 ha-

74 466 140 496 buiſtis
164 466 221 496 Duces
236 466 356 496 fortiſſimi,
368 466 419 496 nune
437 466 500 496 autem
521 466 533 496 &
545 466 581 496 au-

76 493 133 520 thorẽ
147 493 164 520 vt
178 493 232 520 ſpero
246 493 359 520 habebitis,
371 493 399 520 vbi
413 493 433 520 eſt
447 493 577 520 frarermeus:

122 519 176 549 LEG.
194 519 332 549 MOXaderit.

83 592 362 630 RECAREDVS
413 592 543 630 FR2

181 630 276 656 HERM
296 630 479 656 ENIGILDI.

112 669 315 713 Suadetreditum
338 669 369 713 ad
395 669 499 713 Patrem,
552 669 552 713 &

258 711 397 751 perſuadet.

151 759 249 789 Ntequam
268 759 281 789 ea
300 759 353 789 dicam
376 759 417 789 quæ
429 759 432 789 à
455 759 474 789 me
489 759 581 789 legatio-

146 783 176 816 nis
194 783 245 816 ratio
260 783 355 816 poſtular,
364 783 412 816 ſcire
430 783 481 816 aueo
502 783 520 816 ad
541 783 577 816 fra-

150 813 227 840 tremne
238 813 252 840 an
272 813 292 840 ad
306 813 377 840 hoſtem
400 813 482 840 venerim

131 826 135 868 .
155 826 218 868 Frater
231 826 278 868 ſum,
294 826 401 868 Recarede,
411 826 471 868 frater
491 826 537 868 ſum,
551 826 581 868 ae-

72 865 114 896 cede
129 865 147 896 cõ
156 865 207 896 plect
219 865 255 896 ere,
267 865 270 896 ô
288 865 345 896 frarer
366 865 474 896 Recarede,
489 865 489 896 ô
507 865 579 896 frater.

74 892 134 921 REC.
150 892 181 921 Me
200 892 279 921 miſerum
302 892 339 921 quæ
355 892 409 921 caſtra
431 892 472 921 olim
491 892 574 921 hoſtium

70 918 142 949 ſpoliis
157 918 208 949 læta,
220 918 271 949 nunc
289 918 349 949 mœſta
370 918 463 949 videntur
481 918 493 949 &
508 918 580 949 lugen-

68 946 88 975 tia
111 946 159 975 tanti
173 946 199 975 fac
207 946 275 975 inoris
292 946 380 975 cladibus
394 946 473 975 ingemi
482 946 519 975 ſcer
533 946 541 975 e,
550 946 581 975 hic

68 972 88 1003 fra
102 972 136 1003 ter,
145 972 156 1003 in
176 972 272 1003 proximo
292 972 309 1003 eſt
325 972 396 1003 pater,
413 972 495 1003 verque
515 972 574 1003 armis

67 997 151 1030 infeſtus
166 997 265 1030 incurrit:
283 997 328 1030 quid
346 997 397 1030 agam
421 997 523 1030 intœlix,
544 997 559 1030 ni
571 997 580 1030 ſi

71 1026 156 1056 vtrĩuſq;
173 1026 275 1056 exercitus
292 1026 371 1056 pondus
388 1026 425 1056 exci
436 1026 473 1056 piã,
482 1026 496 1056 &
507 1026 544 1056 ier
555 1026 578 1056 ad

70 1051 145 1089 facinus
168 1051 202 1089 meo
224 1051 234 1089 ſi
253 1051 313 1089 poſſim
338 1051 423 1089 corpore
464 1051 528 1089 enitus
550 1051 575 1089 o-

72 1079 158 1106 ciudum.
