665 1216
75 23 75 74 3
155 23 483 74 HERMENIGILDVS

67 51 127 97 rentis
142 51 154 97 in
178 51 241 97 cædem
262 51 382 97 innocentis
394 51 451 97 armar
463 51 508 97 unt,
529 51 586 97 nune

62 91 125 121 autem
149 91 155 121 ſi
173 91 233 121 omnia
254 91 356 121 conſopita
374 91 413 121 ſunt
431 91 443 121 vt
461 91 533 121 cicis,
560 91 587 121 ſe-

73 113 119 153 quor
136 113 159 153 te,
176 113 189 153 &
209 113 246 153 ſola
279 113 366 153 munitus
386 113 495 153 innocentia
542 113 589 153 atri

68 148 165 174 imbelles
187 148 252 174 manus
269 148 275 174 o
283 148 340 174 ſfero.

104 172 191 200 Præcede
206 172 275 200 frater,
287 172 344 200 ſtatim
365 172 449 200 ſequor.

97 188 216 235 ERASIST.
230 188 317 235 Miſerum
345 188 366 235 me
407 188 473 235 Pergis
498 188 585 235 Herme-

71 221 149 260 nigilde
161 221 170 260 in
194 221 242 260 carni
251 221 353 260 ficinam:
379 221 448 260 vtinam
478 221 535 260 vanus
553 221 577 260 fim

70 249 141 286 angur,
153 249 178 286 ſed
195 249 255 286 timeo
272 249 300 286 iſta
331 249 436 286 verborum
464 249 524 286 Ienoc
532 249 569 286 inia

76 274 133 312 timeo
169 274 229 312 andam
259 274 412 312 ſerenitatem,
433 274 454 312 ſu:
466 274 520 312 pecta
547 274 589 312 ſunt

76 301 147 334 omnia.
164 301 189 334 Ad
201 301 294 334 ſummum
317 301 322 334 ſi
342 301 365 334 me
373 301 430 334 audis
444 301 514 334 frtunæ
537 301 545 334 &
560 301 594 334 na-

72 335 95 361 uer
132 335 167 361 male
184 335 261 361 ereditur.

115 347 199 391 HERM.
216 347 265 391 Noli
279 347 377 391 quidpiam
404 347 498 391 ſniſtrum
526 347 596 391 ſuſpi-

78 382 114 415 cari
129 382 168 415 (mi
189 382 315 415 Eraſiſtrae)
330 382 342 415 in
375 382 438 415 enuus
453 382 474 415 eſt
492 382 576 415 frater.

124 399 244 442 ERASIST.
260 399 339 442 Sequor
355 399 371 442 te
383 399 405 442 ad
418 399 485 442 peſtem
507 399 557 442 ante
579 399 595 442 o-

81 435 135 470 culos
159 435 258 470 poſitam,
285 435 333 470 malo
351 435 354 470 à
384 435 399 470 te
426 435 528 470 conſilium
555 435 588 470 non

78 463 138 497 proba
152 463 163 497 ri
183 463 251 497 meum,
271 463 319 497 quam
341 463 446 497 deſiderari
460 463 528 497 fidem.

111 477 168 527 DVR.
188 477 225 527 Ego
241 477 255 527 te
268 477 298 527 per
314 477 361 527 iſtam
388 477 487 527 dextram,
517 477 547 527 per
567 477 597 527 ge-

81 508 153 553 nium,
174 508 276 553 Princeps,
291 508 371 553 obſecro
386 508 425 553 tuis
440 508 485 553 poti
494 508 524 553 us,
545 508 587 553 qm

82 541 174 580 hoſtibus
193 541 253 580 crede,
268 541 309 580 noli
325 541 373 580 tanti
398 541 521 580 diſcriminis
530 541 587 580 aleam

87 579 112 605 ſub
125 579 128 605 i
137 579 162 605 re.

129 581 217 633 HERM.
243 581 286 633 Quid
305 581 323 633 me
338 581 476 633 excruciatis?
491 581 531 633 alea
553 581 593 633 iaa

90 624 118 661 eſt,
140 624 188 661 malo
200 624 267 661 alieno
282 624 352 661 ſcelere
374 624 466 661 extingui
494 624 545 661 quam
579 624 598 661 ti-

92 660 180 686 miditate
201 660 241 686 mea,
254 660 323 686 eamus.

100 741 221 793 Alaricus
238 741 412 793 præmittitur
433 741 437 793 à
470 741 533 793 Reσe
582 741 603 793 ui

507 774 513 795 0

160 790 392 832 Hermenigildum
416 790 544 832 excipiat.

260 863 456 896 ALARICVS.

111 910 348 950 nVnquamSolem
368 910 404 950 vidi
421 910 551 950 placidiorem
574 910 608 950 no-

110 944 110 978 ſ
179 944 205 978 bis
237 944 321 978 odierno
332 944 431 978 illuxiſſe,
449 944 602 978 Hermenigilde

184 971 285 1002 Princeps,
314 971 405 1002 ropera,
431 971 466 1002 dici
481 971 516 1002 non
541 971 602 1002 poteſt

99 992 165 1035 quanta
185 992 202 1035 ſit
215 992 228 1035 in
252 992 318 1035 caſtris
338 992 365 1035 tui
385 992 491 1035 aduentus
514 992 591 1035 expecta

97 1029 134 1049 tiO.

117 1047 147 1091 HE
159 1047 178 1091 R.
197 1047 224 1091 Ain
251 1047 281 1091 tu:
301 1047 327 1091 vbi
343 1047 366 1091 eſt
381 1047 435 1091 rater
458 1047 511 1091 meus?
