668 1229
143 44 235 88 HERM
258 44 471 88 ENIGILDVS.
544 44 548 88 3

84 195 309 234 IGERDES.
349 195 448 234 REX.
493 195 583 234 LEV-

109 230 161 271 gildo
178 230 318 271 afferuntur
331 230 401 271 nuuci
411 230 415 271 j
436 230 453 271 de
481 230 551 271 Reca-

136 272 182 311 redi
198 272 282 311 reditu,
312 272 320 311 &
343 272 522 311 Hermenigildi

259 313 373 340 aduentu.

267 388 430 417 EVIGILD.

159 453 177 484 Ge
190 453 323 484 adoleſcens,
351 453 408 484 ocyus
430 453 446 484 ex
458 453 515 484 pedi,
531 453 575 484 quid

150 481 245 515 nuncias:

167 506 240 537 IGER.
265 506 319 537 Redit
338 506 350 537 in
375 506 429 537 caſtra
454 506 574 537 Recaredus,

92 525 155 563 orenti
181 525 196 563 vt
219 525 272 563 video
298 525 377 563 militum
408 525 468 563 globo
487 525 576 563 præcin-

72 560 83 597 ct
92 560 120 597 us,
131 560 146 597 ai
157 560 191 597 unt
202 560 213 597 in
230 560 273 597 ipſo
290 560 383 597 comitatu
403 560 482 597 fratrem
504 560 544 597 eſſe.

98 587 188 615 LEVIG.
208 587 234 615 Ain
258 587 284 615 tuf

92 605 171 644 IGER.
186 605 224 644 Aio
240 605 290 644 quod
306 605 344 644 ipſe
357 605 385 644 his
401 605 464 644 oculis
480 605 524 644 vidi.

13 640 193 670 0LEVIG.
222 640 263 670 Quid
282 640 345 670 igitur
364 640 434 670 ſiniſtii
459 640 490 670 dict
500 640 579 670 itabant

10 668 10 697 0
69 668 106 697 iſti,
120 668 165 697 ſigna
182 668 213 697 iam
236 668 250 697 ex
264 668 290 697 ho
298 668 346 697 ſtium
369 668 423 697 parte
440 668 544 697 commoue
555 668 575 697 ri-

99 691 172 724 IGER.
201 691 245 724 Quid
267 691 352 724 dixerint
374 691 406 724 alij
422 691 504 724 neſcio,
526 691 580 724 quod

72 718 106 746 vidi
123 718 159 746 hoc
171 718 261 746 affirno.

95 742 206 779 Recaredus
224 742 292 779 Præſto
307 742 337 779 eſt,
346 742 367 779 &,
382 742 478 779 magnævt
493 742 577 779 opinor,

70 768 149 808 Iætitiæ
165 768 263 808 nuncius.

94 800 175 831 SOPH.
199 800 244 831 Deus
259 800 397 831 immortalis:
409 800 499 831 quantum
520 800 541 831 eſt
559 800 571 831 in

74 812 119 858 mora
140 812 257 858 remedium:
269 812 299 858 hic
314 812 440 858 feliciſſimus
464 812 572 858 Gothorum

68 850 149 885 populo
167 850 203 885 dies
221 850 262 885 meis
280 850 367 885 conſiliis
379 850 493 885 illuceſcet.

103 881 192 912 LEVIG.
220 881 248 912 Fac
271 881 305 912 citò
321 881 324 912 i
337 881 340 912 n
365 881 428 912 patris
447 881 571 912 complexum

73 907 143 944 veniat.

86 935 187 967 IGERD.
215 935 257 967 Quid
271 935 278 967 ſi
299 935 337 967 ĩpſe
358 935 529 967 Hermenigildus
550 935 578 967 ve-

69 946 128 989 nerit?

96 991 186 1018 LEVIG.
201 991 222 1018 De
234 991 270 1018 hoc
282 991 339 1018 aliàs,
351 991 402 1018 nunc
423 991 528 1018 mandatum
549 991 579 1018 cu-

73 1013 95 1047 ra.
117 1013 180 1047 Leuig.
196 1013 266 1047 Recar.

105 1044 133 1073 Fili
150 1044 192 1073 quid
203 1044 263 1073 affers
280 1044 316 1073 eito
336 1044 421 1073 expone.

129 1066 225 1100 RECAR.
255 1066 318 1100 Lætos
338 1066 351 1100 &
371 1066 470 1100 forentes
487 1066 573 1100 nuncios

426 1099 468 1127 Yĩii
