686 1224
97 56 128 88 2t
193 56 510 88 HERMENIGILDVS

402 169 528 251 XXX

232 251 267 291 res
284 251 501 291 Hermenigildi.

112 315 156 360 Eius
174 315 273 360 reditum
295 315 467 360 extimeſcunt,
508 315 515 360 &
541 315 618 360 nouas

190 357 329 401 calumnias
354 357 515 401 meditæntur.

224 421 481 451 HERMENIGIL

137 486 222 517 Actatur
238 486 257 517 vt
270 486 323 517 vides
336 486 438 517 nauigium
457 486 552 517 noſtrum
580 486 612 517 me-

141 501 174 544 diis
184 501 197 544 in
217 501 311 544 ſluctibus
327 501 437 544 præferoci
451 501 517 544 tempe
527 501 584 544 ſtatc,
611 501 617 544 ũ

122 542 241 570 Limpotent
249 542 263 570 is
278 542 317 570 fœm
331 542 368 570 inæ
379 542 450 570 ſtudiis
464 542 515 570 ſerui
524 542 527 570 l
535 542 563 570 iùs
586 542 614 570 ob-

98 562 215 599 ſequimur:
227 562 374 599 adortiſumus
389 562 479 599 iuuencm
503 562 515 599 in
536 562 560 599 hot
581 562 614 599 fer-

98 596 134 626 tuna
151 596 160 626 fa
171 596 213 626 ſtigio
225 596 301 626 poſitum,
318 596 358 626 vnde
369 596 409 626 iacul
414 596 440 626 ari
457 596 496 626 ſulm
510 596 513 626 e
539 596 541 626 p
555 596 606 626 oſsit.

236 648 478 704 aXXXX

104 695 121 731 x0
135 695 172 731 neg
183 695 223 731 otio
237 695 251 731 ſe
265 695 384 731 expedinit,
395 695 415 731 ad
438 695 509 731 patrem
537 695 554 731 re
571 695 591 731 di
591 695 667 731 .,l

97 728 118 760 ad
136 728 283 760 colloquium,
304 728 325 760 ad
340 728 480 760 ampleu,
501 728 522 760 ad
543 728 543 760 1
570 728 621 760 .

100 754 177 783 epuilas,
188 754 210 783 ad
222 754 281 783 lætam
329 754 431 783 ſorentem
450 754 530 783 priſtini
546 754 583 783 ſtat
592 754 614 783 ux

102 780 219 813 dignitatem
234 780 330 813 admiſſus
348 780 375 813 eſt.
399 780 441 813 Quid
462 780 525 813 moror
573 780 618 813 om-

252 764 582 842 :axs

100 833 199 862 culeneum
220 833 255 862 ſuæ
268 833 367 862 innocent
378 833 396 862 iæ
412 833 436 862 rel
444 833 498 862 iquit
519 833 615 862 teſtimo-

101 837 165 901 nium.
181 837 208 901 Iam
231 837 288 901 reſtat
308 837 321 901 vt
335 837 398 901 parum
418 837 498 901 fœlicis
508 837 518 901 in
545 837 561 901 eo
581 837 618 901 op-

99 886 207 916 primendo
231 886 348 916 molitionis
369 886 477 916 peticulum
507 886 516 916 in
543 886 567 916 no
579 886 588 916 ſt
600 886 612 916 ra

100 914 160 945 canita
179 914 340 945 retorqueatur,
355 914 388 945 niſi
408 914 420 945 tu
442 914 524 945 fortaſſe
544 914 555 945 in
581 914 617 945 re-

99 940 132 973 bus
153 940 282 973 turbulentis
312 940 360 973 Deum
387 940 399 973 el
405 940 453 973 icias
477 940 477 973 è
507 940 618 973 machina,

137 957 137 1015 l
165 957 340 1015 :s
289 957 289 1015 e
363 957 408 1015 vin
425 957 504 1015 ooos
526 957 622 1015 sis-

115 1013 188 1051 Animo
207 1013 280 1051 tantum
302 1013 399 1051 præſenti
415 1013 463 1051 opus
481 1013 516 1051 eſt:
538 1013 576 1051 quò
601 1013 614 1051 ſe

98 1027 165 1082 totius
181 1027 263 1082 negotii
279 1027 351 1082 condat
367 1027 443 1082 nodus,
453 1027 560 1082 peruideo,
576 1027 588 1082 &
611 1027 614 1082 à

100 1066 120 1117 me
133 1066 233 1117 ſuperiſne
253 1066 306 1117 dicam
323 1066 336 1117 an
356 1066 429 1117 interis
442 1066 565 1117 fauentibus
585 1066 611 1117 ca:
