<PcGts xmlns="http://schema.primaresearch.org/PAGE/gts/pagecontent/2019-07-15" xmlns:xsi="http://www.w3.org/2001/XMLSchema-instance" xsi:schemaLocation="http://schema.primaresearch.org/PAGE/gts/pagecontent/2019-07-15 http://schema.primaresearch.org/PAGE/gts/pagecontent/2019-07-15/pagecontent.xsd">
  <Metadata>
    <Creator>OCR4all</Creator>
    <Created>2022-01-21T22:12:51</Created>
    <LastChange>2022-01-21T22:12:51</LastChange>
  </Metadata>
  <Page imageFilename="0357.png" imageHeight="1230" imageWidth="665">
    <TextRegion id="r0" type="paragraph">
      <Coords points="1,1 663,1 663,1228 1,1228"/>
      <TextLine id="r0_l001">
        <Coords points="213,32 259,32 259,8 213,8 213,32"/>
        <TextEquiv index="1" conf="0.0">
          <Unicode></Unicode>
        </TextEquiv>
      </TextLine>
      <TextLine id="r0_l002">
        <Coords points="523,82 524,81 534,81 535,80 536,80 538,78 551,78 551,63 551,62 527,62 526,61 523,61 522,61 522,57 522,56 437,56 436,55 433,55 432,54 338,54 337,53 251,53 250,53 250,52 250,51 248,51 247,52 246,52 245,53 244,54 244,55 110,55 109,56 109,73 108,74 108,75 109,75 120,75 121,76 254,76 254,77 254,82 255,82 258,82 258,77 259,76 267,76 405,76 406,77 519,77 519,78 519,79 518,80 520,81 521,81 522,82 523,82"/>
        <Word id="w51125">
          <Coords points="114,51 444,51 444,82 114,82"/>
          <Glyph id="w51125g0">
            <Coords points="114,51 126,51 126,82 114,82"/>
            <TextEquiv index="1" conf="0.9701915144920348">
              <Unicode>H</Unicode>
            </TextEquiv>
          </Glyph>
          <Glyph id="w51125g1">
            <Coords points="145,51 149,51 149,82 145,82"/>
            <TextEquiv index="1" conf="0.9917645335197449">
              <Unicode>E</Unicode>
            </TextEquiv>
          </Glyph>
          <Glyph id="w51125g2">
            <Coords points="172,51 180,51 180,82 172,82"/>
            <TextEquiv index="1" conf="0.9979080915451048">
              <Unicode>R</Unicode>
            </TextEquiv>
          </Glyph>
          <Glyph id="w51125g3">
            <Coords points="195,51 210,51 210,82 195,82"/>
            <TextEquiv index="1" conf="0.9883981585502625">
              <Unicode>M</Unicode>
            </TextEquiv>
          </Glyph>
          <Glyph id="w51125g4">
            <Coords points="233,51 237,51 237,82 233,82"/>
            <TextEquiv index="1" conf="0.9938009619712829">
              <Unicode>E</Unicode>
            </TextEquiv>
          </Glyph>
          <Glyph id="w51125g5">
            <Coords points="252,51 264,51 264,82 252,82"/>
            <TextEquiv index="1" conf="0.9973847508430482">
              <Unicode>N</Unicode>
            </TextEquiv>
          </Glyph>
          <Glyph id="w51125g6">
            <Coords points="283,51 283,51 283,82 283,82"/>
            <TextEquiv index="1" conf="0.9975012660026551">
              <Unicode>I</Unicode>
            </TextEquiv>
          </Glyph>
          <Glyph id="w51125g7">
            <Coords points="310,51 314,51 314,82 310,82"/>
            <TextEquiv index="1" conf="0.9962751746177674">
              <Unicode>G</Unicode>
            </TextEquiv>
          </Glyph>
          <Glyph id="w51125g8">
            <Coords points="329,51 333,51 333,82 329,82"/>
            <TextEquiv index="1" conf="0.9892736196517944">
              <Unicode>I</Unicode>
            </TextEquiv>
          </Glyph>
          <Glyph id="w51125g9">
            <Coords points="356,51 359,51 359,82 356,82"/>
            <TextEquiv index="1" conf="0.9979342222213745">
              <Unicode>L</Unicode>
            </TextEquiv>
          </Glyph>
          <Glyph id="w51125g10">
            <Coords points="379,51 386,51 386,82 379,82"/>
            <TextEquiv index="1" conf="0.9981933236122131">
              <Unicode>D</Unicode>
            </TextEquiv>
          </Glyph>
          <Glyph id="w51125g11">
            <Coords points="409,51 413,51 413,82 409,82"/>
            <TextEquiv index="1" conf="0.9827899694442749">
              <Unicode>V</Unicode>
            </TextEquiv>
          </Glyph>
          <Glyph id="w51125g12">
            <Coords points="432,51 436,51 436,82 432,82"/>
            <TextEquiv index="1" conf="0.9983200788497926">
              <Unicode>S</Unicode>
            </TextEquiv>
          </Glyph>
          <Glyph id="w51125g13">
            <Coords points="444,51 444,51 444,82 444,82"/>
            <TextEquiv index="1" conf="0.9956462502479553">
              <Unicode>.</Unicode>
            </TextEquiv>
          </Glyph>
          <TextEquiv index="1" conf="0.8999367909218702">
            <Unicode>HERMENIGILDVS.</Unicode>
          </TextEquiv>
        </Word>
        <Word id="w51126">
          <Coords points="520,51 547,51 547,82 520,82"/>
          <Glyph id="w51126g0">
            <Coords points="520,51 524,51 524,82 520,82"/>
            <TextEquiv index="1" conf="0.9647900462150574">
              <Unicode>3</Unicode>
            </TextEquiv>
          </Glyph>
          <Glyph id="w51126g1">
            <Coords points="536,51 536,51 536,82 536,82"/>
            <TextEquiv index="1" conf="0.41065381964047754">
              <Unicode>S</Unicode>
            </TextEquiv>
          </Glyph>
          <Glyph id="w51126g2">
            <Coords points="547,51 547,51 547,82 547,82"/>
            <TextEquiv index="1" conf="0.4101080099741618">
              <Unicode>I</Unicode>
            </TextEquiv>
          </Glyph>
          <TextEquiv index="1" conf="0.16248262720923792">
            <Unicode>3SI</Unicode>
          </TextEquiv>
        </Word>
        <TextEquiv index="1" conf="0.9254947460359997">
          <Unicode>HERMENIGILDVS. 3SI</Unicode>
        </TextEquiv>
      </TextLine>
      <TextLine id="r0_l003">
        <Coords points="164,109 164,103 165,102 188,102 189,101 291,101 292,100 302,100 303,99 303,82 303,81 278,81 277,80 265,80 264,81 263,81 262,82 255,82 254,83 254,88 253,89 219,89 218,88 164,88 163,89 149,89 148,90 147,90 144,93 144,94 143,95 143,96 121,96 120,96 120,85 119,83 96,83 95,82 74,82 73,81 69,81 68,82 63,82 61,84 61,100 60,101 60,103 61,103 64,103 65,102 108,102 109,103 110,103 111,102 148,102 150,104 152,104 154,106 155,106 156,107 157,107 158,108 159,108 160,109 164,109"/>
        <Word id="w51127">
          <Coords points="73,80 123,80 123,109 73,109"/>
          <Glyph id="w51127g0">
            <Coords points="73,80 77,80 77,109 73,109"/>
            <TextEquiv index="1" conf="0.9949962735176086">
              <Unicode>L</Unicode>
            </TextEquiv>
          </Glyph>
          <Glyph id="w51127g1">
            <Coords points="90,80 93,80 93,109 90,109"/>
            <TextEquiv index="1" conf="0.9995904445648194">
              <Unicode>E</Unicode>
            </TextEquiv>
          </Glyph>
          <Glyph id="w51127g2">
            <Coords points="110,80 113,80 113,109 110,109"/>
            <TextEquiv index="1" conf="0.9957558751106261">
              <Unicode>V</Unicode>
            </TextEquiv>
          </Glyph>
          <Glyph id="w51127g3">
            <Coords points="119,80 123,80 123,109 119,109"/>
            <TextEquiv index="1" conf="0.986984145641327">
              <Unicode>.</Unicode>
            </TextEquiv>
          </Glyph>
          <TextEquiv index="1" conf="0.9774771278904039">
            <Unicode>LEV.</Unicode>
          </TextEquiv>
        </Word>
        <Word id="w51128">
          <Coords points="152,80 232,80 232,109 152,109"/>
          <Glyph id="w51128g0">
            <Coords points="152,80 152,80 152,109 152,109"/>
            <TextEquiv index="1" conf="0.5594280060380697">
              <Unicode>Q</Unicode>
            </TextEquiv>
          </Glyph>
          <Glyph id="w51128g1">
            <Coords points="159,80 162,80 162,109 159,109"/>
            <TextEquiv index="1" conf="0.9990243554115297">
              <Unicode>u</Unicode>
            </TextEquiv>
          </Glyph>
          <Glyph id="w51128g2">
            <Coords points="185,80 185,80 185,109 185,109"/>
            <TextEquiv index="1" conf="0.999277400970459">
              <Unicode>æ</Unicode>
            </TextEquiv>
          </Glyph>
          <Glyph id="w51128g3">
            <Coords points="195,80 195,80 195,109 195,109"/>
            <TextEquiv index="1" conf="0.9999029517173768">
              <Unicode>n</Unicode>
            </TextEquiv>
          </Glyph>
          <Glyph id="w51128g4">
            <Coords points="209,80 212,80 212,109 209,109"/>
            <TextEquiv index="1" conf="0.9999810695648194">
              <Unicode>a</Unicode>
            </TextEquiv>
          </Glyph>
          <Glyph id="w51128g5">
            <Coords points="228,80 232,80 232,109 228,109"/>
            <TextEquiv index="1" conf="0.9999695301055908">
              <Unicode>m</Unicode>
            </TextEquiv>
          </Glyph>
          <TextEquiv index="1" conf="0.5583965700132014">
            <Unicode>Quænam</Unicode>
          </TextEquiv>
        </Word>
        <Word id="w51129">
          <Coords points="251,80 281,80 281,109 251,109"/>
          <Glyph id="w51129g0">
            <Coords points="251,80 251,80 251,109 251,109"/>
            <TextEquiv index="1" conf="0.9967005372047426">
              <Unicode>i</Unicode>
            </TextEquiv>
          </Glyph>
          <Glyph id="w51129g1">
            <Coords points="261,80 261,80 261,109 261,109"/>
            <TextEquiv index="1" conf="0.9943210005760192">
              <Unicode>l</Unicode>
            </TextEquiv>
          </Glyph>
          <Glyph id="w51129g2">
            <Coords points="271,80 271,80 271,109 271,109"/>
            <TextEquiv index="1" conf="0.9489350676536561">
              <Unicode>l</Unicode>
            </TextEquiv>
          </Glyph>
          <Glyph id="w51129g3">
            <Coords points="278,80 281,80 281,109 278,109"/>
            <TextEquiv index="1" conf="0.9999056220054626">
              <Unicode>a</Unicode>
            </TextEquiv>
          </Glyph>
          <TextEquiv index="1" conf="0.9403441146424948">
            <Unicode>illa</Unicode>
          </TextEquiv>
        </Word>
        <TextEquiv index="1" conf="0.9671076576923952">
          <Unicode>LEV. Quænam illa</Unicode>
        </TextEquiv>
      </TextLine>
      <TextLine id="r0_l004">
        <Coords points="494,136 494,130 495,129 544,129 545,130 546,130 547,129 549,129 550,128 550,118 548,115 547,115 546,114 521,114 520,114 520,109 520,108 493,108 492,107 434,107 433,108 431,108 429,110 428,111 428,113 427,114 393,114 392,114 392,112 391,111 391,110 390,108 377,108 375,110 375,115 335,115 334,115 334,109 334,108 333,108 332,107 330,107 327,110 326,110 323,113 323,114 289,114 288,115 260,115 259,115 259,110 258,108 256,110 256,114 191,114 190,115 171,115 170,115 170,110 170,109 160,109 159,108 158,109 107,109 106,110 77,110 76,109 70,109 69,108 65,108 64,109 61,109 60,110 60,111 61,111 62,111 62,112 62,125 60,127 60,128 61,128 89,128 90,129 121,129 122,130 123,129 170,129 171,128 235,128 236,127 266,127 266,128 266,135 267,135 290,135 290,128 291,127 313,127 314,128 335,128 336,129 337,129 338,128 485,128 486,129 490,129 490,130 490,136 491,136 494,136"/>
        <Word id="w51130">
          <Coords points="69,107 88,107 88,136 69,136"/>
          <Glyph id="w51130g0">
            <Coords points="69,107 75,107 75,136 69,136"/>
            <TextEquiv index="1" conf="0.9995430827140808">
              <Unicode>D</Unicode>
            </TextEquiv>
          </Glyph>
          <Glyph id="w51130g1">
            <Coords points="85,107 88,107 88,136 85,136"/>
            <TextEquiv index="1" conf="0.9971991300582885">
              <Unicode>A</Unicode>
            </TextEquiv>
          </Glyph>
          <TextEquiv index="1" conf="0.9967434925382612">
            <Unicode>DA</Unicode>
          </TextEquiv>
        </Word>
        <Word id="w51131">
          <Coords points="107,107 126,107 126,136 107,136"/>
          <Glyph id="w51131g0">
            <Coords points="107,107 116,107 116,136 107,136"/>
            <TextEquiv index="1" conf="0.9958292365074157">
              <Unicode>R</Unicode>
            </TextEquiv>
          </Glyph>
          <Glyph id="w51131g1">
            <Coords points="123,107 126,107 126,136 123,136"/>
            <TextEquiv index="1" conf="0.9974799752235414">
              <Unicode>.</Unicode>
            </TextEquiv>
          </Glyph>
          <TextEquiv index="1" conf="0.9933197221582951">
            <Unicode>R.</Unicode>
          </TextEquiv>
        </Word>
        <Word id="w51132">
          <Coords points="151,107 215,107 215,136 151,136"/>
          <Glyph id="w51132g0">
            <Coords points="151,107 154,107 154,136 151,136"/>
            <TextEquiv index="1" conf="0.9632039964199066">
              <Unicode>D</Unicode>
            </TextEquiv>
          </Glyph>
          <Glyph id="w51132g1">
            <Coords points="164,107 167,107 167,136 164,136"/>
            <TextEquiv index="1" conf="0.9953112959861755">
              <Unicode>i</Unicode>
            </TextEquiv>
          </Glyph>
          <Glyph id="w51132g2">
            <Coords points="177,107 177,107 177,136 177,136"/>
            <TextEquiv index="1" conf="0.9999878168106078">
              <Unicode>c</Unicode>
            </TextEquiv>
          </Glyph>
          <Glyph id="w51132g3">
            <Coords points="189,107 189,107 189,136 189,136"/>
            <TextEquiv index="1" conf="0.9999831914901733">
              <Unicode>e</Unicode>
            </TextEquiv>
          </Glyph>
          <Glyph id="w51132g4">
            <Coords points="199,107 202,107 202,136 199,136"/>
            <TextEquiv index="1" conf="0.9995400667190552">
              <Unicode>r</Unicode>
            </TextEquiv>
          </Glyph>
          <Glyph id="w51132g5">
            <Coords points="211,107 215,107 215,136 211,136"/>
            <TextEquiv index="1" conf="0.998758053779602">
              <Unicode>e</Unicode>
            </TextEquiv>
          </Glyph>
          <TextEquiv index="1" conf="0.9570290479377974">
            <Unicode>Dicere</Unicode>
          </TextEquiv>
        </Word>
        <Word id="w51133">
          <Coords points="230,107 360,107 360,136 230,136"/>
          <Glyph id="w51133g0">
            <Coords points="230,107 234,107 234,136 230,136"/>
            <TextEquiv index="1" conf="0.998413908481598">
              <Unicode>e</Unicode>
            </TextEquiv>
          </Glyph>
          <Glyph id="w51133g1">
            <Coords points="243,107 246,107 246,136 243,136"/>
            <TextEquiv index="1" conf="0.9976654410362243">
              <Unicode>x</Unicode>
            </TextEquiv>
          </Glyph>
          <Glyph id="w51133g2">
            <Coords points="256,107 256,107 256,136 256,136"/>
            <TextEquiv index="1" conf="0.991453206539154">
              <Unicode>h</Unicode>
            </TextEquiv>
          </Glyph>
          <Glyph id="w51133g3">
            <Coords points="275,107 278,107 278,136 275,136"/>
            <TextEquiv index="1" conf="0.9998952507972717">
              <Unicode>o</Unicode>
            </TextEquiv>
          </Glyph>
          <Glyph id="w51133g4">
            <Coords points="287,107 291,107 291,136 287,136"/>
            <TextEquiv index="1" conf="0.9892874956130981">
              <Unicode>r</Unicode>
            </TextEquiv>
          </Glyph>
          <Glyph id="w51133g5">
            <Coords points="300,107 300,107 300,136 300,136"/>
            <TextEquiv index="1" conf="0.9949282765388489">
              <Unicode>r</Unicode>
            </TextEquiv>
          </Glyph>
          <Glyph id="w51133g6">
            <Coords points="313,107 313,107 313,136 313,136"/>
            <TextEquiv index="1" conf="0.9999939918518067">
              <Unicode>e</Unicode>
            </TextEquiv>
          </Glyph>
          <Glyph id="w51133g7">
            <Coords points="322,107 322,107 322,136 322,136"/>
            <TextEquiv index="1" conf="0.9998448610305786">
              <Unicode>ſ</Unicode>
            </TextEquiv>
          </Glyph>
          <Glyph id="w51133g8">
            <Coords points="335,107 335,107 335,136 335,136"/>
            <TextEquiv index="1" conf="0.9995635867118836">
              <Unicode>c</Unicode>
            </TextEquiv>
          </Glyph>
          <Glyph id="w51133g9">
            <Coords points="348,107 351,107 351,136 348,136"/>
            <TextEquiv index="1" conf="0.9990013718605041">
              <Unicode>o</Unicode>
            </TextEquiv>
          </Glyph>
          <Glyph id="w51133g10">
            <Coords points="357,107 360,107 360,136 357,136"/>
            <TextEquiv index="1" conf="0.9995255351066589">
              <Unicode>.</Unicode>
            </TextEquiv>
          </Glyph>
          <TextEquiv index="1" conf="0.9699223934886727">
            <Unicode>exhorreſco.</Unicode>
          </TextEquiv>
        </Word>
        <Word id="w51134">
          <Coords points="382,107 411,107 411,136 382,136"/>
          <Glyph id="w51134g0">
            <Coords points="382,107 386,107 386,136 382,136"/>
            <TextEquiv index="1" conf="0.9997386813163758">
              <Unicode>P</Unicode>
            </TextEquiv>
          </Glyph>
          <Glyph id="w51134g1">
            <Coords points="398,107 398,107 398,136 398,136"/>
            <TextEquiv index="1" conf="0.999881637096405">
              <Unicode>e</Unicode>
            </TextEquiv>
          </Glyph>
          <Glyph id="w51134g2">
            <Coords points="411,107 411,107 411,136 411,136"/>
            <TextEquiv index="1" conf="0.999886417388916">
              <Unicode>r</Unicode>
            </TextEquiv>
          </Glyph>
          <TextEquiv index="1" conf="0.9995068098538479">
            <Unicode>Per</Unicode>
          </TextEquiv>
        </Word>
        <Word id="w51135">
          <Coords points="427,107 458,107 458,136 427,136"/>
          <Glyph id="w51135g0">
            <Coords points="427,107 427,107 427,136 427,136"/>
            <TextEquiv index="1" conf="0.8581963062286377">
              <Unicode>ſ</Unicode>
            </TextEquiv>
          </Glyph>
          <Glyph id="w51135g1">
            <Coords points="433,107 433,107 433,136 433,136"/>
            <TextEquiv index="1" conf="0.9129507422447205">
              <Unicode>i</Unicode>
            </TextEquiv>
          </Glyph>
          <Glyph id="w51135g2">
            <Coords points="439,107 443,107 443,136 439,136"/>
            <TextEquiv index="1" conf="0.9983177542686462">
              <Unicode>l</Unicode>
            </TextEquiv>
          </Glyph>
          <Glyph id="w51135g3">
            <Coords points="449,107 452,107 452,136 449,136"/>
            <TextEquiv index="1" conf="0.9976767182350159">
              <Unicode>i</Unicode>
            </TextEquiv>
          </Glyph>
          <Glyph id="w51135g4">
            <Coords points="458,107 458,107 458,136 458,136"/>
            <TextEquiv index="1" conf="0.852012574672699">
              <Unicode>i</Unicode>
            </TextEquiv>
          </Glyph>
          <TextEquiv index="1" conf="0.6648728881536341">
            <Unicode>ſilii</Unicode>
          </TextEquiv>
        </Word>
        <Word id="w51136">
          <Coords points="484,107 544,107 544,136 484,136"/>
          <Glyph id="w51136g0">
            <Coords points="484,107 484,107 484,136 484,136"/>
            <TextEquiv index="1" conf="0.9944736003875733">
              <Unicode>ſ</Unicode>
            </TextEquiv>
          </Glyph>
          <Glyph id="w51136g1">
            <Coords points="493,107 493,107 493,136 493,136"/>
            <TextEquiv index="1" conf="0.9987611413002015">
              <Unicode>c</Unicode>
            </TextEquiv>
          </Glyph>
          <Glyph id="w51136g2">
            <Coords points="506,107 506,107 506,136 506,136"/>
            <TextEquiv index="1" conf="0.9997851252555847">
              <Unicode>e</Unicode>
            </TextEquiv>
          </Glyph>
          <Glyph id="w51136g3">
            <Coords points="515,107 515,107 515,136 515,136"/>
            <TextEquiv index="1" conf="0.9996938228607177">
              <Unicode>l</Unicode>
            </TextEquiv>
          </Glyph>
          <Glyph id="w51136g4">
            <Coords points="525,107 525,107 525,136 525,136"/>
            <TextEquiv index="1" conf="0.9999708652496337">
              <Unicode>u</Unicode>
            </TextEquiv>
          </Glyph>
          <Glyph id="w51136g5">
            <Coords points="541,107 544,107 544,136 541,136"/>
            <TextEquiv index="1" conf="0.43766894191503525">
              <Unicode>s</Unicode>
            </TextEquiv>
          </Glyph>
          <TextEquiv index="1" conf="0.4344718579555621">
            <Unicode>ſcelus</Unicode>
          </TextEquiv>
        </Word>
        <TextEquiv index="1" conf="0.9719039929712692">
          <Unicode>DA R. Dicere exhorreſco. Per ſilii ſcelus</Unicode>
        </TextEquiv>
      </TextLine>
      <TextLine id="r0_l005">
        <Coords points="67,163 67,156 68,155 93,155 94,156 129,156 129,157 129,161 130,161 137,161 138,160 138,156 139,155 150,155 151,154 168,154 168,155 168,162 169,162 173,162 173,155 174,154 289,154 290,155 373,155 373,156 373,158 374,158 377,158 380,155 394,155 395,154 423,154 423,155 423,162 424,162 429,162 429,156 430,155 481,155 482,154 514,154 515,155 543,155 544,156 548,156 550,154 549,153 549,144 548,142 545,142 544,141 509,141 508,141 508,136 508,135 506,135 505,136 491,136 490,137 490,141 453,141 452,141 452,137 452,136 449,136 448,137 448,141 399,141 398,141 398,138 397,136 396,136 395,135 393,135 392,136 391,136 390,137 390,138 389,139 389,140 388,141 341,141 340,140 338,140 337,141 301,141 300,140 292,140 291,140 291,136 291,135 260,135 259,135 259,134 259,133 257,133 254,136 254,140 222,140 221,140 221,139 220,138 220,136 219,134 216,134 215,135 214,135 213,136 182,136 180,134 179,135 178,135 177,136 177,140 163,140 162,141 132,141 131,142 75,142 74,141 35,141 34,140 30,140 29,141 28,141 27,142 26,142 24,144 24,145 26,147 26,153 28,155 28,163 29,163 32,163 32,156 33,155 38,155 50,155 51,156 65,156 65,157 65,163 66,163 67,163"/>
        <Word id="w51137">
          <Coords points="47,133 84,133 84,163 47,163"/>
          <Glyph id="w51137g0">
            <Coords points="47,133 47,133 47,163 47,163"/>
            <TextEquiv index="1" conf="0.9983203768730162">
              <Unicode>u</Unicode>
            </TextEquiv>
          </Glyph>
          <Glyph id="w51137g1">
            <Coords points="61,133 64,133 64,163 61,163"/>
            <TextEquiv index="1" conf="0.9994842171669005">
              <Unicode>u</Unicode>
            </TextEquiv>
          </Glyph>
          <Glyph id="w51137g2">
            <Coords points="84,133 84,133 84,163 84,163"/>
            <TextEquiv index="1" conf="0.9999924898147583">
              <Unicode>m</Unicode>
            </TextEquiv>
          </Glyph>
          <TextEquiv index="1" conf="0.9977979666568493">
            <Unicode>uum</Unicode>
          </TextEquiv>
        </Word>
        <Word id="w51138">
          <Coords points="107,133 163,133 163,163 107,163"/>
          <Glyph id="w51138g0">
            <Coords points="107,133 110,133 110,163 107,163"/>
            <TextEquiv index="1" conf="0.9702154517173768">
              <Unicode>c</Unicode>
            </TextEquiv>
          </Glyph>
          <Glyph id="w51138g1">
            <Coords points="115,133 118,133 118,163 115,163"/>
            <TextEquiv index="1" conf="0.999801254272461">
              <Unicode>a</Unicode>
            </TextEquiv>
          </Glyph>
          <Glyph id="w51138g2">
            <Coords points="129,133 132,133 132,163 129,163"/>
            <TextEquiv index="1" conf="0.9815454125404357">
              <Unicode>p</Unicode>
            </TextEquiv>
          </Glyph>
          <Glyph id="w51138g3">
            <Coords points="144,133 146,133 146,163 144,163"/>
            <TextEquiv index="1" conf="0.995858335494995">
              <Unicode>u</Unicode>
            </TextEquiv>
          </Glyph>
          <Glyph id="w51138g4">
            <Coords points="161,133 163,133 163,163 161,163"/>
            <TextEquiv index="1" conf="0.9901275396347046">
              <Unicode>t</Unicode>
            </TextEquiv>
          </Glyph>
          <TextEquiv index="1" conf="0.9388170426898408">
            <Unicode>caput</Unicode>
          </TextEquiv>
        </Word>
        <Word id="w51139">
          <Coords points="175,133 243,133 243,163 175,163"/>
          <Glyph id="w51139g0">
            <Coords points="175,133 178,133 178,163 175,163"/>
            <TextEquiv index="1" conf="0.9992672085762023">
              <Unicode>h</Unicode>
            </TextEquiv>
          </Glyph>
          <Glyph id="w51139g1">
            <Coords points="195,133 200,133 200,163 195,163"/>
            <TextEquiv index="1" conf="0.9998352408409119">
              <Unicode>o</Unicode>
            </TextEquiv>
          </Glyph>
          <Glyph id="w51139g2">
            <Coords points="209,133 209,133 209,163 209,163"/>
            <TextEquiv index="1" conf="0.9998432874679566">
              <Unicode>ſ</Unicode>
            </TextEquiv>
          </Glyph>
          <Glyph id="w51139g3">
            <Coords points="214,133 217,133 217,163 214,163"/>
            <TextEquiv index="1" conf="0.999979543685913">
              <Unicode>t</Unicode>
            </TextEquiv>
          </Glyph>
          <Glyph id="w51139g4">
            <Coords points="228,133 228,133 228,163 228,163"/>
            <TextEquiv index="1" conf="0.9999826669692994">
              <Unicode>e</Unicode>
            </TextEquiv>
          </Glyph>
          <Glyph id="w51139g5">
            <Coords points="240,133 243,133 243,163 240,163"/>
            <TextEquiv index="1" conf="0.9999517440795898">
              <Unicode>s</Unicode>
            </TextEquiv>
          </Glyph>
          <TextEquiv index="1" conf="0.9988600458601518">
            <Unicode>hoſtes</Unicode>
          </TextEquiv>
        </Word>
        <Word id="w51140">
          <Coords points="254,133 373,133 373,163 254,163"/>
          <Glyph id="w51140g0">
            <Coords points="254,133 254,133 254,163 254,163"/>
            <TextEquiv index="1" conf="0.983436369895935">
              <Unicode>l</Unicode>
            </TextEquiv>
          </Glyph>
          <Glyph id="w51140g1">
            <Coords points="262,133 262,133 262,163 262,163"/>
            <TextEquiv index="1" conf="0.999879002571106">
              <Unicode>i</Unicode>
            </TextEquiv>
          </Glyph>
          <Glyph id="w51140g2">
            <Coords points="277,133 277,133 277,163 277,163"/>
            <TextEquiv index="1" conf="0.9233277201652526">
              <Unicode>c</Unicode>
            </TextEquiv>
          </Glyph>
          <Glyph id="w51140g3">
            <Coords points="282,133 285,133 285,163 282,163"/>
            <TextEquiv index="1" conf="0.9997878432273865">
              <Unicode>i</Unicode>
            </TextEquiv>
          </Glyph>
          <Glyph id="w51140g4">
            <Coords points="294,133 297,133 297,163 294,163"/>
            <TextEquiv index="1" conf="0.9999571084976198">
              <Unicode>t</Unicode>
            </TextEquiv>
          </Glyph>
          <Glyph id="w51140g5">
            <Coords points="302,133 308,133 308,163 302,163"/>
            <TextEquiv index="1" conf="0.9999769210815428">
              <Unicode>a</Unicode>
            </TextEquiv>
          </Glyph>
          <Glyph id="w51140g6">
            <Coords points="316,133 319,133 319,163 316,163"/>
            <TextEquiv index="1" conf="0.999848735332489">
              <Unicode>n</Unicode>
            </TextEquiv>
          </Glyph>
          <Glyph id="w51140g7">
            <Coords points="336,133 336,133 336,163 336,163"/>
            <TextEquiv index="1" conf="0.9999861240386962">
              <Unicode>t</Unicode>
            </TextEquiv>
          </Glyph>
          <Glyph id="w51140g8">
            <Coords points="345,133 348,133 348,163 345,163"/>
            <TextEquiv index="1" conf="0.9997971415519715">
              <Unicode>u</Unicode>
            </TextEquiv>
          </Glyph>
          <Glyph id="w51140g9">
            <Coords points="362,133 365,133 365,163 362,163"/>
            <TextEquiv index="1" conf="0.9998989462852478">
              <Unicode>r</Unicode>
            </TextEquiv>
          </Glyph>
          <Glyph id="w51140g10">
            <Coords points="370,133 373,133 373,163 370,163"/>
            <TextEquiv index="1" conf="0.9984113335609437">
              <Unicode>,</Unicode>
            </TextEquiv>
          </Glyph>
          <TextEquiv index="1" conf="0.9058046955967289">
            <Unicode>licitantur,</Unicode>
          </TextEquiv>
        </Word>
        <Word id="w51141">
          <Coords points="387,133 401,133 401,163 387,163"/>
          <Glyph id="w51141g0">
            <Coords points="387,133 401,133 401,163 387,163"/>
            <TextEquiv index="1" conf="0.9998791337013244">
              <Unicode>&amp;</Unicode>
            </TextEquiv>
          </Glyph>
          <TextEquiv index="1" conf="0.9998791337013244">
            <Unicode>&amp;</Unicode>
          </TextEquiv>
        </Word>
        <Word id="w51142">
          <Coords points="418,133 455,133 455,163 418,163"/>
          <Glyph id="w51142g0">
            <Coords points="418,133 424,133 424,163 418,163"/>
            <TextEquiv index="1" conf="0.9999786853790283">
              <Unicode>q</Unicode>
            </TextEquiv>
          </Glyph>
          <Glyph id="w51142g1">
            <Coords points="430,133 433,133 433,163 430,163"/>
            <TextEquiv index="1" conf="0.9992673993110656">
              <Unicode>u</Unicode>
            </TextEquiv>
          </Glyph>
          <Glyph id="w51142g2">
            <Coords points="447,133 447,133 447,163 447,163"/>
            <TextEquiv index="1" conf="0.9996480822563171">
              <Unicode>i</Unicode>
            </TextEquiv>
          </Glyph>
          <Glyph id="w51142g3">
            <Coords points="452,133 455,133 455,163 452,163"/>
            <TextEquiv index="1" conf="0.9981107950210572">
              <Unicode>a</Unicode>
            </TextEquiv>
          </Glyph>
          <TextEquiv index="1" conf="0.9970073315078379">
            <Unicode>quia</Unicode>
          </TextEquiv>
        </Word>
        <Word id="w51143">
          <Coords points="475,133 543,133 543,163 475,163"/>
          <Glyph id="w51143g0">
            <Coords points="475,133 481,133 481,163 475,163"/>
            <TextEquiv index="1" conf="0.9998075485229492">
              <Unicode>v</Unicode>
            </TextEquiv>
          </Glyph>
          <Glyph id="w51143g1">
            <Coords points="486,133 489,133 489,163 486,163"/>
            <TextEquiv index="1" conf="0.997166883945465">
              <Unicode>i</Unicode>
            </TextEquiv>
          </Glyph>
          <Glyph id="w51143g2">
            <Coords points="500,133 503,133 503,163 500,163"/>
            <TextEquiv index="1" conf="0.9998836398124695">
              <Unicode>d</Unicode>
            </TextEquiv>
          </Glyph>
          <Glyph id="w51143g3">
            <Coords points="512,133 515,133 515,163 512,163"/>
            <TextEquiv index="1" conf="0.9996865034103395">
              <Unicode>e</Unicode>
            </TextEquiv>
          </Glyph>
          <Glyph id="w51143g4">
            <Coords points="523,133 523,133 523,163 523,163"/>
            <TextEquiv index="1" conf="0.9999844312667847">
              <Unicode>n</Unicode>
            </TextEquiv>
          </Glyph>
          <Glyph id="w51143g5">
            <Coords points="540,133 543,133 543,163 540,163"/>
            <TextEquiv index="1" conf="0.9937111616134644">
              <Unicode>t</Unicode>
            </TextEquiv>
          </Glyph>
          <TextEquiv index="1" conf="0.9902639206116124">
            <Unicode>vident</Unicode>
          </TextEquiv>
        </Word>
        <TextEquiv index="1" conf="0.9841241586346958">
          <Unicode> uum caput hoſtes licitantur, &amp; quia vident</Unicode>
        </TextEquiv>
      </TextLine>
      <TextLine id="r0_l006">
        <Coords points="390,189 390,182 391,181 411,181 412,182 423,182 423,183 423,184 424,184 428,184 429,183 429,182 430,181 516,181 517,182 544,182 545,181 547,181 548,180 548,175 549,174 549,172 547,169 519,169 518,169 518,164 517,163 517,162 516,160 515,161 467,161 465,163 465,168 464,169 448,169 447,170 447,175 417,175 416,175 416,170 416,169 415,169 414,168 410,168 409,168 409,162 409,161 383,161 382,162 380,162 379,163 373,163 370,166 370,167 361,167 360,168 327,168 326,168 326,167 325,166 325,165 323,163 323,162 322,160 321,160 320,161 320,167 280,167 279,167 279,163 278,161 275,161 274,162 273,162 271,164 269,166 269,167 230,167 229,166 194,166 193,167 174,167 173,167 173,163 173,162 169,162 168,163 168,169 133,169 132,168 112,168 111,169 69,169 68,169 68,164 68,163 60,163 58,161 44,161 43,162 42,162 41,163 27,163 26,164 26,170 25,170 23,172 23,181 22,182 24,183 32,183 33,182 115,182 116,181 141,181 141,182 141,184 142,184 142,182 143,181 174,181 175,180 224,180 224,181 224,186 225,186 227,186 228,187 229,187 230,186 231,186 231,182 232,181 275,181 275,182 275,186 276,187 277,187 280,187 281,188 282,188 283,187 283,183 284,182 325,182 326,181 358,181 359,182 361,182 362,181 387,181 387,182 387,189 388,189 390,189"/>
        <Word id="w51144">
          <Coords points="42,160 63,160 63,189 42,189"/>
          <Glyph id="w51144g0">
            <Coords points="42,160 45,160 45,189 42,189"/>
            <TextEquiv index="1" conf="0.979121506214142">
              <Unicode>I</Unicode>
            </TextEquiv>
          </Glyph>
          <Glyph id="w51144g1">
            <Coords points="54,160 54,160 54,189 54,189"/>
            <TextEquiv index="1" conf="0.9515901565551759">
              <Unicode>l</Unicode>
            </TextEquiv>
          </Glyph>
          <Glyph id="w51144g2">
            <Coords points="63,160 63,160 63,189 63,189"/>
            <TextEquiv index="1" conf="0.9996793508529663">
              <Unicode>i</Unicode>
            </TextEquiv>
          </Glyph>
          <TextEquiv index="1" conf="0.9314236313960678">
            <Unicode>Ili</Unicode>
          </TextEquiv>
        </Word>
        <Word id="w51145">
          <Coords points="75,160 126,160 126,189 75,189"/>
          <Glyph id="w51145g0">
            <Coords points="75,160 78,160 78,189 75,189"/>
            <TextEquiv index="1" conf="0.9997464895248414">
              <Unicode>a</Unicode>
            </TextEquiv>
          </Glyph>
          <Glyph id="w51145g1">
            <Coords points="93,160 96,160 96,189 93,189"/>
            <TextEquiv index="1" conf="0.9995745778083801">
              <Unicode>r</Unicode>
            </TextEquiv>
          </Glyph>
          <Glyph id="w51145g2">
            <Coords points="111,160 111,160 111,189 111,189"/>
            <TextEquiv index="1" conf="0.9999477863311768">
              <Unicode>m</Unicode>
            </TextEquiv>
          </Glyph>
          <Glyph id="w51145g3">
            <Coords points="123,160 126,160 126,189 123,189"/>
            <TextEquiv index="1" conf="0.9998173952102661">
              <Unicode>a</Unicode>
            </TextEquiv>
          </Glyph>
          <TextEquiv index="1" conf="0.9990865256522374">
            <Unicode>arma</Unicode>
          </TextEquiv>
        </Word>
        <Word id="w51146">
          <Coords points="150,160 210,160 210,189 150,189"/>
          <Glyph id="w51146g0">
            <Coords points="150,160 153,160 153,189 150,189"/>
            <TextEquiv index="1" conf="0.998754370212555">
              <Unicode>m</Unicode>
            </TextEquiv>
          </Glyph>
          <Glyph id="w51146g1">
            <Coords points="168,160 168,160 168,189 168,189"/>
            <TextEquiv index="1" conf="0.9909865140914916">
              <Unicode>i</Unicode>
            </TextEquiv>
          </Glyph>
          <Glyph id="w51146g2">
            <Coords points="177,160 177,160 177,189 177,189"/>
            <TextEquiv index="1" conf="0.9998675584793091">
              <Unicode>n</Unicode>
            </TextEquiv>
          </Glyph>
          <Glyph id="w51146g3">
            <Coords points="192,160 195,160 195,189 192,189"/>
            <TextEquiv index="1" conf="0.998089611530304">
              <Unicode>u</Unicode>
            </TextEquiv>
          </Glyph>
          <Glyph id="w51146g4">
            <Coords points="210,160 210,160 210,189 210,189"/>
            <TextEquiv index="1" conf="0.9999630451202393">
              <Unicode>s</Unicode>
            </TextEquiv>
          </Glyph>
          <TextEquiv index="1" conf="0.9876939654348562">
            <Unicode>minus</Unicode>
          </TextEquiv>
        </Word>
        <Word id="w51147">
          <Coords points="225,160 321,160 321,189 225,189"/>
          <Glyph id="w51147g0">
            <Coords points="225,160 228,160 228,189 225,189"/>
            <TextEquiv index="1" conf="0.9827433943748475">
              <Unicode>p</Unicode>
            </TextEquiv>
          </Glyph>
          <Glyph id="w51147g1">
            <Coords points="240,160 243,160 243,189 240,189"/>
            <TextEquiv index="1" conf="0.999937927722931">
              <Unicode>r</Unicode>
            </TextEquiv>
          </Glyph>
          <Glyph id="w51147g2">
            <Coords points="255,160 258,160 258,189 255,189"/>
            <TextEquiv index="1" conf="0.9998748302459717">
              <Unicode>o</Unicode>
            </TextEquiv>
          </Glyph>
          <Glyph id="w51147g3">
            <Coords points="267,160 270,160 270,189 267,189"/>
            <TextEquiv index="1" conf="0.9998380422592164">
              <Unicode>ſ</Unicode>
            </TextEquiv>
          </Glyph>
          <Glyph id="w51147g4">
            <Coords points="276,160 279,160 279,189 276,189"/>
            <TextEquiv index="1" conf="0.9976890802383425">
              <Unicode>p</Unicode>
            </TextEquiv>
          </Glyph>
          <Glyph id="w51147g5">
            <Coords points="294,160 297,160 297,189 294,189"/>
            <TextEquiv index="1" conf="0.9999795436859131">
              <Unicode>e</Unicode>
            </TextEquiv>
          </Glyph>
          <Glyph id="w51147g6">
            <Coords points="306,160 309,160 309,189 306,189"/>
            <TextEquiv index="1" conf="0.9922723293304443">
              <Unicode>r</Unicode>
            </TextEquiv>
          </Glyph>
          <Glyph id="w51147g7">
            <Coords points="318,160 321,160 321,189 318,189"/>
            <TextEquiv index="1" conf="0.999287760257721">
              <Unicode>è</Unicode>
            </TextEquiv>
          </Glyph>
          <TextEquiv index="1" conf="0.9718433142484073">
            <Unicode>proſperè</Unicode>
          </TextEquiv>
        </Word>
        <Word id="w51148">
          <Coords points="345,160 423,160 423,189 345,189"/>
          <Glyph id="w51148g0">
            <Coords points="345,160 348,160 348,189 345,189"/>
            <TextEquiv index="1" conf="0.9999523162841797">
              <Unicode>c</Unicode>
            </TextEquiv>
          </Glyph>
          <Glyph id="w51148g1">
            <Coords points="357,160 360,160 360,189 357,189"/>
            <TextEquiv index="1" conf="0.9999559164047241">
              <Unicode>e</Unicode>
            </TextEquiv>
          </Glyph>
          <Glyph id="w51148g2">
            <Coords points="366,160 369,160 369,189 366,189"/>
            <TextEquiv index="1" conf="0.8432481050491334">
              <Unicode>ſ</Unicode>
            </TextEquiv>
          </Glyph>
          <Glyph id="w51148g3">
            <Coords points="375,160 375,160 375,189 375,189"/>
            <TextEquiv index="1" conf="0.9911675572395324">
              <Unicode>ſ</Unicode>
            </TextEquiv>
          </Glyph>
          <Glyph id="w51148g4">
            <Coords points="381,160 381,160 381,189 381,189"/>
            <TextEquiv index="1" conf="0.9994348049163818">
              <Unicode>i</Unicode>
            </TextEquiv>
          </Glyph>
          <Glyph id="w51148g5">
            <Coords points="390,160 390,160 390,189 390,189"/>
            <TextEquiv index="1" conf="0.9938245415687561">
              <Unicode>ſ</Unicode>
            </TextEquiv>
          </Glyph>
          <Glyph id="w51148g6">
            <Coords points="396,160 399,160 399,189 396,189"/>
            <TextEquiv index="1" conf="0.9955812335014343">
              <Unicode>ſ</Unicode>
            </TextEquiv>
          </Glyph>
          <Glyph id="w51148g7">
            <Coords points="408,160 411,160 411,189 408,189"/>
            <TextEquiv index="1" conf="0.9959858775138855">
              <Unicode>e</Unicode>
            </TextEquiv>
          </Glyph>
          <Glyph id="w51148g8">
            <Coords points="423,160 423,160 423,189 423,189"/>
            <TextEquiv index="1" conf="0.9982704639434815">
              <Unicode>,</Unicode>
            </TextEquiv>
          </Glyph>
          <TextEquiv index="1" conf="0.8216841083482087">
            <Unicode>ceſſiſſe,</Unicode>
          </TextEquiv>
        </Word>
        <Word id="w51149">
          <Coords points="444,160 465,160 465,189 444,189"/>
          <Glyph id="w51149g0">
            <Coords points="444,160 447,160 447,189 444,189"/>
            <TextEquiv index="1" conf="0.9988396406173705">
              <Unicode>a</Unicode>
            </TextEquiv>
          </Glyph>
          <Glyph id="w51149g1">
            <Coords points="462,160 465,160 465,189 462,189"/>
            <TextEquiv index="1" conf="0.9993112206459046">
              <Unicode>d</Unicode>
            </TextEquiv>
          </Glyph>
          <TextEquiv index="1" conf="0.9981516604948613">
            <Unicode>ad</Unicode>
          </TextEquiv>
        </Word>
        <Word id="w51150">
          <Coords points="486,160 543,160 543,189 486,189"/>
          <Glyph id="w51150g0">
            <Coords points="486,160 489,160 489,189 486,189"/>
            <TextEquiv index="1" conf="0.9999520778656006">
              <Unicode>d</Unicode>
            </TextEquiv>
          </Glyph>
          <Glyph id="w51150g1">
            <Coords points="501,160 504,160 504,189 501,189"/>
            <TextEquiv index="1" conf="0.999944531917572">
              <Unicode>o</Unicode>
            </TextEquiv>
          </Glyph>
          <Glyph id="w51150g2">
            <Coords points="513,160 513,160 513,189 513,189"/>
            <TextEquiv index="1" conf="0.9987884283065797">
              <Unicode>l</Unicode>
            </TextEquiv>
          </Glyph>
          <Glyph id="w51150g3">
            <Coords points="525,160 531,160 531,189 525,189"/>
            <TextEquiv index="1" conf="0.9976160526275635">
              <Unicode>o</Unicode>
            </TextEquiv>
          </Glyph>
          <Glyph id="w51150g4">
            <Coords points="540,160 543,160 543,189 540,189"/>
            <TextEquiv index="1" conf="0.9966958642005921">
              <Unicode>s</Unicode>
            </TextEquiv>
          </Glyph>
          <TextEquiv index="1" conf="0.9930124282516523">
            <Unicode>dolos</Unicode>
          </TextEquiv>
        </Word>
        <TextEquiv index="1" conf="0.992689130135945">
          <Unicode>Ili arma minus proſperè ceſſiſſe, ad dolos</Unicode>
        </TextEquiv>
      </TextLine>
      <TextLine id="r0_l007">
        <Coords points="524,216 524,209 525,208 543,208 544,209 548,209 549,208 549,207 549,206 548,206 547,206 547,200 546,199 546,198 545,196 543,196 542,195 523,195 522,194 506,194 505,193 486,193 485,193 485,189 485,188 476,188 475,187 472,187 471,188 465,188 464,189 464,195 444,195 443,194 423,194 422,195 391,195 390,195 390,190 390,189 376,189 375,188 365,188 363,190 363,193 354,193 353,194 326,194 325,194 325,189 325,188 321,188 320,189 319,189 315,193 300,193 299,194 254,194 253,193 235,193 234,193 234,189 234,188 233,188 231,190 231,193 200,193 199,193 199,188 199,187 197,187 196,188 193,188 189,192 163,192 162,193 125,193 124,193 124,189 124,188 121,188 120,189 120,195 91,195 90,195 90,190 90,189 89,189 88,188 86,188 85,189 84,189 80,193 80,195 66,195 65,196 34,196 33,195 31,195 30,196 29,196 26,199 25,199 24,200 23,200 22,201 22,202 23,203 23,205 24,206 24,207 26,208 31,208 32,209 93,209 94,210 104,210 104,211 104,214 106,215 120,215 121,216 124,216 124,208 125,207 152,207 171,207 171,208 171,211 172,211 174,211 178,207 242,207 242,208 242,215 243,215 261,215 261,209 262,208 287,208 289,211 289,212 293,215 322,215 322,209 323,208 445,208 446,207 503,207 504,208 518,208 518,209 518,215 520,216 524,216"/>
        <Word id="w51151">
          <Coords points="51,187 118,187 118,216 51,216"/>
          <Glyph id="w51151g0">
            <Coords points="51,187 54,187 54,216 51,216"/>
            <TextEquiv index="1" conf="0.9353723049163818">
              <Unicode>o</Unicode>
            </TextEquiv>
          </Glyph>
          <Glyph id="w51151g1">
            <Coords points="62,187 62,187 62,216 62,216"/>
            <TextEquiv index="1" conf="0.9993629813194275">
              <Unicode>n</Unicode>
            </TextEquiv>
          </Glyph>
          <Glyph id="w51151g2">
            <Coords points="76,187 79,187 79,216 76,216"/>
            <TextEquiv index="1" conf="0.9972900867462158">
              <Unicode>f</Unicode>
            </TextEquiv>
          </Glyph>
          <Glyph id="w51151g3">
            <Coords points="85,187 90,187 90,216 85,216"/>
            <TextEquiv index="1" conf="0.9995766997337341">
              <Unicode>u</Unicode>
            </TextEquiv>
          </Glyph>
          <Glyph id="w51151g4">
            <Coords points="107,187 107,187 107,216 107,216"/>
            <TextEquiv index="1" conf="0.9191762447357177">
              <Unicode>g</Unicode>
            </TextEquiv>
          </Glyph>
          <Glyph id="w51151g5">
            <Coords points="116,187 118,187 118,216 116,216"/>
            <TextEquiv index="1" conf="0.9959246635437011">
              <Unicode>i</Unicode>
            </TextEquiv>
          </Glyph>
          <TextEquiv index="1" conf="0.8530425033975203">
            <Unicode>onfugi</Unicode>
          </TextEquiv>
        </Word>
        <Word id="w51152">
          <Coords points="127,187 169,187 169,216 127,216"/>
          <Glyph id="w51152g0">
            <Coords points="127,187 130,187 130,216 127,216"/>
            <TextEquiv index="1" conf="0.9997796893119812">
              <Unicode>u</Unicode>
            </TextEquiv>
          </Glyph>
          <Glyph id="w51152g1">
            <Coords points="141,187 141,187 141,216 141,216"/>
            <TextEquiv index="1" conf="0.9997491240501404">
              <Unicode>n</Unicode>
            </TextEquiv>
          </Glyph>
          <Glyph id="w51152g2">
            <Coords points="158,187 161,187 161,216 158,216"/>
            <TextEquiv index="1" conf="0.9988850593566895">
              <Unicode>t</Unicode>
            </TextEquiv>
          </Glyph>
          <Glyph id="w51152g3">
            <Coords points="166,187 169,187 169,216 166,216"/>
            <TextEquiv index="1" conf="0.9992492198944092">
              <Unicode>,</Unicode>
            </TextEquiv>
          </Glyph>
          <TextEquiv index="1" conf="0.9976648635643223">
            <Unicode>unt,</Unicode>
          </TextEquiv>
        </Word>
        <Word id="w51153">
          <Coords points="186,187 268,187 268,216 186,216"/>
          <Glyph id="w51153g0">
            <Coords points="186,187 186,187 186,216 186,216"/>
            <TextEquiv index="1" conf="0.9979189276695251">
              <Unicode>ſ</Unicode>
            </TextEquiv>
          </Glyph>
          <Glyph id="w51153g1">
            <Coords points="195,187 198,187 198,216 195,216"/>
            <TextEquiv index="1" conf="0.9996014952659606">
              <Unicode>u</Unicode>
            </TextEquiv>
          </Glyph>
          <Glyph id="w51153g2">
            <Coords points="206,187 209,187 209,216 206,216"/>
            <TextEquiv index="1" conf="0.9999520063400268">
              <Unicode>a</Unicode>
            </TextEquiv>
          </Glyph>
          <Glyph id="w51153g3">
            <Coords points="226,187 229,187 229,216 226,216"/>
            <TextEquiv index="1" conf="0.9998010873794556">
              <Unicode>d</Unicode>
            </TextEquiv>
          </Glyph>
          <Glyph id="w51153g4">
            <Coords points="237,187 240,187 240,216 237,216"/>
            <TextEquiv index="1" conf="0.9448873162269592">
              <Unicode>e</Unicode>
            </TextEquiv>
          </Glyph>
          <Glyph id="w51153g5">
            <Coords points="248,187 248,187 248,216 248,216"/>
            <TextEquiv index="1" conf="0.9866649985313416">
              <Unicode>n</Unicode>
            </TextEquiv>
          </Glyph>
          <Glyph id="w51153g6">
            <Coords points="265,187 268,187 268,216 265,216"/>
            <TextEquiv index="1" conf="0.9967707991600037">
              <Unicode>t</Unicode>
            </TextEquiv>
          </Glyph>
          <TextEquiv index="1" conf="0.926744390535034">
            <Unicode>ſuadent</Unicode>
          </TextEquiv>
        </Word>
        <Word id="w51154">
          <Coords points="296,187 296,187 296,216 296,216"/>
          <Glyph id="w51154g0">
            <Coords points="296,187 296,187 296,216 296,216"/>
            <TextEquiv index="1" conf="0.9994952321052551">
              <Unicode>t</Unicode>
            </TextEquiv>
          </Glyph>
          <TextEquiv index="1" conf="0.9994952321052551">
            <Unicode>t</Unicode>
          </TextEquiv>
        </Word>
        <Word id="w51155">
          <Coords points="310,187 325,187 325,216 310,216"/>
          <Glyph id="w51155g0">
            <Coords points="310,187 313,187 313,216 310,216"/>
            <TextEquiv index="1" conf="0.9982441663742065">
              <Unicode>ſ</Unicode>
            </TextEquiv>
          </Glyph>
          <Glyph id="w51155g1">
            <Coords points="322,187 325,187 325,216 322,216"/>
            <TextEquiv index="1" conf="0.999356710910797">
              <Unicode>e</Unicode>
            </TextEquiv>
          </Glyph>
          <TextEquiv index="1" conf="0.9976020067936175">
            <Unicode>ſe</Unicode>
          </TextEquiv>
        </Word>
        <Word id="w51156">
          <Coords points="350,187 384,187 384,216 350,216"/>
          <Glyph id="w51156g0">
            <Coords points="350,187 350,187 350,216 350,216"/>
            <TextEquiv index="1" conf="0.9938647389411926">
              <Unicode>t</Unicode>
            </TextEquiv>
          </Glyph>
          <Glyph id="w51156g1">
            <Coords points="358,187 358,187 358,216 358,216"/>
            <TextEquiv index="1" conf="0.999887979030609">
              <Unicode>i</Unicode>
            </TextEquiv>
          </Glyph>
          <Glyph id="w51156g2">
            <Coords points="367,187 370,187 370,216 367,216"/>
            <TextEquiv index="1" conf="0.9994179487228394">
              <Unicode>b</Unicode>
            </TextEquiv>
          </Glyph>
          <Glyph id="w51156g3">
            <Coords points="381,187 384,187 384,216 381,216"/>
            <TextEquiv index="1" conf="0.9990481972694396">
              <Unicode>i</Unicode>
            </TextEquiv>
          </Glyph>
          <TextEquiv index="1" conf="0.9922296831437583">
            <Unicode>tibi</Unicode>
          </TextEquiv>
        </Word>
        <Word id="w51157">
          <Coords points="407,187 534,187 534,216 407,216"/>
          <Glyph id="w51157g0">
            <Coords points="407,187 409,187 409,216 407,216"/>
            <TextEquiv index="1" conf="0.9999716520309448">
              <Unicode>c</Unicode>
            </TextEquiv>
          </Glyph>
          <Glyph id="w51157g1">
            <Coords points="418,187 423,187 423,216 418,216"/>
            <TextEquiv index="1" conf="0.9998453855514526">
              <Unicode>o</Unicode>
            </TextEquiv>
          </Glyph>
          <Glyph id="w51157g2">
            <Coords points="429,187 432,187 432,216 429,216"/>
            <TextEquiv index="1" conf="0.9999139308929443">
              <Unicode>n</Unicode>
            </TextEquiv>
          </Glyph>
          <Glyph id="w51157g3">
            <Coords points="449,187 452,187 452,216 449,216"/>
            <TextEquiv index="1" conf="0.9980135321617127">
              <Unicode>c</Unicode>
            </TextEquiv>
          </Glyph>
          <Glyph id="w51157g4">
            <Coords points="457,187 460,187 460,216 457,216"/>
            <TextEquiv index="1" conf="0.998941969871521">
              <Unicode>i</Unicode>
            </TextEquiv>
          </Glyph>
          <Glyph id="w51157g5">
            <Coords points="469,187 469,187 469,216 469,216"/>
            <TextEquiv index="1" conf="0.9985583782196046">
              <Unicode>l</Unicode>
            </TextEquiv>
          </Glyph>
          <Glyph id="w51157g6">
            <Coords points="477,187 477,187 477,216 477,216"/>
            <TextEquiv index="1" conf="0.9989363670349121">
              <Unicode>i</Unicode>
            </TextEquiv>
          </Glyph>
          <Glyph id="w51157g7">
            <Coords points="483,187 486,187 486,216 483,216"/>
            <TextEquiv index="1" conf="0.9999117851257323">
              <Unicode>a</Unicode>
            </TextEquiv>
          </Glyph>
          <Glyph id="w51157g8">
            <Coords points="500,187 500,187 500,216 500,216"/>
            <TextEquiv index="1" conf="0.9999077320098877">
              <Unicode>t</Unicode>
            </TextEquiv>
          </Glyph>
          <Glyph id="w51157g9">
            <Coords points="508,187 511,187 511,216 508,216"/>
            <TextEquiv index="1" conf="0.9994349241256714">
              <Unicode>u</Unicode>
            </TextEquiv>
          </Glyph>
          <Glyph id="w51157g10">
            <Coords points="531,187 534,187 534,216 531,216"/>
            <TextEquiv index="1" conf="0.9999728202819825">
              <Unicode>m</Unicode>
            </TextEquiv>
          </Glyph>
          <TextEquiv index="1" conf="0.9934258559295757">
            <Unicode>conciliatum</Unicode>
          </TextEquiv>
        </Word>
        <TextEquiv index="1" conf="0.9766173067320665">
          <Unicode> onfugi unt, ſuadent t ſe tibi conciliatum</Unicode>
        </TextEquiv>
      </TextLine>
      <TextLine id="r0_l008">
        <Coords points="49,243 49,237 50,236 64,236 64,237 64,240 66,241 67,241 68,242 71,242 72,241 73,241 74,240 75,240 77,238 105,238 106,239 107,238 108,238 109,237 110,237 111,236 111,235 112,234 133,234 133,235 133,242 134,242 135,242 136,241 136,235 137,234 151,234 228,234 228,235 228,241 229,241 229,240 230,239 230,237 232,235 302,235 302,236 302,238 303,238 306,238 309,235 427,235 427,236 427,242 428,242 430,242 430,236 431,235 440,235 441,234 503,234 504,235 536,235 537,234 537,232 538,231 551,231 551,229 549,226 536,226 535,226 535,224 534,222 525,222 524,222 524,217 524,216 515,216 514,216 514,214 514,213 512,213 510,215 503,215 502,216 502,221 471,221 470,221 470,216 469,214 468,214 467,213 466,214 437,214 436,213 434,213 433,214 432,214 427,219 427,221 426,222 381,222 380,221 350,221 349,220 348,221 323,221 322,221 322,216 322,215 294,215 293,216 293,220 263,220 262,220 262,216 262,215 243,215 242,216 242,219 239,219 238,220 184,220 183,220 183,214 183,213 178,213 177,214 177,220 125,220 124,220 124,217 124,216 121,216 120,217 120,220 96,220 95,221 71,221 70,222 45,222 44,222 44,218 43,217 43,216 42,216 41,215 38,215 37,216 34,216 33,217 32,217 31,218 30,218 28,220 28,221 26,223 26,224 24,224 22,226 22,234 21,235 21,236 22,236 46,236 46,237 46,243 47,243 49,243"/>
        <Word id="w51158">
          <Coords points="29,213 104,213 104,243 29,243"/>
          <Glyph id="w51158g0">
            <Coords points="29,213 29,213 29,243 29,243"/>
            <TextEquiv index="1" conf="0.9435772776603699">
              <Unicode>f</Unicode>
            </TextEquiv>
          </Glyph>
          <Glyph id="w51158g1">
            <Coords points="38,213 38,213 38,243 38,243"/>
            <TextEquiv index="1" conf="0.9538378864526749">
              <Unicode>i</Unicode>
            </TextEquiv>
          </Glyph>
          <Glyph id="w51158g2">
            <Coords points="47,213 50,213 50,243 47,243"/>
            <TextEquiv index="1" conf="0.9996715068817139">
              <Unicode>n</Unicode>
            </TextEquiv>
          </Glyph>
          <Glyph id="w51158g3">
            <Coords points="68,213 71,213 71,243 68,243"/>
            <TextEquiv index="1" conf="0.971680200099945">
              <Unicode>g</Unicode>
            </TextEquiv>
          </Glyph>
          <Glyph id="w51158g4">
            <Coords points="77,213 80,213 80,243 77,243"/>
            <TextEquiv index="1" conf="0.9983019590377807">
              <Unicode>a</Unicode>
            </TextEquiv>
          </Glyph>
          <Glyph id="w51158g5">
            <Coords points="92,213 95,213 95,243 92,243"/>
            <TextEquiv index="1" conf="0.9984835624694826">
              <Unicode>t</Unicode>
            </TextEquiv>
          </Glyph>
          <Glyph id="w51158g6">
            <Coords points="104,213 104,213 104,243 104,243"/>
            <TextEquiv index="1" conf="0.9983810663223266">
              <Unicode>,</Unicode>
            </TextEquiv>
          </Glyph>
          <TextEquiv index="1" conf="0.8700253143182809">
            <Unicode>fingat,</Unicode>
          </TextEquiv>
        </Word>
        <Word id="w51159">
          <Coords points="119,213 131,213 131,243 119,243"/>
          <Glyph id="w51159g0">
            <Coords points="119,213 122,213 122,243 119,243"/>
            <TextEquiv index="1" conf="0.9289047598838807">
              <Unicode>i</Unicode>
            </TextEquiv>
          </Glyph>
          <Glyph id="w51159g1">
            <Coords points="128,213 131,213 131,243 128,243"/>
            <TextEquiv index="1" conf="0.999705421924591">
              <Unicode>n</Unicode>
            </TextEquiv>
          </Glyph>
          <TextEquiv index="1" conf="0.9286311249074758">
            <Unicode>in</Unicode>
          </TextEquiv>
        </Word>
        <Word id="w51160">
          <Coords points="149,213 206,213 206,243 149,243"/>
          <Glyph id="w51160g0">
            <Coords points="149,213 152,213 152,243 149,243"/>
            <TextEquiv index="1" conf="0.999533188343048">
              <Unicode>a</Unicode>
            </TextEquiv>
          </Glyph>
          <Glyph id="w51160g1">
            <Coords points="164,213 164,213 164,243 164,243"/>
            <TextEquiv index="1" conf="0.9997172117233275">
              <Unicode>u</Unicode>
            </TextEquiv>
          </Glyph>
          <Glyph id="w51160g2">
            <Coords points="179,213 179,213 179,243 179,243"/>
            <TextEquiv index="1" conf="0.9991269230842589">
              <Unicode>l</Unicode>
            </TextEquiv>
          </Glyph>
          <Glyph id="w51160g3">
            <Coords points="185,213 188,213 188,243 185,243"/>
            <TextEquiv index="1" conf="0.999976634979248">
              <Unicode>a</Unicode>
            </TextEquiv>
          </Glyph>
          <Glyph id="w51160g4">
            <Coords points="206,213 206,213 206,243 206,243"/>
            <TextEquiv index="1" conf="0.9999709606170654">
              <Unicode>m</Unicode>
            </TextEquiv>
          </Glyph>
          <TextEquiv index="1" conf="0.9983257907705657">
            <Unicode>aulam</Unicode>
          </TextEquiv>
        </Word>
        <Word id="w51161">
          <Coords points="230,213 302,213 302,243 230,243"/>
          <Glyph id="w51161g0">
            <Coords points="230,213 230,213 230,243 230,243"/>
            <TextEquiv index="1" conf="0.9946632027626037">
              <Unicode>r</Unicode>
            </TextEquiv>
          </Glyph>
          <Glyph id="w51161g1">
            <Coords points="242,213 242,213 242,243 242,243"/>
            <TextEquiv index="1" conf="0.9999330759048461">
              <Unicode>e</Unicode>
            </TextEquiv>
          </Glyph>
          <Glyph id="w51161g2">
            <Coords points="254,213 257,213 257,243 254,243"/>
            <TextEquiv index="1" conf="0.9999753952026369">
              <Unicode>d</Unicode>
            </TextEquiv>
          </Glyph>
          <Glyph id="w51161g3">
            <Coords points="266,213 269,213 269,243 266,243"/>
            <TextEquiv index="1" conf="0.9998760461807251">
              <Unicode>e</Unicode>
            </TextEquiv>
          </Glyph>
          <Glyph id="w51161g4">
            <Coords points="275,213 278,213 278,243 275,243"/>
            <TextEquiv index="1" conf="0.999893295764923">
              <Unicode>a</Unicode>
            </TextEquiv>
          </Glyph>
          <Glyph id="w51161g5">
            <Coords points="290,213 293,213 293,243 290,243"/>
            <TextEquiv index="1" conf="0.9994318008422852">
              <Unicode>t</Unicode>
            </TextEquiv>
          </Glyph>
          <Glyph id="w51161g6">
            <Coords points="302,213 302,213 302,243 302,243"/>
            <TextEquiv index="1" conf="0.9992783188819885">
              <Unicode>,</Unicode>
            </TextEquiv>
          </Glyph>
          <TextEquiv index="1" conf="0.9930605956645593">
            <Unicode>redeat,</Unicode>
          </TextEquiv>
        </Word>
        <Word id="w51162">
          <Coords points="317,213 326,213 326,243 317,243"/>
          <Glyph id="w51162g0">
            <Coords points="317,213 317,213 317,243 317,243"/>
            <TextEquiv index="1" conf="0.9996955513954162">
              <Unicode>i</Unicode>
            </TextEquiv>
          </Glyph>
          <Glyph id="w51162g1">
            <Coords points="326,213 326,213 326,243 326,243"/>
            <TextEquiv index="1" conf="0.9999473571777344">
              <Unicode>n</Unicode>
            </TextEquiv>
          </Glyph>
          <TextEquiv index="1" conf="0.9996429246001844">
            <Unicode>in</Unicode>
          </TextEquiv>
        </Word>
        <Word id="w51163">
          <Coords points="347,213 392,213 392,243 347,243"/>
          <Glyph id="w51163g0">
            <Coords points="347,213 350,213 350,243 347,243"/>
            <TextEquiv index="1" conf="0.9124298334121703">
              <Unicode>r</Unicode>
            </TextEquiv>
          </Glyph>
          <Glyph id="w51163g1">
            <Coords points="359,213 359,213 359,243 359,243"/>
            <TextEquiv index="1" conf="0.9996366024017335">
              <Unicode>u</Unicode>
            </TextEquiv>
          </Glyph>
          <Glyph id="w51163g2">
            <Coords points="371,213 374,213 374,243 371,243"/>
            <TextEquiv index="1" conf="0.9999731779098511">
              <Unicode>a</Unicode>
            </TextEquiv>
          </Glyph>
          <Glyph id="w51163g3">
            <Coords points="392,213 392,213 392,243 392,243"/>
            <TextEquiv index="1" conf="0.999994397163391">
              <Unicode>m</Unicode>
            </TextEquiv>
          </Glyph>
          <TextEquiv index="1" conf="0.9120686840199603">
            <Unicode>ruam</Unicode>
          </TextEquiv>
        </Word>
        <Word id="w51164">
          <Coords points="425,213 437,213 437,243 425,243"/>
          <Glyph id="w51164g0">
            <Coords points="425,213 428,213 428,243 425,243"/>
            <TextEquiv index="1" conf="0.9964487552642822">
              <Unicode>ſ</Unicode>
            </TextEquiv>
          </Glyph>
          <Glyph id="w51164g1">
            <Coords points="437,213 437,213 437,243 437,243"/>
            <TextEquiv index="1" conf="0.9994024991989137">
              <Unicode>e</Unicode>
            </TextEquiv>
          </Glyph>
          <TextEquiv index="1" conf="0.9958533763347703">
            <Unicode>ſe</Unicode>
          </TextEquiv>
        </Word>
        <Word id="w51165">
          <Coords points="458,213 545,213 545,243 458,243"/>
          <Glyph id="w51165g0">
            <Coords points="458,213 458,213 458,243 458,243"/>
            <TextEquiv index="1" conf="0.9904754996299743">
              <Unicode>f</Unicode>
            </TextEquiv>
          </Glyph>
          <Glyph id="w51165g1">
            <Coords points="464,213 467,213 467,243 464,243"/>
            <TextEquiv index="1" conf="0.9860832929611206">
              <Unicode>a</Unicode>
            </TextEquiv>
          </Glyph>
          <Glyph id="w51165g2">
            <Coords points="485,213 488,213 488,243 485,243"/>
            <TextEquiv index="1" conf="0.9998849868774413">
              <Unicode>m</Unicode>
            </TextEquiv>
          </Glyph>
          <Glyph id="w51165g3">
            <Coords points="500,213 500,213 500,243 500,243"/>
            <TextEquiv index="1" conf="0.9997262835502625">
              <Unicode>i</Unicode>
            </TextEquiv>
          </Glyph>
          <Glyph id="w51165g4">
            <Coords points="509,213 509,213 509,243 509,243"/>
            <TextEquiv index="1" conf="0.9993461608886718">
              <Unicode>l</Unicode>
            </TextEquiv>
          </Glyph>
          <Glyph id="w51165g5">
            <Coords points="518,213 518,213 518,243 518,243"/>
            <TextEquiv index="1" conf="0.9997049808502196">
              <Unicode>i</Unicode>
            </TextEquiv>
          </Glyph>
          <Glyph id="w51165g6">
            <Coords points="524,213 527,213 527,243 524,243"/>
            <TextEquiv index="1" conf="0.9997563481330871">
              <Unicode>a</Unicode>
            </TextEquiv>
          </Glyph>
          <Glyph id="w51165g7">
            <Coords points="539,213 545,213 545,243 539,243"/>
            <TextEquiv index="1" conf="0.99952574968338">
              <Unicode>-</Unicode>
            </TextEquiv>
          </Glyph>
          <TextEquiv index="1" conf="0.9746853924311474">
            <Unicode>familia-</Unicode>
          </TextEquiv>
        </Word>
        <TextEquiv index="1" conf="0.9921492398462509">
          <Unicode>fingat, in aulam redeat, in ruam ſe familia-</Unicode>
        </TextEquiv>
      </TextLine>
      <TextLine id="r0_l009">
        <Coords points="400,270 400,263 401,262 432,262 433,261 532,261 533,260 534,260 537,257 548,257 549,256 549,254 548,252 536,252 535,252 535,251 534,249 518,249 517,248 509,248 508,247 431,247 430,247 430,243 430,242 416,242 414,240 413,241 136,241 135,242 134,242 133,243 46,243 45,244 45,249 26,249 25,250 22,250 21,251 21,261 20,262 20,263 21,263 208,263 208,264 208,266 209,266 210,266 211,267 220,267 221,268 353,268 353,269 353,270 354,270 400,270"/>
        <Word id="w51166">
          <Coords points="30,240 110,240 110,270 30,270"/>
          <Glyph id="w51166g0">
            <Coords points="30,240 30,240 30,270 30,270"/>
            <TextEquiv index="1" conf="0.5692843943834305">
              <Unicode>T</Unicode>
            </TextEquiv>
          </Glyph>
          <Glyph id="w51166g1">
            <Coords points="43,240 43,240 43,270 43,270"/>
            <TextEquiv index="1" conf="0.5677728205919266">
              <Unicode>i</Unicode>
            </TextEquiv>
          </Glyph>
          <Glyph id="w51166g2">
            <Coords points="54,240 57,240 57,270 54,270"/>
            <TextEquiv index="1" conf="0.9724639892578125">
              <Unicode>t</Unicode>
            </TextEquiv>
          </Glyph>
          <Glyph id="w51166g3">
            <Coords points="62,240 67,240 67,270 62,270"/>
            <TextEquiv index="1" conf="0.999972653388977">
              <Unicode>a</Unicode>
            </TextEquiv>
          </Glyph>
          <Glyph id="w51166g4">
            <Coords points="78,240 81,240 81,270 78,270"/>
            <TextEquiv index="1" conf="0.9602615237236023">
              <Unicode>t</Unicode>
            </TextEquiv>
          </Glyph>
          <Glyph id="w51166g5">
            <Coords points="91,240 94,240 94,270 91,270"/>
            <TextEquiv index="1" conf="0.9998944878578186">
              <Unicode>e</Unicode>
            </TextEquiv>
          </Glyph>
          <Glyph id="w51166g6">
            <Coords points="107,240 110,240 110,270 107,270"/>
            <TextEquiv index="1" conf="0.9998905181884766">
              <Unicode>m</Unicode>
            </TextEquiv>
          </Glyph>
          <TextEquiv index="1" conf="0.3017600070593134">
            <Unicode>Titatem</Unicode>
          </TextEquiv>
        </Word>
        <Word id="w51167">
          <Coords points="129,240 211,240 211,270 129,270"/>
          <Glyph id="w51167g0">
            <Coords points="129,240 129,240 129,270 129,270"/>
            <TextEquiv index="1" conf="0.9997842907905579">
              <Unicode>i</Unicode>
            </TextEquiv>
          </Glyph>
          <Glyph id="w51167g1">
            <Coords points="145,240 147,240 147,270 145,270"/>
            <TextEquiv index="1" conf="0.9999899387359619">
              <Unicode>m</Unicode>
            </TextEquiv>
          </Glyph>
          <Glyph id="w51167g2">
            <Coords points="166,240 169,240 169,270 166,270"/>
            <TextEquiv index="1" conf="0.9999158024787903">
              <Unicode>m</Unicode>
            </TextEquiv>
          </Glyph>
          <Glyph id="w51167g3">
            <Coords points="185,240 185,240 185,270 185,270"/>
            <TextEquiv index="1" conf="0.9984537243843079">
              <Unicode>e</Unicode>
            </TextEquiv>
          </Glyph>
          <Glyph id="w51167g4">
            <Coords points="195,240 198,240 198,270 195,270"/>
            <TextEquiv index="1" conf="0.9986286520957945">
              <Unicode>r</Unicode>
            </TextEquiv>
          </Glyph>
          <Glyph id="w51167g5">
            <Coords points="209,240 211,240 211,270 209,270"/>
            <TextEquiv index="1" conf="0.5276754836862285">
              <Unicode>g</Unicode>
            </TextEquiv>
          </Glyph>
          <TextEquiv index="1" conf="0.5259739697091861">
            <Unicode>immerg</Unicode>
          </TextEquiv>
        </Word>
        <Word id="w51168">
          <Coords points="235,240 246,240 246,270 235,270"/>
          <Glyph id="w51168g0">
            <Coords points="235,240 235,240 235,270 235,270"/>
            <TextEquiv index="1" conf="0.38155082861582434">
              <Unicode>r</Unicode>
            </TextEquiv>
          </Glyph>
          <Glyph id="w51168g1">
            <Coords points="243,240 246,240 246,270 243,270"/>
            <TextEquiv index="1" conf="0.9900806188583374">
              <Unicode>,</Unicode>
            </TextEquiv>
          </Glyph>
          <TextEquiv index="1" conf="0.37776608052186683">
            <Unicode>r,</Unicode>
          </TextEquiv>
        </Word>
        <Word id="w51169">
          <Coords points="259,240 331,240 331,270 259,270"/>
          <Glyph id="w51169g0">
            <Coords points="259,240 262,240 262,270 259,270"/>
            <TextEquiv index="1" conf="0.9978408068418503">
              <Unicode>t</Unicode>
            </TextEquiv>
          </Glyph>
          <Glyph id="w51169g1">
            <Coords points="267,240 270,240 270,270 267,270"/>
            <TextEquiv index="1" conf="0.9999569416046143">
              <Unicode>a</Unicode>
            </TextEquiv>
          </Glyph>
          <Glyph id="w51169g2">
            <Coords points="280,240 283,240 283,270 280,270"/>
            <TextEquiv index="1" conf="0.9998214602470398">
              <Unicode>n</Unicode>
            </TextEquiv>
          </Glyph>
          <Glyph id="w51169g3">
            <Coords points="299,240 302,240 302,270 299,270"/>
            <TextEquiv index="1" conf="0.999959409236908">
              <Unicode>d</Unicode>
            </TextEquiv>
          </Glyph>
          <Glyph id="w51169g4">
            <Coords points="312,240 315,240 315,270 312,270"/>
            <TextEquiv index="1" conf="0.9998733997344971">
              <Unicode>e</Unicode>
            </TextEquiv>
          </Glyph>
          <Glyph id="w51169g5">
            <Coords points="328,240 331,240 331,270 328,270"/>
            <TextEquiv index="1" conf="0.9972693204879761">
              <Unicode>m</Unicode>
            </TextEquiv>
          </Glyph>
          <TextEquiv index="1" conf="0.994729182684305">
            <Unicode>tandem</Unicode>
          </TextEquiv>
        </Word>
        <Word id="w51170">
          <Coords points="347,240 382,240 382,270 347,270"/>
          <Glyph id="w51170g0">
            <Coords points="347,240 355,240 355,270 347,270"/>
            <TextEquiv index="1" conf="0.9993593692779541">
              <Unicode>q</Unicode>
            </TextEquiv>
          </Glyph>
          <Glyph id="w51170g1">
            <Coords points="360,240 363,240 363,270 360,270"/>
            <TextEquiv index="1" conf="0.9995419621467592">
              <Unicode>u</Unicode>
            </TextEquiv>
          </Glyph>
          <Glyph id="w51170g2">
            <Coords points="379,240 382,240 382,270 379,270"/>
            <TextEquiv index="1" conf="0.9376527905464171">
              <Unicode>e</Unicode>
            </TextEquiv>
          </Glyph>
          <TextEquiv index="1" conf="0.9366228960292984">
            <Unicode>que</Unicode>
          </TextEquiv>
        </Word>
        <Word id="w51171">
          <Coords points="398,240 424,240 424,270 398,270"/>
          <Glyph id="w51171g0">
            <Coords points="398,240 400,240 400,270 398,270"/>
            <TextEquiv index="1" conf="0.9877025961875916">
              <Unicode>v</Unicode>
            </TextEquiv>
          </Glyph>
          <Glyph id="w51171g1">
            <Coords points="408,240 408,240 408,270 408,270"/>
            <TextEquiv index="1" conf="0.9999758243560792">
              <Unicode>b</Unicode>
            </TextEquiv>
          </Glyph>
          <Glyph id="w51171g2">
            <Coords points="422,240 424,240 424,270 422,270"/>
            <TextEquiv index="1" conf="0.9927907824516298">
              <Unicode>i</Unicode>
            </TextEquiv>
          </Glyph>
          <TextEquiv index="1" conf="0.980558327096513">
            <Unicode>vbi</Unicode>
          </TextEquiv>
        </Word>
        <Word id="w51172">
          <Coords points="451,240 542,240 542,270 451,270"/>
          <Glyph id="w51172g0">
            <Coords points="451,240 454,240 454,270 451,270"/>
            <TextEquiv index="1" conf="0.9995613813400268">
              <Unicode>c</Unicode>
            </TextEquiv>
          </Glyph>
          <Glyph id="w51172g1">
            <Coords points="464,240 470,240 470,270 464,270"/>
            <TextEquiv index="1" conf="0.9988101363182067">
              <Unicode>o</Unicode>
            </TextEquiv>
          </Glyph>
          <Glyph id="w51172g2">
            <Coords points="483,240 486,240 486,270 483,270"/>
            <TextEquiv index="1" conf="0.9997029781341552">
              <Unicode>m</Unicode>
            </TextEquiv>
          </Glyph>
          <Glyph id="w51172g3">
            <Coords points="504,240 507,240 507,270 504,270"/>
            <TextEquiv index="1" conf="0.9998311161994935">
              <Unicode>m</Unicode>
            </TextEquiv>
          </Glyph>
          <Glyph id="w51172g4">
            <Coords points="523,240 528,240 528,270 523,270"/>
            <TextEquiv index="1" conf="0.9551669239997863">
              <Unicode>o</Unicode>
            </TextEquiv>
          </Glyph>
          <Glyph id="w51172g5">
            <Coords points="536,240 542,240 542,270 536,270"/>
            <TextEquiv index="1" conf="0.9981189131736755">
              <Unicode>-</Unicode>
            </TextEquiv>
          </Glyph>
          <TextEquiv index="1" conf="0.9513747134405416">
            <Unicode>commo-</Unicode>
          </TextEquiv>
        </Word>
        <TextEquiv index="1" conf="0.9209605267814172">
          <Unicode>Titatem immerg r, tandem que vbi commo-</Unicode>
        </TextEquiv>
      </TextLine>
      <TextLine id="r0_l010">
        <Coords points="1,279 20,279 20,280 20,286 22,287 24,287 25,288 37,288 38,289 72,289 72,290 72,295 73,295 307,295 308,296 519,296 519,290 520,289 549,289 549,281 547,279 547,277 546,275 526,275 525,275 525,269 525,268 467,268 466,267 294,267 293,266 98,266 96,268 41,268 40,269 36,269 35,270 35,275 34,276 33,276 32,277 1,277 1,278 1,279"/>
        <Word id="w51173">
          <Coords points="36,266 72,266 72,296 36,296"/>
          <Glyph id="w51173g0">
            <Coords points="36,266 39,266 39,296 36,296"/>
            <TextEquiv index="1" conf="0.799156536658605">
              <Unicode>d</Unicode>
            </TextEquiv>
          </Glyph>
          <Glyph id="w51173g1">
            <Coords points="48,266 48,266 48,296 48,296"/>
            <TextEquiv index="1" conf="0.998999810218811">
              <Unicode>u</Unicode>
            </TextEquiv>
          </Glyph>
          <Glyph id="w51173g2">
            <Coords points="72,266 72,266 72,296 72,296"/>
            <TextEquiv index="1" conf="0.9999214053153991">
              <Unicode>m</Unicode>
            </TextEquiv>
          </Glyph>
          <TextEquiv index="1" conf="0.7982944818224993">
            <Unicode>dum</Unicode>
          </TextEquiv>
        </Word>
        <Word id="w51174">
          <Coords points="93,266 162,266 162,296 93,296"/>
          <Glyph id="w51174g0">
            <Coords points="93,266 93,266 93,296 93,296"/>
            <TextEquiv index="1" conf="0.9984235882759094">
              <Unicode>f</Unicode>
            </TextEquiv>
          </Glyph>
          <Glyph id="w51174g1">
            <Coords points="102,266 102,266 102,296 102,296"/>
            <TextEquiv index="1" conf="0.9997022867202758">
              <Unicode>u</Unicode>
            </TextEquiv>
          </Glyph>
          <Glyph id="w51174g2">
            <Coords points="120,266 120,266 120,296 120,296"/>
            <TextEquiv index="1" conf="0.9999651908874512">
              <Unicode>e</Unicode>
            </TextEquiv>
          </Glyph>
          <Glyph id="w51174g3">
            <Coords points="132,266 132,266 132,296 132,296"/>
            <TextEquiv index="1" conf="0.999936008453369">
              <Unicode>r</Unicode>
            </TextEquiv>
          </Glyph>
          <Glyph id="w51174g4">
            <Coords points="141,266 141,266 141,296 141,296"/>
            <TextEquiv index="1" conf="0.9995295047760009">
              <Unicode>i</Unicode>
            </TextEquiv>
          </Glyph>
          <Glyph id="w51174g5">
            <Coords points="153,266 153,266 153,296 153,296"/>
            <TextEquiv index="1" conf="0.9841071486473083">
              <Unicode>t</Unicode>
            </TextEquiv>
          </Glyph>
          <Glyph id="w51174g6">
            <Coords points="159,266 162,266 162,296 159,296"/>
            <TextEquiv index="1" conf="0.9990308284759521">
              <Unicode>,</Unicode>
            </TextEquiv>
          </Glyph>
          <TextEquiv index="1" conf="0.9807526804267311">
            <Unicode>fuerit,</Unicode>
          </TextEquiv>
        </Word>
        <Word id="w51175">
          <Coords points="174,266 258,266 258,296 174,296"/>
          <Glyph id="w51175g0">
            <Coords points="174,266 177,266 177,296 174,296"/>
            <TextEquiv index="1" conf="0.9967282056808471">
              <Unicode>v</Unicode>
            </TextEquiv>
          </Glyph>
          <Glyph id="w51175g1">
            <Coords points="186,266 186,266 186,296 186,296"/>
            <TextEquiv index="1" conf="0.9898167014122009">
              <Unicode>l</Unicode>
            </TextEquiv>
          </Glyph>
          <Glyph id="w51175g2">
            <Coords points="198,266 198,266 198,296 198,296"/>
            <TextEquiv index="1" conf="0.9988776564598083">
              <Unicode>t</Unicode>
            </TextEquiv>
          </Glyph>
          <Glyph id="w51175g3">
            <Coords points="207,266 207,266 207,296 207,296"/>
            <TextEquiv index="1" conf="0.9942021012306212">
              <Unicode>i</Unicode>
            </TextEquiv>
          </Glyph>
          <Glyph id="w51175g4">
            <Coords points="222,266 225,266 225,296 222,296"/>
            <TextEquiv index="1" conf="0.9813812136650086">
              <Unicode>m</Unicode>
            </TextEquiv>
          </Glyph>
          <Glyph id="w51175g5">
            <Coords points="234,266 237,266 237,296 234,296"/>
            <TextEquiv index="1" conf="0.9999886274337768">
              <Unicode>a</Unicode>
            </TextEquiv>
          </Glyph>
          <Glyph id="w51175g6">
            <Coords points="255,266 258,266 258,296 255,296"/>
            <TextEquiv index="1" conf="0.9992661476135254">
              <Unicode>m</Unicode>
            </TextEquiv>
          </Glyph>
          <TextEquiv index="1" conf="0.9607988554999575">
            <Unicode>vltimam</Unicode>
          </TextEquiv>
        </Word>
        <Word id="w51176">
          <Coords points="273,266 330,266 330,296 273,296"/>
          <Glyph id="w51176g0">
            <Coords points="273,266 276,266 276,296 273,296"/>
            <TextEquiv index="1" conf="0.9999638080596924">
              <Unicode>a</Unicode>
            </TextEquiv>
          </Glyph>
          <Glyph id="w51176g1">
            <Coords points="288,266 291,266 291,296 288,296"/>
            <TextEquiv index="1" conf="0.9998719453811646">
              <Unicode>l</Unicode>
            </TextEquiv>
          </Glyph>
          <Glyph id="w51176g2">
            <Coords points="300,266 303,266 303,296 300,296"/>
            <TextEquiv index="1" conf="0.9996554255485534">
              <Unicode>e</Unicode>
            </TextEquiv>
          </Glyph>
          <Glyph id="w51176g3">
            <Coords points="309,266 312,266 312,296 309,296"/>
            <TextEquiv index="1" conf="0.999941635131836">
              <Unicode>a</Unicode>
            </TextEquiv>
          </Glyph>
          <Glyph id="w51176g4">
            <Coords points="330,266 330,266 330,296 330,296"/>
            <TextEquiv index="1" conf="0.9999955415725708">
              <Unicode>m</Unicode>
            </TextEquiv>
          </Glyph>
          <TextEquiv index="1" conf="0.9994284491439827">
            <Unicode>aleam</Unicode>
          </TextEquiv>
        </Word>
        <Word id="w51177">
          <Coords points="360,266 438,266 438,296 360,296"/>
          <Glyph id="w51177g0">
            <Coords points="360,266 363,266 363,296 360,296"/>
            <TextEquiv index="1" conf="0.9980212211608888">
              <Unicode>i</Unicode>
            </TextEquiv>
          </Glyph>
          <Glyph id="w51177g1">
            <Coords points="366,266 372,266 372,296 366,296"/>
            <TextEquiv index="1" conf="0.9998472094535826">
              <Unicode>a</Unicode>
            </TextEquiv>
          </Glyph>
          <Glyph id="w51177g2">
            <Coords points="384,266 387,266 387,296 384,296"/>
            <TextEquiv index="1" conf="0.999968409538269">
              <Unicode>c</Unicode>
            </TextEquiv>
          </Glyph>
          <Glyph id="w51177g3">
            <Coords points="393,266 396,266 396,296 393,296"/>
            <TextEquiv index="1" conf="0.9947218537330629">
              <Unicode>i</Unicode>
            </TextEquiv>
          </Glyph>
          <Glyph id="w51177g4">
            <Coords points="399,266 402,266 402,296 399,296"/>
            <TextEquiv index="1" conf="0.9985406756401063">
              <Unicode>a</Unicode>
            </TextEquiv>
          </Glyph>
          <Glyph id="w51177g5">
            <Coords points="417,266 417,266 417,296 417,296"/>
            <TextEquiv index="1" conf="0.9999805688858031">
              <Unicode>t</Unicode>
            </TextEquiv>
          </Glyph>
          <Glyph id="w51177g6">
            <Coords points="435,266 438,266 438,296 435,296"/>
            <TextEquiv index="1" conf="0.9762726664543152">
              <Unicode>,</Unicode>
            </TextEquiv>
          </Glyph>
          <TextEquiv index="1" conf="0.9675865129442952">
            <Unicode>iaciat,</Unicode>
          </TextEquiv>
        </Word>
        <Word id="w51178">
          <Coords points="456,266 474,266 474,296 456,296"/>
          <Glyph id="w51178g0">
            <Coords points="456,266 456,266 456,296 456,296"/>
            <TextEquiv index="1" conf="0.998845672607422">
              <Unicode>ſ</Unicode>
            </TextEquiv>
          </Glyph>
          <Glyph id="w51178g1">
            <Coords points="462,266 462,266 462,296 462,296"/>
            <TextEquiv index="1" conf="0.9987293839454652">
              <Unicode>i</Unicode>
            </TextEquiv>
          </Glyph>
          <Glyph id="w51178g2">
            <Coords points="474,266 474,266 474,296 474,296"/>
            <TextEquiv index="1" conf="0.9999688148498536">
              <Unicode>c</Unicode>
            </TextEquiv>
          </Glyph>
          <TextEquiv index="1" conf="0.997545413686144">
            <Unicode>ſic</Unicode>
          </TextEquiv>
        </Word>
        <Word id="w51179">
          <Coords points="495,266 537,266 537,296 495,296"/>
          <Glyph id="w51179g0">
            <Coords points="495,266 495,266 495,296 495,296"/>
            <TextEquiv index="1" conf="0.9999087929725647">
              <Unicode>e</Unicode>
            </TextEquiv>
          </Glyph>
          <Glyph id="w51179g1">
            <Coords points="504,266 504,266 504,296 504,296"/>
            <TextEquiv index="1" conf="0.9999863147735595">
              <Unicode>n</Unicode>
            </TextEquiv>
          </Glyph>
          <Glyph id="w51179g2">
            <Coords points="519,266 519,266 519,296 519,296"/>
            <TextEquiv index="1" conf="0.9999665498733521">
              <Unicode>i</Unicode>
            </TextEquiv>
          </Glyph>
          <Glyph id="w51179g3">
            <Coords points="534,266 537,266 537,296 534,296"/>
            <TextEquiv index="1" conf="0.9998835563659668">
              <Unicode>m</Unicode>
            </TextEquiv>
          </Glyph>
          <TextEquiv index="1" conf="0.9997452348507849">
            <Unicode>enim</Unicode>
          </TextEquiv>
        </Word>
        <TextEquiv index="1" conf="0.9924804926391632">
          <Unicode>dum fuerit, vltimam aleam iaciat, ſic enim</Unicode>
        </TextEquiv>
      </TextLine>
      <TextLine id="r0_l011">
        <Coords points="523,323 524,322 531,322 532,321 532,314 535,311 548,311 549,310 549,309 548,308 548,307 548,306 537,306 535,305 535,304 534,302 533,302 532,301 520,301 519,301 519,297 519,296 488,296 487,297 485,297 483,299 483,301 413,301 412,301 412,297 412,296 410,296 409,297 409,301 394,301 393,302 349,302 348,301 336,301 335,300 333,300 332,301 312,301 311,301 311,297 311,296 308,296 307,297 307,301 261,301 260,300 259,301 213,301 212,301 212,296 212,295 209,295 207,297 207,301 190,301 189,300 175,300 174,299 156,299 155,299 155,295 155,294 146,294 145,293 143,293 142,294 141,294 140,295 105,295 104,294 102,294 101,295 54,295 53,296 53,297 50,297 47,300 47,302 28,302 27,303 25,303 24,304 23,304 21,306 21,309 20,310 20,312 21,313 21,315 22,315 24,315 25,316 37,316 38,315 58,315 59,314 100,314 101,315 118,315 119,316 128,316 129,315 173,315 174,316 188,316 189,315 247,315 247,316 247,322 249,323 255,323 256,322 256,317 257,316 390,316 390,317 390,322 391,322 395,322 396,323 398,323 399,322 399,317 400,316 464,316 464,317 464,320 466,321 467,320 469,320 470,319 470,318 472,316 484,316 485,315 515,315 516,316 521,316 521,317 521,322 523,323"/>
        <Word id="w51180">
          <Coords points="30,293 33,293 33,323 30,323"/>
          <Glyph id="w51180g0">
            <Coords points="30,293 33,293 33,323 30,323"/>
            <TextEquiv index="1" conf="0.5529858879745007">
              <Unicode>æ</Unicode>
            </TextEquiv>
          </Glyph>
          <TextEquiv index="1" conf="0.5529858879745007">
            <Unicode>æ</Unicode>
          </TextEquiv>
        </Word>
        <Word id="w51181">
          <Coords points="45,293 54,293 54,323 45,323"/>
          <Glyph id="w51181g0">
            <Coords points="45,293 45,293 45,323 45,323"/>
            <TextEquiv index="1" conf="0.9975019097328186">
              <Unicode>ſ</Unicode>
            </TextEquiv>
          </Glyph>
          <Glyph id="w51181g1">
            <Coords points="51,293 54,293 54,323 51,323"/>
            <TextEquiv index="1" conf="0.9995290279388428">
              <Unicode>t</Unicode>
            </TextEquiv>
          </Glyph>
          <TextEquiv index="1" conf="0.9970321142023835">
            <Unicode>ſt</Unicode>
          </TextEquiv>
        </Word>
        <Word id="w51182">
          <Coords points="69,293 78,293 78,323 69,323"/>
          <Glyph id="w51182g0">
            <Coords points="69,293 69,293 69,323 69,323"/>
            <TextEquiv index="1" conf="0.999558937549591">
              <Unicode>i</Unicode>
            </TextEquiv>
          </Glyph>
          <Glyph id="w51182g1">
            <Coords points="78,293 78,293 78,323 78,323"/>
            <TextEquiv index="1" conf="0.9998635530471802">
              <Unicode>n</Unicode>
            </TextEquiv>
          </Glyph>
          <TextEquiv index="1" conf="0.9994225507783986">
            <Unicode>in</Unicode>
          </TextEquiv>
        </Word>
        <Word id="w51183">
          <Coords points="99,293 126,293 126,323 99,323"/>
          <Glyph id="w51183g0">
            <Coords points="99,293 99,293 99,323 99,323"/>
            <TextEquiv index="1" conf="0.9997776627540588">
              <Unicode>h</Unicode>
            </TextEquiv>
          </Glyph>
          <Glyph id="w51183g1">
            <Coords points="114,293 114,293 114,323 114,323"/>
            <TextEquiv index="1" conf="0.9999457836151123">
              <Unicode>i</Unicode>
            </TextEquiv>
          </Glyph>
          <Glyph id="w51183g2">
            <Coords points="123,293 126,293 126,323 123,323"/>
            <TextEquiv index="1" conf="0.9991314053535462">
              <Unicode>s</Unicode>
            </TextEquiv>
          </Glyph>
          <TextEquiv index="1" conf="0.9988551039795718">
            <Unicode>his</Unicode>
          </TextEquiv>
        </Word>
        <Word id="w51184">
          <Coords points="141,293 219,293 219,323 141,323"/>
          <Glyph id="w51184g0">
            <Coords points="141,293 141,293 141,323 141,323"/>
            <TextEquiv index="1" conf="0.8681288480758667">
              <Unicode>l</Unicode>
            </TextEquiv>
          </Glyph>
          <Glyph id="w51184g1">
            <Coords points="147,293 150,293 150,323 147,323"/>
            <TextEquiv index="1" conf="0.9998311161994935">
              <Unicode>i</Unicode>
            </TextEquiv>
          </Glyph>
          <Glyph id="w51184g2">
            <Coords points="159,293 162,293 162,323 159,323"/>
            <TextEquiv index="1" conf="0.7896027982234954">
              <Unicode>t</Unicode>
            </TextEquiv>
          </Glyph>
          <Glyph id="w51184g3">
            <Coords points="171,293 171,293 171,323 171,323"/>
            <TextEquiv index="1" conf="0.9998084306716919">
              <Unicode>t</Unicode>
            </TextEquiv>
          </Glyph>
          <Glyph id="w51184g4">
            <Coords points="183,293 186,293 186,323 183,323"/>
            <TextEquiv index="1" conf="0.9999133944511414">
              <Unicode>e</Unicode>
            </TextEquiv>
          </Glyph>
          <Glyph id="w51184g5">
            <Coords points="195,293 195,293 195,323 195,323"/>
            <TextEquiv index="1" conf="0.9999613523483276">
              <Unicode>r</Unicode>
            </TextEquiv>
          </Glyph>
          <Glyph id="w51184g6">
            <Coords points="204,293 207,293 207,323 204,323"/>
            <TextEquiv index="1" conf="0.9995542407035827">
              <Unicode>i</Unicode>
            </TextEquiv>
          </Glyph>
          <Glyph id="w51184g7">
            <Coords points="216,293 219,293 219,323 216,323"/>
            <TextEquiv index="1" conf="0.9900612115859986">
              <Unicode>s</Unicode>
            </TextEquiv>
          </Glyph>
          <TextEquiv index="1" conf="0.6780322065581035">
            <Unicode>litteris</Unicode>
          </TextEquiv>
        </Word>
        <Word id="w51185">
          <Coords points="243,293 288,293 288,323 243,323"/>
          <Glyph id="w51185g0">
            <Coords points="243,293 249,293 249,323 243,323"/>
            <TextEquiv index="1" conf="0.9933298826217651">
              <Unicode>q</Unicode>
            </TextEquiv>
          </Glyph>
          <Glyph id="w51185g1">
            <Coords points="255,293 258,293 258,323 255,323"/>
            <TextEquiv index="1" conf="0.9995404839515687">
              <Unicode>u</Unicode>
            </TextEquiv>
          </Glyph>
          <Glyph id="w51185g2">
            <Coords points="270,293 273,293 273,323 270,323"/>
            <TextEquiv index="1" conf="0.9960853815078734">
              <Unicode>a</Unicode>
            </TextEquiv>
          </Glyph>
          <Glyph id="w51185g3">
            <Coords points="285,293 288,293 288,323 285,323"/>
            <TextEquiv index="1" conf="0.9997251510620118">
              <Unicode>s</Unicode>
            </TextEquiv>
          </Glyph>
          <TextEquiv index="1" conf="0.9887148889564579">
            <Unicode>quas</Unicode>
          </TextEquiv>
        </Word>
        <Word id="w51186">
          <Coords points="303,293 465,293 465,323 303,323"/>
          <Glyph id="w51186g0">
            <Coords points="303,293 306,293 306,323 303,323"/>
            <TextEquiv index="1" conf="0.997667932510376">
              <Unicode>i</Unicode>
            </TextEquiv>
          </Glyph>
          <Glyph id="w51186g1">
            <Coords points="315,293 315,293 315,323 315,323"/>
            <TextEquiv index="1" conf="0.9997855663299561">
              <Unicode>n</Unicode>
            </TextEquiv>
          </Glyph>
          <Glyph id="w51186g2">
            <Coords points="330,293 333,293 333,323 330,323"/>
            <TextEquiv index="1" conf="0.9997210621833801">
              <Unicode>t</Unicode>
            </TextEquiv>
          </Glyph>
          <Glyph id="w51186g3">
            <Coords points="342,293 345,293 345,323 342,323"/>
            <TextEquiv index="1" conf="0.9999459505081176">
              <Unicode>e</Unicode>
            </TextEquiv>
          </Glyph>
          <Glyph id="w51186g4">
            <Coords points="354,293 357,293 357,323 354,323"/>
            <TextEquiv index="1" conf="0.9994754433631897">
              <Unicode>r</Unicode>
            </TextEquiv>
          </Glyph>
          <Glyph id="w51186g5">
            <Coords points="369,293 369,293 369,323 369,323"/>
            <TextEquiv index="1" conf="0.9843588829040528">
              <Unicode>c</Unicode>
            </TextEquiv>
          </Glyph>
          <Glyph id="w51186g6">
            <Coords points="381,293 384,293 384,323 381,323"/>
            <TextEquiv index="1" conf="0.9999701976776122">
              <Unicode>e</Unicode>
            </TextEquiv>
          </Glyph>
          <Glyph id="w51186g7">
            <Coords points="390,293 393,293 393,323 390,323"/>
            <TextEquiv index="1" conf="0.9926364183425903">
              <Unicode>p</Unicode>
            </TextEquiv>
          </Glyph>
          <Glyph id="w51186g8">
            <Coords points="405,293 408,293 408,323 405,323"/>
            <TextEquiv index="1" conf="0.9993247747421264">
              <Unicode>i</Unicode>
            </TextEquiv>
          </Glyph>
          <Glyph id="w51186g9">
            <Coords points="420,293 423,293 423,323 420,323"/>
            <TextEquiv index="1" conf="0.9937368154525756">
              <Unicode>m</Unicode>
            </TextEquiv>
          </Glyph>
          <Glyph id="w51186g10">
            <Coords points="435,293 438,293 438,323 435,323"/>
            <TextEquiv index="1" conf="0.9850929498672486">
              <Unicode>u</Unicode>
            </TextEquiv>
          </Glyph>
          <Glyph id="w51186g11">
            <Coords points="453,293 456,293 456,323 453,323"/>
            <TextEquiv index="1" conf="0.992733895778656">
              <Unicode>s</Unicode>
            </TextEquiv>
          </Glyph>
          <Glyph id="w51186g12">
            <Coords points="462,293 465,293 465,323 462,323"/>
            <TextEquiv index="1" conf="0.9915283203125">
              <Unicode>,</Unicode>
            </TextEquiv>
          </Glyph>
          <TextEquiv index="1" conf="0.9376576838985391">
            <Unicode>intercepimus,</Unicode>
          </TextEquiv>
        </Word>
        <Word id="w51187">
          <Coords points="480,293 543,293 543,323 480,323"/>
          <Glyph id="w51187g0">
            <Coords points="480,293 480,293 480,323 480,323"/>
            <TextEquiv index="1" conf="0.996931540966034">
              <Unicode>ſ</Unicode>
            </TextEquiv>
          </Glyph>
          <Glyph id="w51187g1">
            <Coords points="492,293 492,293 492,323 492,323"/>
            <TextEquiv index="1" conf="0.9114856362342834">
              <Unicode>c</Unicode>
            </TextEquiv>
          </Glyph>
          <Glyph id="w51187g2">
            <Coords points="501,293 504,293 504,323 501,323"/>
            <TextEquiv index="1" conf="0.9917016029357909">
              <Unicode>r</Unicode>
            </TextEquiv>
          </Glyph>
          <Glyph id="w51187g3">
            <Coords points="513,293 513,293 513,323 513,323"/>
            <TextEquiv index="1" conf="0.9998629093170166">
              <Unicode>i</Unicode>
            </TextEquiv>
          </Glyph>
          <Glyph id="w51187g4">
            <Coords points="525,293 528,293 528,323 525,323"/>
            <TextEquiv index="1" conf="0.5328633412718773">
              <Unicode>ꝑ</Unicode>
            </TextEquiv>
          </Glyph>
          <Glyph id="w51187g5">
            <Coords points="537,293 543,293 543,323 537,323"/>
            <TextEquiv index="1" conf="0.9974719166755677">
              <Unicode>-</Unicode>
            </TextEquiv>
          </Glyph>
          <TextEquiv index="1" conf="0.47890917770800423">
            <Unicode>ſcriꝑ-</Unicode>
          </TextEquiv>
        </Word>
        <TextEquiv index="1" conf="0.9648581808837859">
          <Unicode>æ ſt in his litteris quas intercepimus, ſcriꝑ-</Unicode>
        </TextEquiv>
      </TextLine>
      <TextLine id="r0_l012">
        <Coords points="1,334 3,334 3,335 3,339 4,339 22,339 22,340 22,349 23,349 25,349 26,348 105,348 105,347 26,347 25,347 25,344 26,343 36,343 37,342 88,342 89,341 90,341 90,340 91,339 91,336 91,335 82,335 81,335 81,330 80,328 74,328 73,327 37,327 36,326 34,326 33,325 32,325 31,324 30,324 28,322 27,322 26,323 25,323 24,324 24,331 1,331 1,332 1,334"/>
        <Word id="w51188">
          <Coords points="45,322 84,322 84,349 45,349"/>
          <Glyph id="w51188g0">
            <Coords points="45,322 48,322 48,349 45,349"/>
            <TextEquiv index="1" conf="0.9998499035835267">
              <Unicode>u</Unicode>
            </TextEquiv>
          </Glyph>
          <Glyph id="w51188g1">
            <Coords points="69,322 72,322 72,349 69,349"/>
            <TextEquiv index="1" conf="0.9999791860580445">
              <Unicode>m</Unicode>
            </TextEquiv>
          </Glyph>
          <Glyph id="w51188g2">
            <Coords points="84,322 84,322 84,349 84,349"/>
            <TextEquiv index="1" conf="0.997665286064148">
              <Unicode>.</Unicode>
            </TextEquiv>
          </Glyph>
          <TextEquiv index="1" conf="0.997494777849319">
            <Unicode>um.</Unicode>
          </TextEquiv>
        </Word>
        <TextEquiv index="1" conf="0.9991647919019063">
          <Unicode>um.</Unicode>
        </TextEquiv>
      </TextLine>
      <TextLine id="r0_l013">
        <Coords points="88,374 89,373 91,373 92,372 92,370 93,369 155,369 156,368 161,368 189,368 190,369 191,368 205,368 206,367 218,367 219,366 219,351 220,350 218,347 217,348 216,348 215,349 214,349 210,353 210,354 169,354 168,354 168,350 167,348 69,348 68,349 67,349 66,350 65,350 62,353 62,354 61,355 61,356 60,357 60,361 61,362 61,363 65,366 66,366 67,367 70,367 71,368 72,368 73,369 74,369 76,371 78,371 79,372 80,372 81,373 87,373 88,374"/>
        <Word id="w51189">
          <Coords points="73,347 116,347 116,374 73,374"/>
          <Glyph id="w51189g0">
            <Coords points="73,347 76,347 76,374 73,374"/>
            <TextEquiv index="1" conf="0.9995259761810303">
              <Unicode>Q</Unicode>
            </TextEquiv>
          </Glyph>
          <Glyph id="w51189g1">
            <Coords points="86,347 86,347 86,374 86,374"/>
            <TextEquiv index="1" conf="0.9998841166496277">
              <Unicode>u</Unicode>
            </TextEquiv>
          </Glyph>
          <Glyph id="w51189g2">
            <Coords points="99,347 103,347 103,374 99,374"/>
            <TextEquiv index="1" conf="0.9998886585235596">
              <Unicode>i</Unicode>
            </TextEquiv>
          </Glyph>
          <Glyph id="w51189g3">
            <Coords points="113,347 116,347 116,374 113,374"/>
            <TextEquiv index="1" conf="0.9994390487670899">
              <Unicode>d</Unicode>
            </TextEquiv>
          </Glyph>
          <TextEquiv index="1" conf="0.998738314026433">
            <Unicode>Quid</Unicode>
          </TextEquiv>
        </Word>
        <Word id="w51190">
          <Coords points="129,347 149,347 149,374 129,374"/>
          <Glyph id="w51190g0">
            <Coords points="129,347 132,347 132,374 129,374"/>
            <TextEquiv index="1" conf="0.999951434135437">
              <Unicode>a</Unicode>
            </TextEquiv>
          </Glyph>
          <Glyph id="w51190g1">
            <Coords points="146,347 149,347 149,374 146,374"/>
            <TextEquiv index="1" conf="0.9997651934623719">
              <Unicode>d</Unicode>
            </TextEquiv>
          </Glyph>
          <TextEquiv index="1" conf="0.9997166390013914">
            <Unicode>ad</Unicode>
          </TextEquiv>
        </Word>
        <Word id="w51191">
          <Coords points="162,347 211,347 211,374 162,374"/>
          <Glyph id="w51191g0">
            <Coords points="162,347 162,347 162,374 162,374"/>
            <TextEquiv index="1" conf="0.9879499554634094">
              <Unicode>h</Unicode>
            </TextEquiv>
          </Glyph>
          <Glyph id="w51191g1">
            <Coords points="185,347 188,347 188,374 185,374"/>
            <TextEquiv index="1" conf="0.9987242937088013">
              <Unicode>æ</Unicode>
            </TextEquiv>
          </Glyph>
          <Glyph id="w51191g2">
            <Coords points="202,347 202,347 202,374 202,374"/>
            <TextEquiv index="1" conf="0.346013846496741">
              <Unicode>c</Unicode>
            </TextEquiv>
          </Glyph>
          <Glyph id="w51191g3">
            <Coords points="211,347 211,347 211,374 211,374"/>
            <TextEquiv index="1" conf="0.4704431869710485">
              <Unicode>:</Unicode>
            </TextEquiv>
          </Glyph>
          <TextEquiv index="1" conf="0.16061319517576972">
            <Unicode>hæc:</Unicode>
          </TextEquiv>
        </Word>
        <TextEquiv index="1" conf="0.9000975917041715">
          <Unicode>Quid ad hæc:</Unicode>
        </TextEquiv>
      </TextLine>
      <TextLine id="r0_l014">
        <Coords points="217,403 217,397 218,396 495,396 495,397 495,400 497,401 502,401 503,400 503,396 504,395 535,395 536,394 536,392 537,391 550,391 550,386 550,385 548,385 547,385 547,384 547,383 544,383 543,383 543,375 543,374 541,374 540,373 539,374 239,374 238,375 29,375 28,375 28,372 24,367 23,368 23,369 22,370 22,375 24,376 57,376 57,377 57,394 58,394 63,394 64,395 85,395 86,396 212,396 212,397 212,403 213,403 217,403"/>
        <Word id="w51192">
          <Coords points="66,367 139,367 139,403 66,403"/>
          <Glyph id="w51192g0">
            <Coords points="66,367 69,367 69,403 66,403"/>
            <TextEquiv index="1" conf="0.7938349850475788">
              <Unicode>P</Unicode>
            </TextEquiv>
          </Glyph>
          <Glyph id="w51192g1">
            <Coords points="82,367 91,367 91,403 82,403"/>
            <TextEquiv index="1" conf="0.9681584358215332">
              <Unicode>R</Unicode>
            </TextEquiv>
          </Glyph>
          <Glyph id="w51192g2">
            <Coords points="104,367 104,367 104,403 104,403"/>
            <TextEquiv index="1" conf="0.9712644577026367">
              <Unicode>I</Unicode>
            </TextEquiv>
          </Glyph>
          <Glyph id="w51192g3">
            <Coords points="116,367 129,367 129,403 116,403"/>
            <TextEquiv index="1" conf="0.9942627549171448">
              <Unicode>N</Unicode>
            </TextEquiv>
          </Glyph>
          <Glyph id="w51192g4">
            <Coords points="135,367 139,367 139,403 135,403"/>
            <TextEquiv index="1" conf="0.9894764184951781">
              <Unicode>.</Unicode>
            </TextEquiv>
          </Glyph>
          <TextEquiv index="1" conf="0.7343799050455101">
            <Unicode>PRIN.</Unicode>
          </TextEquiv>
        </Word>
        <Word id="w51193">
          <Coords points="158,367 173,367 173,403 158,403"/>
          <Glyph id="w51193g0">
            <Coords points="158,367 161,367 161,403 158,403"/>
            <TextEquiv index="1" conf="0.9972474813461303">
              <Unicode>2</Unicode>
            </TextEquiv>
          </Glyph>
          <Glyph id="w51193g1">
            <Coords points="170,367 173,367 173,403 170,403"/>
            <TextEquiv index="1" conf="0.8711452484130859">
              <Unicode>.</Unicode>
            </TextEquiv>
          </Glyph>
          <TextEquiv index="1" conf="0.868747404866599">
            <Unicode>2.</Unicode>
          </TextEquiv>
        </Word>
        <Word id="w51194">
          <Coords points="192,367 281,367 281,403 192,403"/>
          <Glyph id="w51194g0">
            <Coords points="192,367 196,367 196,403 192,403"/>
            <TextEquiv index="1" conf="0.996817409992218">
              <Unicode>E</Unicode>
            </TextEquiv>
          </Glyph>
          <Glyph id="w51194g1">
            <Coords points="208,367 211,367 211,403 208,403"/>
            <TextEquiv index="1" conf="0.9998469352722168">
              <Unicode>q</Unicode>
            </TextEquiv>
          </Glyph>
          <Glyph id="w51194g2">
            <Coords points="221,367 224,367 224,403 221,403"/>
            <TextEquiv index="1" conf="0.9999824047088621">
              <Unicode>u</Unicode>
            </TextEquiv>
          </Glyph>
          <Glyph id="w51194g3">
            <Coords points="234,367 237,367 237,403 234,403"/>
            <TextEquiv index="1" conf="0.9997622251510621">
              <Unicode>i</Unicode>
            </TextEquiv>
          </Glyph>
          <Glyph id="w51194g4">
            <Coords points="249,367 253,367 253,403 249,403"/>
            <TextEquiv index="1" conf="0.9999186873435973">
              <Unicode>d</Unicode>
            </TextEquiv>
          </Glyph>
          <Glyph id="w51194g5">
            <Coords points="262,367 262,367 262,403 262,403"/>
            <TextEquiv index="1" conf="0.9999953985214234">
              <Unicode>e</Unicode>
            </TextEquiv>
          </Glyph>
          <Glyph id="w51194g6">
            <Coords points="278,367 281,367 281,403 278,403"/>
            <TextEquiv index="1" conf="0.9999945163726806">
              <Unicode>m</Unicode>
            </TextEquiv>
          </Glyph>
          <TextEquiv index="1" conf="0.9963192493074461">
            <Unicode>Equidem</Unicode>
          </TextEquiv>
        </Word>
        <Word id="w51195">
          <Coords points="300,367 344,367 344,403 300,403"/>
          <Glyph id="w51195g0">
            <Coords points="300,367 300,367 300,403 300,403"/>
            <TextEquiv index="1" conf="0.9982566356658936">
              <Unicode>ſ</Unicode>
            </TextEquiv>
          </Glyph>
          <Glyph id="w51195g1">
            <Coords points="306,367 306,367 306,403 306,403"/>
            <TextEquiv index="1" conf="0.9983623027801514">
              <Unicode>a</Unicode>
            </TextEquiv>
          </Glyph>
          <Glyph id="w51195g2">
            <Coords points="322,367 322,367 322,403 322,403"/>
            <TextEquiv index="1" conf="0.9986019134521484">
              <Unicode>t</Unicode>
            </TextEquiv>
          </Glyph>
          <Glyph id="w51195g3">
            <Coords points="329,367 332,367 332,403 329,403"/>
            <TextEquiv index="1" conf="0.9998130679130555">
              <Unicode>i</Unicode>
            </TextEquiv>
          </Glyph>
          <Glyph id="w51195g4">
            <Coords points="341,367 344,367 344,403 341,403"/>
            <TextEquiv index="1" conf="0.9970242142677307">
              <Unicode>s</Unicode>
            </TextEquiv>
          </Glyph>
          <TextEquiv index="1" conf="0.9920813569518367">
            <Unicode>ſatis</Unicode>
          </TextEquiv>
        </Word>
        <Word id="w51196">
          <Coords points="363,367 424,367 424,403 363,403"/>
          <Glyph id="w51196g0">
            <Coords points="363,367 367,367 367,403 363,403"/>
            <TextEquiv index="1" conf="0.9996531248092652">
              <Unicode>m</Unicode>
            </TextEquiv>
          </Glyph>
          <Glyph id="w51196g1">
            <Coords points="379,367 379,367 379,403 379,403"/>
            <TextEquiv index="1" conf="0.9332164168357848">
              <Unicode>i</Unicode>
            </TextEquiv>
          </Glyph>
          <Glyph id="w51196g2">
            <Coords points="392,367 392,367 392,403 392,403"/>
            <TextEquiv index="1" conf="0.999983549118042">
              <Unicode>r</Unicode>
            </TextEquiv>
          </Glyph>
          <Glyph id="w51196g3">
            <Coords points="398,367 401,367 401,403 398,403"/>
            <TextEquiv index="1" conf="0.9998811721801758">
              <Unicode>a</Unicode>
            </TextEquiv>
          </Glyph>
          <Glyph id="w51196g4">
            <Coords points="414,367 417,367 417,403 414,403"/>
            <TextEquiv index="1" conf="0.9996151089668275">
              <Unicode>r</Unicode>
            </TextEquiv>
          </Glyph>
          <Glyph id="w51196g5">
            <Coords points="424,367 424,367 424,403 424,403"/>
            <TextEquiv index="1" conf="0.9839270234107972">
              <Unicode>i</Unicode>
            </TextEquiv>
          </Glyph>
          <TextEquiv index="1" conf="0.9174209312176762">
            <Unicode>mirari</Unicode>
          </TextEquiv>
        </Word>
        <Word id="w51197">
          <Coords points="443,367 474,367 474,403 443,403"/>
          <Glyph id="w51197g0">
            <Coords points="443,367 443,367 443,403 443,403"/>
            <TextEquiv index="1" conf="0.9999743938446044">
              <Unicode>n</Unicode>
            </TextEquiv>
          </Glyph>
          <Glyph id="w51197g1">
            <Coords points="471,367 474,367 474,403 471,403"/>
            <TextEquiv index="1" conf="0.9875499844551086">
              <Unicode>n</Unicode>
            </TextEquiv>
          </Glyph>
          <TextEquiv index="1" conf="0.9875246970967457">
            <Unicode>nn</Unicode>
          </TextEquiv>
        </Word>
        <Word id="w51198">
          <Coords points="496,367 519,367 519,403 496,403"/>
          <Glyph id="w51198g0">
            <Coords points="496,367 500,367 500,403 496,403"/>
            <TextEquiv index="1" conf="0.999254035949707">
              <Unicode>p</Unicode>
            </TextEquiv>
          </Glyph>
          <Glyph id="w51198g1">
            <Coords points="515,367 519,367 519,403 515,403"/>
            <TextEquiv index="1" conf="0.99243403673172">
              <Unicode>o</Unicode>
            </TextEquiv>
          </Glyph>
          <TextEquiv index="1" conf="0.991693716618031">
            <Unicode>po</Unicode>
          </TextEquiv>
        </Word>
        <Word id="w51199">
          <Coords points="531,367 544,367 544,403 531,403"/>
          <Glyph id="w51199g0">
            <Coords points="531,367 531,367 531,403 531,403"/>
            <TextEquiv index="1" conf="0.9796293139457701">
              <Unicode>ſ</Unicode>
            </TextEquiv>
          </Glyph>
          <Glyph id="w51199g1">
            <Coords points="538,367 544,367 544,403 538,403"/>
            <TextEquiv index="1" conf="0.9848625779151916">
              <Unicode>-</Unicode>
            </TextEquiv>
          </Glyph>
          <TextEquiv index="1" conf="0.9648002515339217">
            <Unicode>ſ-</Unicode>
          </TextEquiv>
        </Word>
        <TextEquiv index="1" conf="0.9825602641427204">
          <Unicode>PRIN. 2. Equidem ſatis mirari nn po ſ-</Unicode>
        </TextEquiv>
      </TextLine>
      <TextLine id="r0_l015">
        <Coords points="533,429 533,419 534,418 541,418 542,417 543,417 543,415 542,413 531,413 530,413 530,409 530,408 509,408 508,408 508,403 508,402 505,402 503,404 503,408 471,408 470,408 470,406 468,403 454,403 453,402 452,402 451,401 447,401 445,403 444,403 443,404 443,405 442,406 442,407 441,408 415,408 414,408 414,403 414,402 411,402 410,403 382,403 381,404 381,408 365,408 364,407 363,408 362,408 361,409 272,409 271,408 270,408 269,409 217,409 216,408 167,408 166,407 156,407 155,406 152,406 150,408 55,408 54,407 46,407 45,407 45,403 44,401 34,401 33,402 32,402 29,405 29,406 28,407 28,408 27,408 25,410 25,420 24,421 24,423 25,423 29,423 30,422 37,422 38,421 74,421 75,422 77,422 78,421 89,421 89,422 89,429 90,429 92,429 92,422 93,421 135,421 135,422 135,428 136,428 137,428 137,422 138,421 204,421 205,422 271,422 272,423 299,423 300,422 344,422 344,423 344,425 346,426 348,426 352,422 388,422 388,423 388,429 389,429 390,429 390,423 391,422 424,422 425,421 444,421 457,421 458,422 529,422 530,421 531,421 531,422 531,429 532,429 533,429"/>
        <Word id="w51200">
          <Coords points="40,401 64,401 64,429 40,429"/>
          <Glyph id="w51200g0">
            <Coords points="40,401 42,401 42,429 40,429"/>
            <TextEquiv index="1" conf="0.7348932325839996">
              <Unicode>u</Unicode>
            </TextEquiv>
          </Glyph>
          <Glyph id="w51200g1">
            <Coords points="64,401 64,401 64,429 64,429"/>
            <TextEquiv index="1" conf="0.9978747248649598">
              <Unicode>m</Unicode>
            </TextEquiv>
          </Glyph>
          <TextEquiv index="1" conf="0.7333313822698795">
            <Unicode>um</Unicode>
          </TextEquiv>
        </Word>
        <Word id="w51201">
          <Coords points="88,401 117,401 117,429 88,429"/>
          <Glyph id="w51201g0">
            <Coords points="88,401 88,401 88,429 88,429"/>
            <TextEquiv index="1" conf="0.7043866693973542">
              <Unicode>t</Unicode>
            </TextEquiv>
          </Glyph>
          <Glyph id="w51201g1">
            <Coords points="93,401 98,401 98,429 93,429"/>
            <TextEquiv index="1" conf="0.9999942064285278">
              <Unicode>a</Unicode>
            </TextEquiv>
          </Glyph>
          <Glyph id="w51201g2">
            <Coords points="114,401 117,401 117,429 114,429"/>
            <TextEquiv index="1" conf="0.9995933532714844">
              <Unicode>m</Unicode>
            </TextEquiv>
          </Glyph>
          <TextEquiv index="1" conf="0.704096153607611">
            <Unicode>tam</Unicode>
          </TextEquiv>
        </Word>
        <Word id="w51202">
          <Coords points="133,401 221,401 221,429 133,429"/>
          <Glyph id="w51202g0">
            <Coords points="133,401 136,401 136,429 133,429"/>
            <TextEquiv index="1" conf="0.9998963236808777">
              <Unicode>a</Unicode>
            </TextEquiv>
          </Glyph>
          <Glyph id="w51202g1">
            <Coords points="149,401 152,401 152,429 149,429"/>
            <TextEquiv index="1" conf="0.9967242360115052">
              <Unicode>t</Unicode>
            </TextEquiv>
          </Glyph>
          <Glyph id="w51202g2">
            <Coords points="160,401 162,401 162,429 160,429"/>
            <TextEquiv index="1" conf="0.9828804850578308">
              <Unicode>r</Unicode>
            </TextEquiv>
          </Glyph>
          <Glyph id="w51202g3">
            <Coords points="176,401 178,401 178,429 176,429"/>
            <TextEquiv index="1" conf="0.9996030926704407">
              <Unicode>o</Unicode>
            </TextEquiv>
          </Glyph>
          <Glyph id="w51202g4">
            <Coords points="192,401 192,401 192,429 192,429"/>
            <TextEquiv index="1" conf="0.9999737024307251">
              <Unicode>c</Unicode>
            </TextEquiv>
          </Glyph>
          <Glyph id="w51202g5">
            <Coords points="202,401 205,401 205,429 202,429"/>
            <TextEquiv index="1" conf="0.9997200727462768">
              <Unicode>e</Unicode>
            </TextEquiv>
          </Glyph>
          <Glyph id="w51202g6">
            <Coords points="218,401 221,401 221,429 218,429"/>
            <TextEquiv index="1" conf="0.9999762058258057">
              <Unicode>m</Unicode>
            </TextEquiv>
          </Glyph>
          <TextEquiv index="1" conf="0.9788473081910409">
            <Unicode>atrocem</Unicode>
          </TextEquiv>
        </Word>
        <Word id="w51203">
          <Coords points="237,401 344,401 344,429 237,429"/>
          <Glyph id="w51203g0">
            <Coords points="237,401 240,401 240,429 237,429"/>
            <TextEquiv index="1" conf="0.9999160289764404">
              <Unicode>n</Unicode>
            </TextEquiv>
          </Glyph>
          <Glyph id="w51203g1">
            <Coords points="250,401 253,401 253,429 250,429"/>
            <TextEquiv index="1" conf="0.9999548196792603">
              <Unicode>a</Unicode>
            </TextEquiv>
          </Glyph>
          <Glyph id="w51203g2">
            <Coords points="266,401 269,401 269,429 266,429"/>
            <TextEquiv index="1" conf="0.974667239189148">
              <Unicode>t</Unicode>
            </TextEquiv>
          </Glyph>
          <Glyph id="w51203g3">
            <Coords points="277,401 280,401 280,429 277,429"/>
            <TextEquiv index="1" conf="0.9998856782913208">
              <Unicode>u</Unicode>
            </TextEquiv>
          </Glyph>
          <Glyph id="w51203g4">
            <Coords points="293,401 296,401 296,429 293,429"/>
            <TextEquiv index="1" conf="0.9994009375572204">
              <Unicode>r</Unicode>
            </TextEquiv>
          </Glyph>
          <Glyph id="w51203g5">
            <Coords points="301,401 304,401 304,429 301,429"/>
            <TextEquiv index="1" conf="0.9998191595077515">
              <Unicode>a</Unicode>
            </TextEquiv>
          </Glyph>
          <Glyph id="w51203g6">
            <Coords points="322,401 322,401 322,429 322,429"/>
            <TextEquiv index="1" conf="0.9999923467636108">
              <Unicode>m</Unicode>
            </TextEquiv>
          </Glyph>
          <Glyph id="w51203g7">
            <Coords points="341,401 344,401 344,429 341,429"/>
            <TextEquiv index="1" conf="0.9947132110595703">
              <Unicode>,</Unicode>
            </TextEquiv>
          </Glyph>
          <TextEquiv index="1" conf="0.9685150962225043">
            <Unicode>naturam,</Unicode>
          </TextEquiv>
        </Word>
        <Word id="w51204">
          <Coords points="360,401 421,401 421,429 360,429"/>
          <Glyph id="w51204g0">
            <Coords points="360,401 362,401 362,429 360,429"/>
            <TextEquiv index="1" conf="0.9735575556755067">
              <Unicode>t</Unicode>
            </TextEquiv>
          </Glyph>
          <Glyph id="w51204g1">
            <Coords points="368,401 370,401 370,429 368,429"/>
            <TextEquiv index="1" conf="0.9999608755111694">
              <Unicode>a</Unicode>
            </TextEquiv>
          </Glyph>
          <Glyph id="w51204g2">
            <Coords points="381,401 381,401 381,429 381,429"/>
            <TextEquiv index="1" conf="0.9994943976402284">
              <Unicode>n</Unicode>
            </TextEquiv>
          </Glyph>
          <Glyph id="w51204g3">
            <Coords points="397,401 400,401 400,429 397,429"/>
            <TextEquiv index="1" conf="0.999961519241333">
              <Unicode>t</Unicode>
            </TextEquiv>
          </Glyph>
          <Glyph id="w51204g4">
            <Coords points="405,401 408,401 408,429 405,429"/>
            <TextEquiv index="1" conf="0.9892361283302307">
              <Unicode>i</Unicode>
            </TextEquiv>
          </Glyph>
          <Glyph id="w51204g5">
            <Coords points="418,401 421,401 421,429 418,429"/>
            <TextEquiv index="1" conf="0.9991253614425659">
              <Unicode>s</Unicode>
            </TextEquiv>
          </Glyph>
          <TextEquiv index="1" conf="0.961674817532635">
            <Unicode>tantis</Unicode>
          </TextEquiv>
        </Word>
        <Word id="w51205">
          <Coords points="440,401 466,401 466,429 440,429"/>
          <Glyph id="w51205g0">
            <Coords points="440,401 440,401 440,429 440,429"/>
            <TextEquiv index="1" conf="0.994791567325592">
              <Unicode>f</Unicode>
            </TextEquiv>
          </Glyph>
          <Glyph id="w51205g1">
            <Coords points="445,401 445,401 445,429 445,429"/>
            <TextEquiv index="1" conf="0.9829815864562989">
              <Unicode>i</Unicode>
            </TextEquiv>
          </Glyph>
          <Glyph id="w51205g2">
            <Coords points="456,401 458,401 458,429 456,429"/>
            <TextEquiv index="1" conf="0.9998805403709412">
              <Unicode>c</Unicode>
            </TextEquiv>
          </Glyph>
          <Glyph id="w51205g3">
            <Coords points="464,401 466,401 466,429 464,429"/>
            <TextEquiv index="1" conf="0.9992040991783142">
              <Unicode>t</Unicode>
            </TextEquiv>
          </Glyph>
          <TextEquiv index="1" conf="0.9769667900045728">
            <Unicode>fict</Unicode>
          </TextEquiv>
        </Word>
        <Word id="w51206">
          <Coords points="485,401 488,401 488,429 485,429"/>
          <Glyph id="w51206g0">
            <Coords points="485,401 488,401 488,429 485,429"/>
            <TextEquiv index="1" conf="0.9966464281082154">
              <Unicode>æ</Unicode>
            </TextEquiv>
          </Glyph>
          <TextEquiv index="1" conf="0.9966464281082154">
            <Unicode>æ</Unicode>
          </TextEquiv>
        </Word>
        <Word id="w51207">
          <Coords points="501,401 536,401 536,429 501,429"/>
          <Glyph id="w51207g0">
            <Coords points="501,401 501,401 501,429 501,429"/>
            <TextEquiv index="1" conf="0.9945302724838256">
              <Unicode>h</Unicode>
            </TextEquiv>
          </Glyph>
          <Glyph id="w51207g1">
            <Coords points="517,401 517,401 517,429 517,429"/>
            <TextEquiv index="1" conf="0.9999594688415526">
              <Unicode>u</Unicode>
            </TextEquiv>
          </Glyph>
          <Glyph id="w51207g2">
            <Coords points="530,401 536,401 536,429 530,429"/>
            <TextEquiv index="1" conf="0.9990588545799255">
              <Unicode>-</Unicode>
            </TextEquiv>
          </Glyph>
          <TextEquiv index="1" conf="0.9935540033457647">
            <Unicode>hu-</Unicode>
          </TextEquiv>
        </Word>
        <TextEquiv index="1" conf="0.9794504276136073">
          <Unicode>um tam atrocem naturam, tantis fict æ hu-</Unicode>
        </TextEquiv>
      </TextLine>
      <TextLine id="r0_l016">
        <Coords points="1,449 2,449 3,448 31,448 31,449 31,455 32,455 37,455 37,449 38,448 93,448 94,447 101,447 136,447 137,448 138,448 139,447 177,447 178,448 216,448 217,449 222,449 223,448 259,448 260,449 261,449 262,448 291,448 292,449 296,449 297,448 409,448 409,449 409,452 410,452 414,452 416,450 416,449 417,448 436,448 437,447 465,447 466,448 499,448 499,449 499,460 500,460 501,459 506,459 507,458 508,458 509,457 509,456 510,455 511,455 511,449 512,448 547,448 548,449 550,449 551,448 551,446 552,445 552,444 551,443 551,435 550,434 550,428 550,427 546,427 544,429 531,429 530,430 530,435 508,435 507,434 486,434 485,435 451,435 450,435 450,429 450,428 427,428 426,429 425,429 424,430 423,430 421,432 421,435 392,435 391,435 391,430 391,429 388,429 387,430 387,433 379,433 378,434 351,434 350,435 322,435 321,435 321,430 321,429 319,429 317,431 317,435 285,435 284,435 284,429 284,428 280,428 279,429 279,435 243,435 242,434 223,434 222,434 222,430 222,429 213,429 212,428 210,428 209,429 209,434 139,434 138,434 138,429 138,428 135,428 134,429 134,433 94,433 93,433 93,430 93,429 89,429 88,430 88,434 34,434 33,435 30,435 29,436 28,436 27,437 2,437 1,439 1,449"/>
        <Word id="w51208">
          <Coords points="41,427 86,427 86,460 41,460"/>
          <Glyph id="w51208g0">
            <Coords points="41,427 41,427 41,460 41,460"/>
            <TextEquiv index="1" conf="0.677824854850769">
              <Unicode>n</Unicode>
            </TextEquiv>
          </Glyph>
          <Glyph id="w51208g1">
            <Coords points="55,427 58,427 58,460 55,460"/>
            <TextEquiv index="1" conf="0.9998759150505067">
              <Unicode>a</Unicode>
            </TextEquiv>
          </Glyph>
          <Glyph id="w51208g2">
            <Coords points="69,427 69,427 69,460 69,460"/>
            <TextEquiv index="1" conf="0.9589489936828614">
              <Unicode>n</Unicode>
            </TextEquiv>
          </Glyph>
          <Glyph id="w51208g3">
            <Coords points="84,427 86,427 86,460 84,460"/>
            <TextEquiv index="1" conf="0.998057198524475">
              <Unicode>i</Unicode>
            </TextEquiv>
          </Glyph>
          <TextEquiv index="1" conf="0.6486561440841099">
            <Unicode>nani</Unicode>
          </TextEquiv>
        </Word>
        <Word id="w51209">
          <Coords points="95,427 143,427 143,460 95,460"/>
          <Glyph id="w51209g0">
            <Coords points="95,427 98,427 98,460 95,460"/>
            <TextEquiv index="1" conf="0.9999937534332275">
              <Unicode>t</Unicode>
            </TextEquiv>
          </Glyph>
          <Glyph id="w51209g1">
            <Coords points="103,427 106,427 106,460 103,460"/>
            <TextEquiv index="1" conf="0.999979281425476">
              <Unicode>a</Unicode>
            </TextEquiv>
          </Glyph>
          <Glyph id="w51209g2">
            <Coords points="120,427 123,427 123,460 120,460"/>
            <TextEquiv index="1" conf="0.9975822210311891">
              <Unicode>t</Unicode>
            </TextEquiv>
          </Glyph>
          <Glyph id="w51209g3">
            <Coords points="129,427 132,427 132,460 129,460"/>
            <TextEquiv index="1" conf="0.9998058199882508">
              <Unicode>i</Unicode>
            </TextEquiv>
          </Glyph>
          <Glyph id="w51209g4">
            <Coords points="143,427 143,427 143,460 143,460"/>
            <TextEquiv index="1" conf="0.9998760700225829">
              <Unicode>s</Unicode>
            </TextEquiv>
          </Glyph>
          <TextEquiv index="1" conf="0.9972380129082207">
            <Unicode>tatis</Unicode>
          </TextEquiv>
        </Word>
        <Word id="w51210">
          <Coords points="160,427 256,427 256,460 160,460"/>
          <Glyph id="w51210g0">
            <Coords points="160,427 163,427 163,460 160,460"/>
            <TextEquiv index="1" conf="0.9998622775077819">
              <Unicode>c</Unicode>
            </TextEquiv>
          </Glyph>
          <Glyph id="w51210g1">
            <Coords points="174,427 177,427 177,460 174,460"/>
            <TextEquiv index="1" conf="0.9998836159706115">
              <Unicode>o</Unicode>
            </TextEquiv>
          </Glyph>
          <Glyph id="w51210g2">
            <Coords points="185,427 185,427 185,460 185,460"/>
            <TextEquiv index="1" conf="0.9999789476394654">
              <Unicode>n</Unicode>
            </TextEquiv>
          </Glyph>
          <Glyph id="w51210g3">
            <Coords points="205,427 208,427 208,460 205,460"/>
            <TextEquiv index="1" conf="0.999964714050293">
              <Unicode>d</Unicode>
            </TextEquiv>
          </Glyph>
          <Glyph id="w51210g4">
            <Coords points="214,427 217,427 217,460 214,460"/>
            <TextEquiv index="1" conf="0.999343180656433">
              <Unicode>i</Unicode>
            </TextEquiv>
          </Glyph>
          <Glyph id="w51210g5">
            <Coords points="225,427 225,427 225,460 225,460"/>
            <TextEquiv index="1" conf="0.9818389892578125">
              <Unicode>t</Unicode>
            </TextEquiv>
          </Glyph>
          <Glyph id="w51210g6">
            <Coords points="234,427 236,427 236,460 234,460"/>
            <TextEquiv index="1" conf="0.9999389171600342">
              <Unicode>a</Unicode>
            </TextEquiv>
          </Glyph>
          <Glyph id="w51210g7">
            <Coords points="253,427 256,427 256,460 253,460"/>
            <TextEquiv index="1" conf="0.9996365666389465">
              <Unicode>m</Unicode>
            </TextEquiv>
          </Glyph>
          <TextEquiv index="1" conf="0.9804731405639688">
            <Unicode>conditam</Unicode>
          </TextEquiv>
        </Word>
        <Word id="w51211">
          <Coords points="279,427 406,427 406,460 279,460"/>
          <Glyph id="w51211g0">
            <Coords points="279,427 279,427 279,460 279,460"/>
            <TextEquiv index="1" conf="0.9196847200393676">
              <Unicode>l</Unicode>
            </TextEquiv>
          </Glyph>
          <Glyph id="w51211g1">
            <Coords points="290,427 290,427 290,460 290,460"/>
            <TextEquiv index="1" conf="0.9999663352966308">
              <Unicode>e</Unicode>
            </TextEquiv>
          </Glyph>
          <Glyph id="w51211g2">
            <Coords points="299,427 299,427 299,460 299,460"/>
            <TextEquiv index="1" conf="0.9999882936477661">
              <Unicode>n</Unicode>
            </TextEquiv>
          </Glyph>
          <Glyph id="w51211g3">
            <Coords points="313,427 316,427 316,460 313,460"/>
            <TextEquiv index="1" conf="0.997761607170105">
              <Unicode>i</Unicode>
            </TextEquiv>
          </Glyph>
          <Glyph id="w51211g4">
            <Coords points="330,427 333,427 333,460 330,460"/>
            <TextEquiv index="1" conf="0.9999865293502807">
              <Unicode>m</Unicode>
            </TextEquiv>
          </Glyph>
          <Glyph id="w51211g5">
            <Coords points="347,427 350,427 350,460 347,460"/>
            <TextEquiv index="1" conf="0.9999561309814453">
              <Unicode>e</Unicode>
            </TextEquiv>
          </Glyph>
          <Glyph id="w51211g6">
            <Coords points="358,427 358,427 358,460 358,460"/>
            <TextEquiv index="1" conf="0.9999342441558838">
              <Unicode>n</Unicode>
            </TextEquiv>
          </Glyph>
          <Glyph id="w51211g7">
            <Coords points="375,427 375,427 375,460 375,460"/>
            <TextEquiv index="1" conf="0.9970471501350402">
              <Unicode>t</Unicode>
            </TextEquiv>
          </Glyph>
          <Glyph id="w51211g8">
            <Coords points="384,427 386,427 386,460 384,460"/>
            <TextEquiv index="1" conf="0.9989711880683898">
              <Unicode>i</Unicode>
            </TextEquiv>
          </Glyph>
          <Glyph id="w51211g9">
            <Coords points="395,427 398,427 398,460 395,460"/>
            <TextEquiv index="1" conf="0.9989832878112794">
              <Unicode>s</Unicode>
            </TextEquiv>
          </Glyph>
          <Glyph id="w51211g10">
            <Coords points="406,427 406,427 406,460 406,460"/>
            <TextEquiv index="1" conf="0.8725916981697082">
              <Unicode>;</Unicode>
            </TextEquiv>
          </Glyph>
          <TextEquiv index="1" conf="0.7965821177088015">
            <Unicode>lenimentis;</Unicode>
          </TextEquiv>
        </Word>
        <Word id="w51212">
          <Coords points="418,427 443,427 443,460 418,460"/>
          <Glyph id="w51212g0">
            <Coords points="418,427 418,427 418,460 418,460"/>
            <TextEquiv index="1" conf="0.999541199207306">
              <Unicode>ſ</Unicode>
            </TextEquiv>
          </Glyph>
          <Glyph id="w51212g1">
            <Coords points="429,427 429,427 429,460 429,460"/>
            <TextEquiv index="1" conf="0.9999530792236329">
              <Unicode>e</Unicode>
            </TextEquiv>
          </Glyph>
          <Glyph id="w51212g2">
            <Coords points="440,427 443,427 443,460 440,460"/>
            <TextEquiv index="1" conf="0.9999866962432862">
              <Unicode>d</Unicode>
            </TextEquiv>
          </Glyph>
          <TextEquiv index="1" conf="0.9994810029292247">
            <Unicode>ſed</Unicode>
          </TextEquiv>
        </Word>
        <Word id="w51213">
          <Coords points="463,427 483,427 483,460 463,460"/>
          <Glyph id="w51213g0">
            <Coords points="463,427 466,427 466,460 463,460"/>
            <TextEquiv index="1" conf="0.9999752759933471">
              <Unicode>n</Unicode>
            </TextEquiv>
          </Glyph>
          <Glyph id="w51213g1">
            <Coords points="480,427 483,427 483,460 480,460"/>
            <TextEquiv index="1" conf="0.9997952818870545">
              <Unicode>e</Unicode>
            </TextEquiv>
          </Glyph>
          <TextEquiv index="1" conf="0.9997705629418536">
            <Unicode>ne</Unicode>
          </TextEquiv>
        </Word>
        <Word id="w51214">
          <Coords points="500,427 545,427 545,460 500,460"/>
          <Glyph id="w51214g0">
            <Coords points="500,427 505,427 505,460 500,460"/>
            <TextEquiv index="1" conf="0.9998295307159425">
              <Unicode>q</Unicode>
            </TextEquiv>
          </Glyph>
          <Glyph id="w51214g1">
            <Coords points="511,427 514,427 514,460 511,460"/>
            <TextEquiv index="1" conf="0.9779046773910522">
              <Unicode>u</Unicode>
            </TextEquiv>
          </Glyph>
          <Glyph id="w51214g2">
            <Coords points="525,427 528,427 528,460 525,460"/>
            <TextEquiv index="1" conf="0.9996439814567567">
              <Unicode>i</Unicode>
            </TextEquiv>
          </Glyph>
          <Glyph id="w51214g3">
            <Coords points="539,427 545,427 545,460 539,460"/>
            <TextEquiv index="1" conf="0.9983791589736939">
              <Unicode>d</Unicode>
            </TextEquiv>
          </Glyph>
          <TextEquiv index="1" conf="0.9758056882122326">
            <Unicode>quid</Unicode>
          </TextEquiv>
        </Word>
        <TextEquiv index="1" conf="0.979865167307299">
          <Unicode>nani tatis conditam lenimentis; ſed ne quid</Unicode>
        </TextEquiv>
      </TextLine>
      <TextLine id="r0_l017">
        <Coords points="66,454 30,455 1,465 1,476 149,481 156,481 440,480 543,475 546,473 547,472 548,469 548,467 547,465 545,462 542,461 523,455 381,454 66,454"/>
        <Word id="w51215">
          <Coords points="41,454 41,454 41,481 41,481"/>
          <Glyph id="w51215g0">
            <Coords points="41,454 41,454 41,481 41,481"/>
            <TextEquiv index="1" conf="0.9997299671173095">
              <Unicode>n</Unicode>
            </TextEquiv>
          </Glyph>
          <TextEquiv index="1" conf="0.9997299671173095">
            <Unicode>n</Unicode>
          </TextEquiv>
        </Word>
        <Word id="w51216">
          <Coords points="64,454 95,454 95,481 64,481"/>
          <Glyph id="w51216g0">
            <Coords points="64,454 64,454 64,481 64,481"/>
            <TextEquiv index="1" conf="0.9999427556991577">
              <Unicode>h</Unicode>
            </TextEquiv>
          </Glyph>
          <Glyph id="w51216g1">
            <Coords points="75,454 78,454 78,481 75,481"/>
            <TextEquiv index="1" conf="0.9987166166305543">
              <Unicode>a</Unicode>
            </TextEquiv>
          </Glyph>
          <Glyph id="w51216g2">
            <Coords points="95,454 95,454 95,481 95,481"/>
            <TextEquiv index="1" conf="0.9998773813247681">
              <Unicode>c</Unicode>
            </TextEquiv>
          </Glyph>
          <TextEquiv index="1" conf="0.9985369914978444">
            <Unicode>hac</Unicode>
          </TextEquiv>
        </Word>
        <Word id="w51217">
          <Coords points="112,454 126,454 126,481 112,481"/>
          <Glyph id="w51217g0">
            <Coords points="112,454 112,454 112,481 112,481"/>
            <TextEquiv index="1" conf="0.9994287490844727">
              <Unicode>r</Unicode>
            </TextEquiv>
          </Glyph>
          <Glyph id="w51217g1">
            <Coords points="123,454 126,454 126,481 123,481"/>
            <TextEquiv index="1" conf="0.9998761534690856">
              <Unicode>e</Unicode>
            </TextEquiv>
          </Glyph>
          <TextEquiv index="1" conf="0.9993049733010024">
            <Unicode>re</Unicode>
          </TextEquiv>
        </Word>
        <Word id="w51218">
          <Coords points="140,454 202,454 202,481 140,481"/>
          <Glyph id="w51218g0">
            <Coords points="140,454 140,454 140,481 140,481"/>
            <TextEquiv index="1" conf="0.9919165134429933">
              <Unicode>p</Unicode>
            </TextEquiv>
          </Glyph>
          <Glyph id="w51218g1">
            <Coords points="151,454 157,454 157,481 151,481"/>
            <TextEquiv index="1" conf="0.9997534155845642">
              <Unicode>a</Unicode>
            </TextEquiv>
          </Glyph>
          <Glyph id="w51218g2">
            <Coords points="168,454 171,454 171,481 168,481"/>
            <TextEquiv index="1" conf="0.9246452808380128">
              <Unicode>r</Unicode>
            </TextEquiv>
          </Glyph>
          <Glyph id="w51218g3">
            <Coords points="179,454 182,454 182,481 179,481"/>
            <TextEquiv index="1" conf="0.9999483346939088">
              <Unicode>u</Unicode>
            </TextEquiv>
          </Glyph>
          <Glyph id="w51218g4">
            <Coords points="202,454 202,454 202,481 202,481"/>
            <TextEquiv index="1" conf="0.9999740362167359">
              <Unicode>m</Unicode>
            </TextEquiv>
          </Glyph>
          <TextEquiv index="1" conf="0.9168735827274886">
            <Unicode>parum</Unicode>
          </TextEquiv>
        </Word>
        <Word id="w51219">
          <Coords points="227,454 227,454 227,481 227,481"/>
          <Glyph id="w51219g0">
            <Coords points="227,454 227,454 227,481 227,481"/>
            <TextEquiv index="1" conf="0.9999374866485595">
              <Unicode>c</Unicode>
            </TextEquiv>
          </Glyph>
          <TextEquiv index="1" conf="0.9999374866485595">
            <Unicode>c</Unicode>
          </TextEquiv>
        </Word>
        <Word id="w51220">
          <Coords points="242,454 352,454 352,481 242,481"/>
          <Glyph id="w51220g0">
            <Coords points="242,454 244,454 244,481 242,481"/>
            <TextEquiv index="1" conf="0.9998373746871948">
              <Unicode>o</Unicode>
            </TextEquiv>
          </Glyph>
          <Glyph id="w51220g1">
            <Coords points="253,454 253,454 253,481 253,481"/>
            <TextEquiv index="1" conf="0.99997878074646">
              <Unicode>n</Unicode>
            </TextEquiv>
          </Glyph>
          <Glyph id="w51220g2">
            <Coords points="270,454 270,454 270,481 270,481"/>
            <TextEquiv index="1" conf="0.9966795802116395">
              <Unicode>ſ</Unicode>
            </TextEquiv>
          </Glyph>
          <Glyph id="w51220g3">
            <Coords points="275,454 275,454 275,481 275,481"/>
            <TextEquiv index="1" conf="0.9989818215370178">
              <Unicode>i</Unicode>
            </TextEquiv>
          </Glyph>
          <Glyph id="w51220g4">
            <Coords points="287,454 290,454 290,481 287,481"/>
            <TextEquiv index="1" conf="0.999466598033905">
              <Unicode>d</Unicode>
            </TextEquiv>
          </Glyph>
          <Glyph id="w51220g5">
            <Coords points="301,454 304,454 304,481 301,481"/>
            <TextEquiv index="1" conf="0.9999615907669067">
              <Unicode>e</Unicode>
            </TextEquiv>
          </Glyph>
          <Glyph id="w51220g6">
            <Coords points="312,454 315,454 315,481 312,481"/>
            <TextEquiv index="1" conf="0.9987310290336608">
              <Unicode>r</Unicode>
            </TextEquiv>
          </Glyph>
          <Glyph id="w51220g7">
            <Coords points="321,454 324,454 324,481 321,481"/>
            <TextEquiv index="1" conf="0.9999798774719239">
              <Unicode>a</Unicode>
            </TextEquiv>
          </Glyph>
          <Glyph id="w51220g8">
            <Coords points="335,454 338,454 338,481 335,481"/>
            <TextEquiv index="1" conf="0.569477804750204">
              <Unicode>t</Unicode>
            </TextEquiv>
          </Glyph>
          <Glyph id="w51220g9">
            <Coords points="349,454 352,454 352,481 349,481"/>
            <TextEquiv index="1" conf="0.9294665455818176">
              <Unicode>è</Unicode>
            </TextEquiv>
          </Glyph>
          <TextEquiv index="1" conf="0.525938870936893">
            <Unicode>onſideratè</Unicode>
          </TextEquiv>
        </Word>
        <Word id="w51221">
          <Coords points="369,454 422,454 422,481 369,481"/>
          <Glyph id="w51221g0">
            <Coords points="369,454 369,454 369,481 369,481"/>
            <TextEquiv index="1" conf="0.999295723438263">
              <Unicode>ſ</Unicode>
            </TextEquiv>
          </Glyph>
          <Glyph id="w51221g1">
            <Coords points="377,454 380,454 380,481 377,481"/>
            <TextEquiv index="1" conf="0.9998733520507812">
              <Unicode>u</Unicode>
            </TextEquiv>
          </Glyph>
          <Glyph id="w51221g2">
            <Coords points="391,454 391,454 391,481 391,481"/>
            <TextEquiv index="1" conf="0.9999894380569457">
              <Unicode>b</Unicode>
            </TextEquiv>
          </Glyph>
          <Glyph id="w51221g3">
            <Coords points="408,454 411,454 411,481 408,481"/>
            <TextEquiv index="1" conf="0.9976574182510376">
              <Unicode>r</Unicode>
            </TextEquiv>
          </Glyph>
          <Glyph id="w51221g4">
            <Coords points="420,454 422,454 422,481 420,481"/>
            <TextEquiv index="1" conf="0.9999762773513793">
              <Unicode>e</Unicode>
            </TextEquiv>
          </Glyph>
          <TextEquiv index="1" conf="0.9967943536255791">
            <Unicode>ſubre</Unicode>
          </TextEquiv>
        </Word>
        <Word id="w51222">
          <Coords points="431,454 468,454 468,481 431,481"/>
          <Glyph id="w51222g0">
            <Coords points="431,454 434,454 434,481 431,481"/>
            <TextEquiv index="1" conf="0.9955515503883363">
              <Unicode>p</Unicode>
            </TextEquiv>
          </Glyph>
          <Glyph id="w51222g1">
            <Coords points="445,454 448,454 448,481 445,481"/>
            <TextEquiv index="1" conf="0.999972939491272">
              <Unicode>a</Unicode>
            </TextEquiv>
          </Glyph>
          <Glyph id="w51222g2">
            <Coords points="459,454 462,454 462,481 459,481"/>
            <TextEquiv index="1" conf="0.999602711200714">
              <Unicode>t</Unicode>
            </TextEquiv>
          </Glyph>
          <Glyph id="w51222g3">
            <Coords points="468,454 468,454 468,481 468,481"/>
            <TextEquiv index="1" conf="0.991036593914032">
              <Unicode>,</Unicode>
            </TextEquiv>
          </Glyph>
          <TextEquiv index="1" conf="0.9862093532532477">
            <Unicode>pat,</Unicode>
          </TextEquiv>
        </Word>
        <Word id="w51223">
          <Coords points="485,454 538,454 538,481 485,481"/>
          <Glyph id="w51223g0">
            <Coords points="485,454 487,454 487,481 485,481"/>
            <TextEquiv index="1" conf="0.9995854139328003">
              <Unicode>c</Unicode>
            </TextEquiv>
          </Glyph>
          <Glyph id="w51223g1">
            <Coords points="499,454 501,454 501,481 499,481"/>
            <TextEquiv index="1" conf="0.9115445971488954">
              <Unicode>ẽ</Unicode>
            </TextEquiv>
          </Glyph>
          <Glyph id="w51223g2">
            <Coords points="510,454 510,454 510,481 510,481"/>
            <TextEquiv index="1" conf="0.9984909653663635">
              <Unicode>ſ</Unicode>
            </TextEquiv>
          </Glyph>
          <Glyph id="w51223g3">
            <Coords points="521,454 524,454 524,481 521,481"/>
            <TextEquiv index="1" conf="0.9999525785446166">
              <Unicode>e</Unicode>
            </TextEquiv>
          </Glyph>
          <Glyph id="w51223g4">
            <Coords points="535,454 538,454 538,481 535,481"/>
            <TextEquiv index="1" conf="0.9984580993652344">
              <Unicode>o</Unicode>
            </TextEquiv>
          </Glyph>
          <TextEquiv index="1" conf="0.908345815851714">
            <Unicode>cẽſeo</Unicode>
          </TextEquiv>
        </Word>
        <TextEquiv index="1" conf="0.9730580882649079">
          <Unicode>n hac re parum c onſideratè ſubre pat, cẽſeo</Unicode>
        </TextEquiv>
      </TextLine>
      <TextLine id="r0_l018">
        <Coords points="496,508 496,502 497,501 512,501 513,500 542,500 542,501 542,504 543,504 546,504 549,501 550,501 550,499 549,498 549,497 549,496 548,496 547,495 546,495 545,494 539,494 538,494 538,490 537,488 536,488 535,487 534,488 496,488 495,488 495,483 494,481 433,481 431,483 430,483 429,484 429,485 428,486 428,487 372,487 371,486 370,486 369,487 335,487 334,486 298,486 297,486 297,481 297,480 295,480 294,481 294,486 263,486 262,486 262,482 262,481 255,481 252,484 252,486 225,486 224,487 175,487 174,487 174,482 174,481 166,481 164,479 163,480 161,480 160,481 149,481 146,484 146,486 128,486 127,487 87,487 86,486 74,486 73,486 73,483 72,481 67,481 66,480 43,480 42,479 40,479 37,482 37,483 35,485 35,488 34,488 33,489 32,489 28,493 28,494 27,494 26,495 26,496 25,497 25,498 28,500 32,500 33,501 39,501 40,500 82,500 83,501 118,501 119,500 181,500 182,501 184,501 185,500 228,500 228,501 228,507 229,507 288,507 288,501 289,500 299,500 300,499 345,499 346,500 368,500 368,501 368,507 369,507 371,507 371,500 372,499 393,499 394,500 439,500 439,501 439,508 440,508 441,508 441,501 442,500 493,500 493,501 493,508 494,508 496,508"/>
        <Word id="w51224">
          <Coords points="37,479 40,479 40,508 37,508"/>
          <Glyph id="w51224g0">
            <Coords points="37,479 40,479 40,508 37,508"/>
            <TextEquiv index="1" conf="0.47033563690880936">
              <Unicode>ô</Unicode>
            </TextEquiv>
          </Glyph>
          <TextEquiv index="1" conf="0.47033563690880936">
            <Unicode>ô</Unicode>
          </TextEquiv>
        </Word>
        <Word id="w51225">
          <Coords points="59,479 96,479 96,508 59,508"/>
          <Glyph id="w51225g0">
            <Coords points="59,479 68,479 68,508 59,508"/>
            <TextEquiv index="1" conf="0.9946081876754762">
              <Unicode>R</Unicode>
            </TextEquiv>
          </Glyph>
          <Glyph id="w51225g1">
            <Coords points="79,479 82,479 82,508 79,508"/>
            <TextEquiv index="1" conf="0.9991840600967408">
              <Unicode>e</Unicode>
            </TextEquiv>
          </Glyph>
          <Glyph id="w51225g2">
            <Coords points="93,479 96,479 96,508 93,508"/>
            <TextEquiv index="1" conf="0.9161552190780639">
              <Unicode>x</Unicode>
            </TextEquiv>
          </Glyph>
          <TextEquiv index="1" conf="0.910471985004368">
            <Unicode>Rex</Unicode>
          </TextEquiv>
        </Word>
        <Word id="w51226">
          <Coords points="113,479 130,479 130,508 113,508"/>
          <Glyph id="w51226g0">
            <Coords points="113,479 116,479 116,508 113,508"/>
            <TextEquiv index="1" conf="0.9992805004119873">
              <Unicode>v</Unicode>
            </TextEquiv>
          </Glyph>
          <Glyph id="w51226g1">
            <Coords points="127,479 130,479 130,508 127,508"/>
            <TextEquiv index="1" conf="0.8105350494384764">
              <Unicode>t</Unicode>
            </TextEquiv>
          </Glyph>
          <TextEquiv index="1" conf="0.8099518698043356">
            <Unicode>vt</Unicode>
          </TextEquiv>
        </Word>
        <Word id="w51227">
          <Coords points="144,479 201,479 201,508 144,508"/>
          <Glyph id="w51227g0">
            <Coords points="144,479 144,479 144,508 144,508"/>
            <TextEquiv index="1" conf="0.8346932053565979">
              <Unicode>f</Unicode>
            </TextEquiv>
          </Glyph>
          <Glyph id="w51227g1">
            <Coords points="150,479 150,479 150,508 150,508"/>
            <TextEquiv index="1" conf="0.9939435005187989">
              <Unicode>i</Unicode>
            </TextEquiv>
          </Glyph>
          <Glyph id="w51227g2">
            <Coords points="158,479 158,479 158,508 158,508"/>
            <TextEquiv index="1" conf="0.7429643869400024">
              <Unicode>l</Unicode>
            </TextEquiv>
          </Glyph>
          <Glyph id="w51227g3">
            <Coords points="167,479 170,479 170,508 167,508"/>
            <TextEquiv index="1" conf="0.999066948890686">
              <Unicode>i</Unicode>
            </TextEquiv>
          </Glyph>
          <Glyph id="w51227g4">
            <Coords points="175,479 178,479 178,508 175,508"/>
            <TextEquiv index="1" conf="0.9985163927078247">
              <Unicode>u</Unicode>
            </TextEquiv>
          </Glyph>
          <Glyph id="w51227g5">
            <Coords points="198,479 201,479 201,508 198,508"/>
            <TextEquiv index="1" conf="0.9999170660972595">
              <Unicode>m</Unicode>
            </TextEquiv>
          </Glyph>
          <TextEquiv index="1" conf="0.6148516531634066">
            <Unicode>filium</Unicode>
          </TextEquiv>
        </Word>
        <Word id="w51228">
          <Coords points="221,479 255,479 255,508 221,508"/>
          <Glyph id="w51228g0">
            <Coords points="221,479 226,479 226,508 221,508"/>
            <TextEquiv index="1" conf="0.999403715133667">
              <Unicode>q</Unicode>
            </TextEquiv>
          </Glyph>
          <Glyph id="w51228g1">
            <Coords points="235,479 238,479 238,508 235,508"/>
            <TextEquiv index="1" conf="0.9947611451148988">
              <Unicode>u</Unicode>
            </TextEquiv>
          </Glyph>
          <Glyph id="w51228g2">
            <Coords points="249,479 255,479 255,508 249,508"/>
            <TextEquiv index="1" conf="0.965111529827118">
              <Unicode>ã</Unicode>
            </TextEquiv>
          </Glyph>
          <TextEquiv index="1" conf="0.9594829840383976">
            <Unicode>quã</Unicode>
          </TextEquiv>
        </Word>
        <Word id="w51229">
          <Coords points="263,479 345,479 345,508 263,508"/>
          <Glyph id="w51229g0">
            <Coords points="263,479 266,479 266,508 263,508"/>
            <TextEquiv index="1" conf="0.9738480687141418">
              <Unicode>p</Unicode>
            </TextEquiv>
          </Glyph>
          <Glyph id="w51229g1">
            <Coords points="280,479 283,479 283,508 280,508"/>
            <TextEquiv index="1" conf="0.9963173389434814">
              <Unicode>r</Unicode>
            </TextEquiv>
          </Glyph>
          <Glyph id="w51229g2">
            <Coords points="288,479 291,479 291,508 288,508"/>
            <TextEquiv index="1" conf="0.9998110890388487">
              <Unicode>i</Unicode>
            </TextEquiv>
          </Glyph>
          <Glyph id="w51229g3">
            <Coords points="305,479 308,479 308,508 305,508"/>
            <TextEquiv index="1" conf="0.9999615907669066">
              <Unicode>m</Unicode>
            </TextEquiv>
          </Glyph>
          <Glyph id="w51229g4">
            <Coords points="320,479 322,479 322,508 320,508"/>
            <TextEquiv index="1" conf="0.9999464511871339">
              <Unicode>u</Unicode>
            </TextEquiv>
          </Glyph>
          <Glyph id="w51229g5">
            <Coords points="342,479 345,479 345,508 342,508"/>
            <TextEquiv index="1" conf="0.9999852657318115">
              <Unicode>m</Unicode>
            </TextEquiv>
          </Glyph>
          <TextEquiv index="1" conf="0.9699749266808224">
            <Unicode>primum</Unicode>
          </TextEquiv>
        </Word>
        <Word id="w51230">
          <Coords points="362,479 453,479 453,508 362,508"/>
          <Glyph id="w51230g0">
            <Coords points="362,479 365,479 365,508 362,508"/>
            <TextEquiv index="1" conf="0.9999375462532043">
              <Unicode>a</Unicode>
            </TextEquiv>
          </Glyph>
          <Glyph id="w51230g1">
            <Coords points="379,479 379,479 379,508 379,508"/>
            <TextEquiv index="1" conf="0.9997961282730102">
              <Unicode>c</Unicode>
            </TextEquiv>
          </Glyph>
          <Glyph id="w51230g2">
            <Coords points="390,479 393,479 393,508 390,508"/>
            <TextEquiv index="1" conf="0.9999289035797119">
              <Unicode>c</Unicode>
            </TextEquiv>
          </Glyph>
          <Glyph id="w51230g3">
            <Coords points="402,479 404,479 404,508 402,508"/>
            <TextEquiv index="1" conf="0.9998446941375733">
              <Unicode>e</Unicode>
            </TextEquiv>
          </Glyph>
          <Glyph id="w51230g4">
            <Coords points="413,479 416,479 416,508 413,508"/>
            <TextEquiv index="1" conf="0.9994638442993165">
              <Unicode>r</Unicode>
            </TextEquiv>
          </Glyph>
          <Glyph id="w51230g5">
            <Coords points="424,479 424,479 424,508 424,508"/>
            <TextEquiv index="1" conf="0.9945584297180177">
              <Unicode>ſ</Unicode>
            </TextEquiv>
          </Glyph>
          <Glyph id="w51230g6">
            <Coords points="433,479 433,479 433,508 433,508"/>
            <TextEquiv index="1" conf="0.9989036202430726">
              <Unicode>i</Unicode>
            </TextEquiv>
          </Glyph>
          <Glyph id="w51230g7">
            <Coords points="441,479 444,479 444,508 441,508"/>
            <TextEquiv index="1" conf="0.999176061153412">
              <Unicode>r</Unicode>
            </TextEquiv>
          </Glyph>
          <Glyph id="w51230g8">
            <Coords points="450,479 453,479 453,508 450,508"/>
            <TextEquiv index="1" conf="0.9987483263015747">
              <Unicode>i</Unicode>
            </TextEquiv>
          </Glyph>
          <TextEquiv index="1" conf="0.9903872888373253">
            <Unicode>accerſiri</Unicode>
          </TextEquiv>
        </Word>
        <Word id="w51231">
          <Coords points="464,479 543,479 543,508 464,508"/>
          <Glyph id="w51231g0">
            <Coords points="464,479 464,479 464,508 464,508"/>
            <TextEquiv index="1" conf="0.7784895539283753">
              <Unicode>i</Unicode>
            </TextEquiv>
          </Glyph>
          <Glyph id="w51231g1">
            <Coords points="475,479 475,479 475,508 475,508"/>
            <TextEquiv index="1" conf="0.9996830224990845">
              <Unicode>u</Unicode>
            </TextEquiv>
          </Glyph>
          <Glyph id="w51231g2">
            <Coords points="489,479 489,479 489,508 489,508"/>
            <TextEquiv index="1" conf="0.9999653339385985">
              <Unicode>b</Unicode>
            </TextEquiv>
          </Glyph>
          <Glyph id="w51231g3">
            <Coords points="506,479 506,479 506,508 506,508"/>
            <TextEquiv index="1" conf="0.9972513437271118">
              <Unicode>e</Unicode>
            </TextEquiv>
          </Glyph>
          <Glyph id="w51231g4">
            <Coords points="512,479 515,479 515,508 512,508"/>
            <TextEquiv index="1" conf="0.9998755335807801">
              <Unicode>a</Unicode>
            </TextEquiv>
          </Glyph>
          <Glyph id="w51231g5">
            <Coords points="529,479 532,479 532,508 529,508"/>
            <TextEquiv index="1" conf="0.993061864376068">
              <Unicode>s</Unicode>
            </TextEquiv>
          </Glyph>
          <Glyph id="w51231g6">
            <Coords points="537,479 543,479 543,508 537,508"/>
            <TextEquiv index="1" conf="0.994380784034729">
              <Unicode>,</Unicode>
            </TextEquiv>
          </Glyph>
          <TextEquiv index="1" conf="0.7662661656216516">
            <Unicode>iubeas,</Unicode>
          </TextEquiv>
        </Word>
        <TextEquiv index="1" conf="0.9594361379827288">
          <Unicode>ô Rex vt filium quã primum accerſiri iubeas,</Unicode>
        </TextEquiv>
      </TextLine>
      <TextLine id="r0_l019">
        <Coords points="175,534 175,533 176,532 207,532 208,533 209,533 209,527 210,526 350,526 351,525 372,525 372,526 372,533 373,533 375,533 375,526 376,525 383,525 384,526 398,526 399,527 422,527 422,528 422,532 423,532 429,532 429,528 430,527 495,527 496,526 510,526 543,526 544,527 548,527 548,526 547,525 547,517 545,514 508,514 507,513 498,513 497,513 497,509 497,508 494,508 493,509 493,514 459,514 458,514 458,509 457,507 453,507 452,508 439,508 438,509 438,513 382,513 381,512 372,512 371,512 371,508 371,507 348,507 347,506 316,506 315,507 256,507 255,508 255,512 222,512 221,511 220,512 219,512 218,513 142,513 141,512 140,512 139,513 107,513 106,512 81,512 80,512 80,507 80,506 79,506 78,507 76,507 74,509 74,512 44,512 43,512 43,510 42,508 35,508 32,511 31,511 29,513 29,515 6,515 3,518 5,519 25,519 25,520 25,524 30,528 38,528 39,527 49,527 50,526 105,526 106,527 108,527 109,526 141,526 141,527 141,533 142,533 170,533 171,534 175,534"/>
        <Word id="w51232">
          <Coords points="32,506 46,506 46,534 32,534"/>
          <Glyph id="w51232g0">
            <Coords points="32,506 46,506 46,534 32,534"/>
            <TextEquiv index="1" conf="0.995886754989624">
              <Unicode>&amp;</Unicode>
            </TextEquiv>
          </Glyph>
          <TextEquiv index="1" conf="0.995886754989624">
            <Unicode>&amp;</Unicode>
          </TextEquiv>
        </Word>
        <Word id="w51233">
          <Coords points="60,506 74,506 74,534 60,534"/>
          <Glyph id="w51233g0">
            <Coords points="60,506 63,506 63,534 60,534"/>
            <TextEquiv index="1" conf="0.9989436864852905">
              <Unicode>a</Unicode>
            </TextEquiv>
          </Glyph>
          <Glyph id="w51233g1">
            <Coords points="74,506 74,506 74,534 74,534"/>
            <TextEquiv index="1" conf="0.9985108852386475">
              <Unicode>b</Unicode>
            </TextEquiv>
          </Glyph>
          <TextEquiv index="1" conf="0.9974561446959854">
            <Unicode>ab</Unicode>
          </TextEquiv>
        </Word>
        <Word id="w51234">
          <Coords points="100,506 119,506 119,534 100,534"/>
          <Glyph id="w51234g0">
            <Coords points="100,506 102,506 102,534 100,534"/>
            <TextEquiv index="1" conf="0.9546578168869018">
              <Unicode>e</Unicode>
            </TextEquiv>
          </Glyph>
          <Glyph id="w51234g1">
            <Coords points="117,506 119,506 119,534 117,534"/>
            <TextEquiv index="1" conf="0.9907199025154114">
              <Unicode>o</Unicode>
            </TextEquiv>
          </Glyph>
          <TextEquiv index="1" conf="0.9457984992817668">
            <Unicode>eo</Unicode>
          </TextEquiv>
        </Word>
        <Word id="w51235">
          <Coords points="136,506 165,506 165,534 136,534"/>
          <Glyph id="w51235g0">
            <Coords points="136,506 142,506 142,534 136,534"/>
            <TextEquiv index="1" conf="0.9998435497283936">
              <Unicode>q</Unicode>
            </TextEquiv>
          </Glyph>
          <Glyph id="w51235g1">
            <Coords points="148,506 151,506 151,534 148,534"/>
            <TextEquiv index="1" conf="0.9961140394210815">
              <Unicode>u</Unicode>
            </TextEquiv>
          </Glyph>
          <Glyph id="w51235g2">
            <Coords points="162,506 165,506 165,534 162,534"/>
            <TextEquiv index="1" conf="0.9973400354385377">
              <Unicode>a</Unicode>
            </TextEquiv>
          </Glyph>
          <TextEquiv index="1" conf="0.993308983600055">
            <Unicode>qua</Unicode>
          </TextEquiv>
        </Word>
        <Word id="w51236">
          <Coords points="185,506 230,506 230,534 185,534"/>
          <Glyph id="w51236g0">
            <Coords points="185,506 187,506 187,534 185,534"/>
            <TextEquiv index="1" conf="0.9767899215221405">
              <Unicode>p</Unicode>
            </TextEquiv>
          </Glyph>
          <Glyph id="w51236g1">
            <Coords points="204,506 210,506 210,534 204,534"/>
            <TextEquiv index="1" conf="0.9984493136405945">
              <Unicode>o</Unicode>
            </TextEquiv>
          </Glyph>
          <Glyph id="w51236g2">
            <Coords points="218,506 218,506 218,534 218,534"/>
            <TextEquiv index="1" conf="0.9599611520767212">
              <Unicode>t</Unicode>
            </TextEquiv>
          </Glyph>
          <Glyph id="w51236g3">
            <Coords points="230,506 230,506 230,534 230,534"/>
            <TextEquiv index="1" conf="0.9999974489212036">
              <Unicode>e</Unicode>
            </TextEquiv>
          </Glyph>
          <TextEquiv index="1" conf="0.9362239418419153">
            <Unicode>pote</Unicode>
          </TextEquiv>
        </Word>
        <Word id="w51237">
          <Coords points="241,506 267,506 267,534 241,534"/>
          <Glyph id="w51237g0">
            <Coords points="241,506 244,506 244,534 241,534"/>
            <TextEquiv index="1" conf="0.9998256921768189">
              <Unicode>r</Unicode>
            </TextEquiv>
          </Glyph>
          <Glyph id="w51237g1">
            <Coords points="252,506 252,506 252,534 252,534"/>
            <TextEquiv index="1" conf="0.9996979117393494">
              <Unicode>i</Unicode>
            </TextEquiv>
          </Glyph>
          <Glyph id="w51237g2">
            <Coords points="264,506 267,506 267,534 264,534"/>
            <TextEquiv index="1" conf="0.9998649001121522">
              <Unicode>s</Unicode>
            </TextEquiv>
          </Glyph>
          <TextEquiv index="1" conf="0.9993886210386114">
            <Unicode>ris</Unicode>
          </TextEquiv>
        </Word>
        <Word id="w51238">
          <Coords points="281,506 374,506 374,534 281,534"/>
          <Glyph id="w51238g0">
            <Coords points="281,506 284,506 284,534 281,534"/>
            <TextEquiv index="1" conf="0.9927026987075807">
              <Unicode>i</Unicode>
            </TextEquiv>
          </Glyph>
          <Glyph id="w51238g1">
            <Coords points="289,506 292,506 292,534 289,534"/>
            <TextEquiv index="1" conf="0.9997208833694458">
              <Unicode>n</Unicode>
            </TextEquiv>
          </Glyph>
          <Glyph id="w51238g2">
            <Coords points="309,506 312,506 312,534 309,534"/>
            <TextEquiv index="1" conf="0.9999618530273439">
              <Unicode>d</Unicode>
            </TextEquiv>
          </Glyph>
          <Glyph id="w51238g3">
            <Coords points="320,506 323,506 323,534 320,534"/>
            <TextEquiv index="1" conf="0.9999577283859253">
              <Unicode>u</Unicode>
            </TextEquiv>
          </Glyph>
          <Glyph id="w51238g4">
            <Coords points="334,506 337,506 337,534 334,534"/>
            <TextEquiv index="1" conf="0.9994003653526305">
              <Unicode>ſ</Unicode>
            </TextEquiv>
          </Glyph>
          <Glyph id="w51238g5">
            <Coords points="343,506 346,506 346,534 343,534"/>
            <TextEquiv index="1" conf="0.9998953580856323">
              <Unicode>t</Unicode>
            </TextEquiv>
          </Glyph>
          <Glyph id="w51238g6">
            <Coords points="354,506 357,506 357,534 354,534"/>
            <TextEquiv index="1" conf="0.9999058127403258">
              <Unicode>r</Unicode>
            </TextEquiv>
          </Glyph>
          <Glyph id="w51238g7">
            <Coords points="366,506 366,506 366,534 366,534"/>
            <TextEquiv index="1" conf="0.9979317188262938">
              <Unicode>i</Unicode>
            </TextEquiv>
          </Glyph>
          <Glyph id="w51238g8">
            <Coords points="371,506 374,506 374,534 371,534"/>
            <TextEquiv index="1" conf="0.999761652946472">
              <Unicode>a</Unicode>
            </TextEquiv>
          </Glyph>
          <TextEquiv index="1" conf="0.9892669301809134">
            <Unicode>induſtria</Unicode>
          </TextEquiv>
        </Word>
        <Word id="w51239">
          <Coords points="394,506 411,506 411,534 394,534"/>
          <Glyph id="w51239g0">
            <Coords points="394,506 397,506 397,534 394,534"/>
            <TextEquiv index="1" conf="0.9996364474296571">
              <Unicode>e</Unicode>
            </TextEquiv>
          </Glyph>
          <Glyph id="w51239g1">
            <Coords points="408,506 411,506 411,534 408,534"/>
            <TextEquiv index="1" conf="0.9979831576347351">
              <Unicode>x</Unicode>
            </TextEquiv>
          </Glyph>
          <TextEquiv index="1" conf="0.9976203382926181">
            <Unicode>ex</Unicode>
          </TextEquiv>
        </Word>
        <Word id="w51240">
          <Coords points="419,506 501,506 501,534 419,534"/>
          <Glyph id="w51240g0">
            <Coords points="419,506 422,506 422,534 419,534"/>
            <TextEquiv index="1" conf="0.9999461531639099">
              <Unicode>p</Unicode>
            </TextEquiv>
          </Glyph>
          <Glyph id="w51240g1">
            <Coords points="434,506 436,506 436,534 434,534"/>
            <TextEquiv index="1" conf="0.9994488477706909">
              <Unicode>i</Unicode>
            </TextEquiv>
          </Glyph>
          <Glyph id="w51240g2">
            <Coords points="445,506 445,506 445,534 445,534"/>
            <TextEquiv index="1" conf="0.9998715877532958">
              <Unicode>ſ</Unicode>
            </TextEquiv>
          </Glyph>
          <Glyph id="w51240g3">
            <Coords points="456,506 459,506 459,534 456,534"/>
            <TextEquiv index="1" conf="0.9999613046646119">
              <Unicode>c</Unicode>
            </TextEquiv>
          </Glyph>
          <Glyph id="w51240g4">
            <Coords points="467,506 470,506 470,534 467,534"/>
            <TextEquiv index="1" conf="0.9999525547027589">
              <Unicode>e</Unicode>
            </TextEquiv>
          </Glyph>
          <Glyph id="w51240g5">
            <Coords points="479,506 482,506 482,534 479,534"/>
            <TextEquiv index="1" conf="0.9994590044021607">
              <Unicode>r</Unicode>
            </TextEquiv>
          </Glyph>
          <Glyph id="w51240g6">
            <Coords points="490,506 490,506 490,534 490,534"/>
            <TextEquiv index="1" conf="0.9997868180274962">
              <Unicode>i</Unicode>
            </TextEquiv>
          </Glyph>
          <Glyph id="w51240g7">
            <Coords points="501,506 501,506 501,534 501,534"/>
            <TextEquiv index="1" conf="0.9998239517211914">
              <Unicode>s</Unicode>
            </TextEquiv>
          </Glyph>
          <TextEquiv index="1" conf="0.9982514046578893">
            <Unicode>piſceris</Unicode>
          </TextEquiv>
        </Word>
        <Word id="w51241">
          <Coords points="518,506 533,506 533,534 518,534"/>
          <Glyph id="w51241g0">
            <Coords points="518,506 521,506 521,534 518,534"/>
            <TextEquiv index="1" conf="0.9998233795166016">
              <Unicode>a</Unicode>
            </TextEquiv>
          </Glyph>
          <Glyph id="w51241g1">
            <Coords points="533,506 533,506 533,534 533,534"/>
            <TextEquiv index="1" conf="0.9987764358520508">
              <Unicode>n</Unicode>
            </TextEquiv>
          </Glyph>
          <TextEquiv index="1" conf="0.9986000314751436">
            <Unicode>an</Unicode>
          </TextEquiv>
        </Word>
        <TextEquiv index="1" conf="0.9905765620425895">
          <Unicode>&amp; ab eo qua pote ris induſtria ex piſceris an</Unicode>
        </TextEquiv>
      </TextLine>
      <TextLine id="r0_l020">
        <Coords points="483,560 483,553 484,552 536,552 537,553 549,553 549,552 550,551 550,549 548,547 548,535 547,533 545,533 544,532 543,533 516,533 514,535 514,540 465,540 463,538 462,539 462,541 434,541 432,539 422,539 421,539 421,535 421,534 420,534 419,535 419,540 401,540 400,539 376,539 375,539 375,534 375,533 367,533 366,532 350,532 349,533 349,539 318,539 317,539 317,534 316,532 311,532 310,533 282,533 281,532 279,532 278,533 278,538 245,538 244,538 244,534 242,531 240,531 239,532 238,532 237,533 207,533 206,534 206,539 176,539 175,539 175,535 175,534 119,534 118,533 80,533 79,532 77,532 76,533 76,539 52,539 51,540 27,540 24,543 27,545 28,545 28,546 28,548 31,550 32,550 36,554 53,554 54,553 88,553 88,554 88,560 89,560 89,554 90,553 99,553 100,554 108,554 109,553 219,553 220,552 234,552 234,553 234,560 235,560 236,560 236,553 237,552 241,552 327,552 327,553 327,559 328,559 332,559 332,553 333,552 396,552 397,553 446,553 446,554 446,556 447,556 469,556 469,557 469,560 470,560 483,560"/>
        <Word id="w51242">
          <Coords points="34,531 76,531 76,560 34,560"/>
          <Glyph id="w51242g0">
            <Coords points="34,531 37,531 37,560 34,560"/>
            <TextEquiv index="1" conf="0.9640017867088317">
              <Unicode>v</Unicode>
            </TextEquiv>
          </Glyph>
          <Glyph id="w51242g1">
            <Coords points="49,531 52,531 52,560 49,560"/>
            <TextEquiv index="1" conf="0.940718638896942">
              <Unicode>e</Unicode>
            </TextEquiv>
          </Glyph>
          <Glyph id="w51242g2">
            <Coords points="61,531 64,531 64,560 61,560"/>
            <TextEquiv index="1" conf="0.9995765566825867">
              <Unicode>r</Unicode>
            </TextEquiv>
          </Glyph>
          <Glyph id="w51242g3">
            <Coords points="73,531 76,531 76,560 73,560"/>
            <TextEquiv index="1" conf="0.9984112024307252">
              <Unicode>è</Unicode>
            </TextEquiv>
          </Glyph>
          <TextEquiv index="1" conf="0.9050302491876095">
            <Unicode>verè</Unicode>
          </TextEquiv>
        </Word>
        <Word id="w51243">
          <Coords points="103,531 217,531 217,560 103,560"/>
          <Glyph id="w51243g0">
            <Coords points="103,531 106,531 106,560 103,560"/>
            <TextEquiv index="1" conf="0.9995352745056152">
              <Unicode>C</Unicode>
            </TextEquiv>
          </Glyph>
          <Glyph id="w51243g1">
            <Coords points="112,531 115,531 115,560 112,560"/>
            <TextEquiv index="1" conf="0.9988272190093994">
              <Unicode>h</Unicode>
            </TextEquiv>
          </Glyph>
          <Glyph id="w51243g2">
            <Coords points="130,531 133,531 133,560 130,560"/>
            <TextEquiv index="1" conf="0.9995492458343507">
              <Unicode>r</Unicode>
            </TextEquiv>
          </Glyph>
          <Glyph id="w51243g3">
            <Coords points="139,531 142,531 142,560 139,560"/>
            <TextEquiv index="1" conf="0.9989818692207337">
              <Unicode>i</Unicode>
            </TextEquiv>
          </Glyph>
          <Glyph id="w51243g4">
            <Coords points="148,531 151,531 151,560 148,560"/>
            <TextEquiv index="1" conf="0.9970822215080262">
              <Unicode>ſ</Unicode>
            </TextEquiv>
          </Glyph>
          <Glyph id="w51243g5">
            <Coords points="157,531 160,531 160,560 157,560"/>
            <TextEquiv index="1" conf="0.9998510003089904">
              <Unicode>t</Unicode>
            </TextEquiv>
          </Glyph>
          <Glyph id="w51243g6">
            <Coords points="166,531 169,531 169,560 166,560"/>
            <TextEquiv index="1" conf="0.624180942773819">
              <Unicode>i</Unicode>
            </TextEquiv>
          </Glyph>
          <Glyph id="w51243g7">
            <Coords points="175,531 178,531 178,560 175,560"/>
            <TextEquiv index="1" conf="0.999966597557068">
              <Unicode>a</Unicode>
            </TextEquiv>
          </Glyph>
          <Glyph id="w51243g8">
            <Coords points="187,531 190,531 190,560 187,560"/>
            <TextEquiv index="1" conf="0.9996276259422303">
              <Unicode>n</Unicode>
            </TextEquiv>
          </Glyph>
          <Glyph id="w51243g9">
            <Coords points="202,531 205,531 205,560 202,560"/>
            <TextEquiv index="1" conf="0.9992471575736999">
              <Unicode>i</Unicode>
            </TextEquiv>
          </Glyph>
          <Glyph id="w51243g10">
            <Coords points="214,531 217,531 217,560 214,560"/>
            <TextEquiv index="1" conf="0.9998539924621581">
              <Unicode>s</Unicode>
            </TextEquiv>
          </Glyph>
          <TextEquiv index="1" conf="0.6195271005217011">
            <Unicode>Chriſtianis</Unicode>
          </TextEquiv>
        </Word>
        <Word id="w51244">
          <Coords points="232,531 289,531 289,560 232,560"/>
          <Glyph id="w51244g0">
            <Coords points="232,531 232,531 232,560 232,560"/>
            <TextEquiv index="1" conf="0.9992225527763368">
              <Unicode>ſ</Unicode>
            </TextEquiv>
          </Glyph>
          <Glyph id="w51244g1">
            <Coords points="238,531 241,531 241,560 238,560"/>
            <TextEquiv index="1" conf="0.9999213218688965">
              <Unicode>a</Unicode>
            </TextEquiv>
          </Glyph>
          <Glyph id="w51244g2">
            <Coords points="253,531 256,531 256,560 253,560"/>
            <TextEquiv index="1" conf="0.9961130499839783">
              <Unicode>c</Unicode>
            </TextEquiv>
          </Glyph>
          <Glyph id="w51244g3">
            <Coords points="265,531 268,531 268,560 265,560"/>
            <TextEquiv index="1" conf="0.9993902564048767">
              <Unicode>r</Unicode>
            </TextEquiv>
          </Glyph>
          <Glyph id="w51244g4">
            <Coords points="274,531 277,531 277,560 274,560"/>
            <TextEquiv index="1" conf="0.999582314491272">
              <Unicode>i</Unicode>
            </TextEquiv>
          </Glyph>
          <Glyph id="w51244g5">
            <Coords points="286,531 289,531 289,560 286,560"/>
            <TextEquiv index="1" conf="0.9997043371200561">
              <Unicode>s</Unicode>
            </TextEquiv>
          </Glyph>
          <TextEquiv index="1" conf="0.9939440480655983">
            <Unicode>ſacris</Unicode>
          </TextEquiv>
        </Word>
        <Word id="w51245">
          <Coords points="304,531 316,531 316,560 304,560"/>
          <Glyph id="w51245g0">
            <Coords points="304,531 304,531 304,560 304,560"/>
            <TextEquiv index="1" conf="0.999757182598114">
              <Unicode>ſ</Unicode>
            </TextEquiv>
          </Glyph>
          <Glyph id="w51245g1">
            <Coords points="316,531 316,531 316,560 316,560"/>
            <TextEquiv index="1" conf="0.999875557422638">
              <Unicode>e</Unicode>
            </TextEquiv>
          </Glyph>
          <TextEquiv index="1" conf="0.9996327702375752">
            <Unicode>ſe</Unicode>
          </TextEquiv>
        </Word>
        <Word id="w51246">
          <Coords points="328,531 445,531 445,560 328,560"/>
          <Glyph id="w51246g0">
            <Coords points="328,531 328,531 328,560 328,560"/>
            <TextEquiv index="1" conf="0.9999548912048339">
              <Unicode>a</Unicode>
            </TextEquiv>
          </Glyph>
          <Glyph id="w51246g1">
            <Coords points="343,531 346,531 346,560 343,560"/>
            <TextEquiv index="1" conf="0.9998380184173585">
              <Unicode>d</Unicode>
            </TextEquiv>
          </Glyph>
          <Glyph id="w51246g2">
            <Coords points="358,531 361,531 361,560 358,560"/>
            <TextEquiv index="1" conf="0.9999545812606812">
              <Unicode>d</Unicode>
            </TextEquiv>
          </Glyph>
          <Glyph id="w51246g3">
            <Coords points="367,531 370,531 370,560 367,560"/>
            <TextEquiv index="1" conf="0.9996636629104614">
              <Unicode>i</Unicode>
            </TextEquiv>
          </Glyph>
          <Glyph id="w51246g4">
            <Coords points="382,531 385,531 385,560 382,560"/>
            <TextEquiv index="1" conf="0.9891643166542055">
              <Unicode>x</Unicode>
            </TextEquiv>
          </Glyph>
          <Glyph id="w51246g5">
            <Coords points="394,531 397,531 397,560 394,560"/>
            <TextEquiv index="1" conf="0.9999120354652404">
              <Unicode>e</Unicode>
            </TextEquiv>
          </Glyph>
          <Glyph id="w51246g6">
            <Coords points="406,531 409,531 409,560 406,560"/>
            <TextEquiv index="1" conf="0.9991578102111817">
              <Unicode>r</Unicode>
            </TextEquiv>
          </Glyph>
          <Glyph id="w51246g7">
            <Coords points="415,531 418,531 418,560 415,560"/>
            <TextEquiv index="1" conf="0.9923805236816405">
              <Unicode>i</Unicode>
            </TextEquiv>
          </Glyph>
          <Glyph id="w51246g8">
            <Coords points="427,531 430,531 430,560 427,560"/>
            <TextEquiv index="1" conf="0.9972816467285156">
              <Unicode>t</Unicode>
            </TextEquiv>
          </Glyph>
          <Glyph id="w51246g9">
            <Coords points="442,531 445,531 445,560 442,560"/>
            <TextEquiv index="1" conf="0.9901031732559203">
              <Unicode>,</Unicode>
            </TextEquiv>
          </Glyph>
          <TextEquiv index="1" conf="0.9677987837805399">
            <Unicode>addixerit,</Unicode>
          </TextEquiv>
        </Word>
        <Word id="w51247">
          <Coords points="463,531 514,531 514,560 463,560"/>
          <Glyph id="w51247g0">
            <Coords points="463,531 469,531 469,560 463,560"/>
            <TextEquiv index="1" conf="0.982866871356964">
              <Unicode>q</Unicode>
            </TextEquiv>
          </Glyph>
          <Glyph id="w51247g1">
            <Coords points="475,531 478,531 478,560 475,560"/>
            <TextEquiv index="1" conf="0.9995818495750427">
              <Unicode>u</Unicode>
            </TextEquiv>
          </Glyph>
          <Glyph id="w51247g2">
            <Coords points="493,531 499,531 499,560 493,560"/>
            <TextEquiv index="1" conf="0.9946640372276306">
              <Unicode>o</Unicode>
            </TextEquiv>
          </Glyph>
          <Glyph id="w51247g3">
            <Coords points="511,531 514,531 514,560 511,560"/>
            <TextEquiv index="1" conf="0.9992393732070923">
              <Unicode>d</Unicode>
            </TextEquiv>
          </Glyph>
          <TextEquiv index="1" conf="0.9764702423296047">
            <Unicode>quod</Unicode>
          </TextEquiv>
        </Word>
        <Word id="w51248">
          <Coords points="532,531 544,531 544,560 532,560"/>
          <Glyph id="w51248g0">
            <Coords points="532,531 535,531 535,560 532,560"/>
            <TextEquiv index="1" conf="0.9927631855010985">
              <Unicode>ſ</Unicode>
            </TextEquiv>
          </Glyph>
          <Glyph id="w51248g1">
            <Coords points="541,531 544,531 544,560 541,560"/>
            <TextEquiv index="1" conf="0.8225116610527039">
              <Unicode>i</Unicode>
            </TextEquiv>
          </Glyph>
          <TextEquiv index="1" conf="0.8165592967384822">
            <Unicode>ſi</Unicode>
          </TextEquiv>
        </Word>
        <TextEquiv index="1" conf="0.9836602066622836">
          <Unicode>verè Chriſtianis ſacris ſe addixerit, quod ſi</Unicode>
        </TextEquiv>
      </TextLine>
      <TextLine id="r0_l021">
        <Coords points="278,587 278,580 279,579 312,579 313,578 319,578 319,579 319,586 320,586 320,579 321,578 360,578 361,579 363,579 364,578 401,578 401,579 401,586 402,586 404,586 404,580 405,579 548,579 550,577 550,568 549,566 513,566 512,566 512,563 511,562 511,561 510,559 509,560 481,560 480,561 480,566 428,566 427,566 427,561 426,559 406,559 404,561 404,565 334,565 333,565 333,560 333,559 296,559 295,560 295,566 271,566 270,565 246,565 245,564 238,564 237,564 237,561 237,560 234,560 233,561 233,566 185,566 184,566 184,561 184,560 154,560 153,559 151,559 150,560 149,560 148,561 115,561 114,560 88,560 86,562 86,565 56,565 55,566 34,566 33,567 31,567 28,570 6,570 5,571 5,582 6,582 8,582 10,580 55,580 56,579 84,579 85,580 108,580 108,581 108,587 109,587 109,581 110,580 216,580 217,579 252,579 252,580 252,583 253,583 271,583 271,584 271,586 272,586 274,584 274,580 275,579 275,580 275,587 276,587 278,587"/>
        <Word id="w51249">
          <Coords points="34,559 68,559 68,587 34,587"/>
          <Glyph id="w51249g0">
            <Coords points="34,559 34,559 34,587 34,587"/>
            <TextEquiv index="1" conf="0.7005494870245457">
              <Unicode>t</Unicode>
            </TextEquiv>
          </Glyph>
          <Glyph id="w51249g1">
            <Coords points="42,559 45,559 45,587 42,587"/>
            <TextEquiv index="1" conf="0.9974290609359742">
              <Unicode>u</Unicode>
            </TextEquiv>
          </Glyph>
          <Glyph id="w51249g2">
            <Coords points="65,559 68,559 68,587 65,587"/>
            <TextEquiv index="1" conf="0.7534778177738188">
              <Unicode>o</Unicode>
            </TextEquiv>
          </Glyph>
          <TextEquiv index="1" conf="0.5264914324005613">
            <Unicode>tuo</Unicode>
          </TextEquiv>
        </Word>
        <Word id="w51250">
          <Coords points="82,559 150,559 150,587 82,587"/>
          <Glyph id="w51250g0">
            <Coords points="82,559 85,559 85,587 82,587"/>
            <TextEquiv index="1" conf="0.9996966600418091">
              <Unicode>i</Unicode>
            </TextEquiv>
          </Glyph>
          <Glyph id="w51250g1">
            <Coords points="93,559 93,559 93,587 93,587"/>
            <TextEquiv index="1" conf="0.999982476234436">
              <Unicode>n</Unicode>
            </TextEquiv>
          </Glyph>
          <Glyph id="w51250g2">
            <Coords points="107,559 110,559 110,587 107,587"/>
            <TextEquiv index="1" conf="0.9994554042816162">
              <Unicode>i</Unicode>
            </TextEquiv>
          </Glyph>
          <Glyph id="w51250g3">
            <Coords points="119,559 121,559 121,587 119,587"/>
            <TextEquiv index="1" conf="0.9993794441223145">
              <Unicode>u</Unicode>
            </TextEquiv>
          </Glyph>
          <Glyph id="w51250g4">
            <Coords points="133,559 136,559 136,587 133,587"/>
            <TextEquiv index="1" conf="0.9921838641166687">
              <Unicode>ſ</Unicode>
            </TextEquiv>
          </Glyph>
          <Glyph id="w51250g5">
            <Coords points="141,559 141,559 141,587 141,587"/>
            <TextEquiv index="1" conf="0.5171054005622864">
              <Unicode>ſ</Unicode>
            </TextEquiv>
          </Glyph>
          <Glyph id="w51250g6">
            <Coords points="150,559 150,559 150,587 150,587"/>
            <TextEquiv index="1" conf="0.9831827282905578">
              <Unicode>u</Unicode>
            </TextEquiv>
          </Glyph>
          <TextEquiv index="1" conf="0.5036860670347358">
            <Unicode>iniuſſu</Unicode>
          </TextEquiv>
        </Word>
        <Word id="w51251">
          <Coords points="172,559 252,559 252,587 172,587"/>
          <Glyph id="w51251g0">
            <Coords points="172,559 172,559 172,587 172,587"/>
            <TextEquiv index="1" conf="0.968165409564972">
              <Unicode>f</Unicode>
            </TextEquiv>
          </Glyph>
          <Glyph id="w51251g1">
            <Coords points="184,559 184,559 184,587 184,587"/>
            <TextEquiv index="1" conf="0.9998026251792907">
              <Unicode>e</Unicode>
            </TextEquiv>
          </Glyph>
          <Glyph id="w51251g2">
            <Coords points="195,559 198,559 198,587 195,587"/>
            <TextEquiv index="1" conf="0.988039481639862">
              <Unicode>c</Unicode>
            </TextEquiv>
          </Glyph>
          <Glyph id="w51251g3">
            <Coords points="209,559 212,559 212,587 209,587"/>
            <TextEquiv index="1" conf="0.9999682188034058">
              <Unicode>e</Unicode>
            </TextEquiv>
          </Glyph>
          <Glyph id="w51251g4">
            <Coords points="220,559 223,559 223,587 220,587"/>
            <TextEquiv index="1" conf="0.9999883651733399">
              <Unicode>r</Unicode>
            </TextEquiv>
          </Glyph>
          <Glyph id="w51251g5">
            <Coords points="229,559 232,559 232,587 229,587"/>
            <TextEquiv index="1" conf="0.9983577251434326">
              <Unicode>i</Unicode>
            </TextEquiv>
          </Glyph>
          <Glyph id="w51251g6">
            <Coords points="240,559 243,559 243,587 240,587"/>
            <TextEquiv index="1" conf="0.9904660344123841">
              <Unicode>t</Unicode>
            </TextEquiv>
          </Glyph>
          <Glyph id="w51251g7">
            <Coords points="249,559 252,559 252,587 249,587"/>
            <TextEquiv index="1" conf="0.9926026225090027">
              <Unicode>,</Unicode>
            </TextEquiv>
          </Glyph>
          <TextEquiv index="1" conf="0.9386862723655882">
            <Unicode>fecerit,</Unicode>
          </TextEquiv>
        </Word>
        <Word id="w51252">
          <Coords points="263,559 308,559 308,587 263,587"/>
          <Glyph id="w51252g0">
            <Coords points="263,559 269,559 269,587 263,587"/>
            <TextEquiv index="1" conf="0.9993801116943358">
              <Unicode>q</Unicode>
            </TextEquiv>
          </Glyph>
          <Glyph id="w51252g1">
            <Coords points="277,559 277,559 277,587 277,587"/>
            <TextEquiv index="1" conf="0.9999508619308471">
              <Unicode>u</Unicode>
            </TextEquiv>
          </Glyph>
          <Glyph id="w51252g2">
            <Coords points="291,559 291,559 291,587 291,587"/>
            <TextEquiv index="1" conf="0.9997425198554993">
              <Unicode>i</Unicode>
            </TextEquiv>
          </Glyph>
          <Glyph id="w51252g3">
            <Coords points="303,559 308,559 308,587 303,587"/>
            <TextEquiv index="1" conf="0.9998837471008301">
              <Unicode>d</Unicode>
            </TextEquiv>
          </Glyph>
          <TextEquiv index="1" conf="0.9989575509802946">
            <Unicode>quid</Unicode>
          </TextEquiv>
        </Word>
        <Word id="w51253">
          <Coords points="320,559 382,559 382,587 320,587"/>
          <Glyph id="w51253g0">
            <Coords points="320,559 320,559 320,587 320,587"/>
            <TextEquiv index="1" conf="0.9994903326034545">
              <Unicode>f</Unicode>
            </TextEquiv>
          </Glyph>
          <Glyph id="w51253g1">
            <Coords points="325,559 328,559 328,587 325,587"/>
            <TextEquiv index="1" conf="0.9999412536621093">
              <Unicode>a</Unicode>
            </TextEquiv>
          </Glyph>
          <Glyph id="w51253g2">
            <Coords points="342,559 345,559 345,587 342,587"/>
            <TextEquiv index="1" conf="0.9999870300292968">
              <Unicode>c</Unicode>
            </TextEquiv>
          </Glyph>
          <Glyph id="w51253g3">
            <Coords points="353,559 356,559 356,587 353,587"/>
            <TextEquiv index="1" conf="0.9996344923973084">
              <Unicode>e</Unicode>
            </TextEquiv>
          </Glyph>
          <Glyph id="w51253g4">
            <Coords points="368,559 368,559 368,587 368,587"/>
            <TextEquiv index="1" conf="0.999948263168335">
              <Unicode>r</Unicode>
            </TextEquiv>
          </Glyph>
          <Glyph id="w51253g5">
            <Coords points="379,559 382,559 382,587 379,587"/>
            <TextEquiv index="1" conf="0.9999392628669739">
              <Unicode>e</Unicode>
            </TextEquiv>
          </Glyph>
          <TextEquiv index="1" conf="0.998940994138914">
            <Unicode>facere</Unicode>
          </TextEquiv>
        </Word>
        <Word id="w51254">
          <Coords points="399,559 464,559 464,587 399,587"/>
          <Glyph id="w51254g0">
            <Coords points="399,559 402,559 402,587 399,587"/>
            <TextEquiv index="1" conf="0.9999114632606506">
              <Unicode>d</Unicode>
            </TextEquiv>
          </Glyph>
          <Glyph id="w51254g1">
            <Coords points="413,559 413,559 413,587 413,587"/>
            <TextEquiv index="1" conf="0.9999651908874512">
              <Unicode>e</Unicode>
            </TextEquiv>
          </Glyph>
          <Glyph id="w51254g2">
            <Coords points="421,559 421,559 421,587 421,587"/>
            <TextEquiv index="1" conf="0.9999859094619751">
              <Unicode>b</Unicode>
            </TextEquiv>
          </Glyph>
          <Glyph id="w51254g3">
            <Coords points="438,559 438,559 438,587 438,587"/>
            <TextEquiv index="1" conf="0.9999232172966004">
              <Unicode>e</Unicode>
            </TextEquiv>
          </Glyph>
          <Glyph id="w51254g4">
            <Coords points="447,559 450,559 450,587 447,587"/>
            <TextEquiv index="1" conf="0.9999666929244996">
              <Unicode>a</Unicode>
            </TextEquiv>
          </Glyph>
          <Glyph id="w51254g5">
            <Coords points="461,559 464,559 464,587 461,587"/>
            <TextEquiv index="1" conf="0.9996780037879944">
              <Unicode>s</Unicode>
            </TextEquiv>
          </Glyph>
          <TextEquiv index="1" conf="0.9994305798211313">
            <Unicode>debeas</Unicode>
          </TextEquiv>
        </Word>
        <Word id="w51255">
          <Coords points="475,559 486,559 486,587 475,587"/>
          <Glyph id="w51255g0">
            <Coords points="475,559 478,559 478,587 475,587"/>
            <TextEquiv index="1" conf="0.999245822429657">
              <Unicode>i</Unicode>
            </TextEquiv>
          </Glyph>
          <Glyph id="w51255g1">
            <Coords points="486,559 486,559 486,587 486,587"/>
            <TextEquiv index="1" conf="0.9998727440834045">
              <Unicode>n</Unicode>
            </TextEquiv>
          </Glyph>
          <TextEquiv index="1" conf="0.9991186624866195">
            <Unicode>in</Unicode>
          </TextEquiv>
        </Word>
        <Word id="w51256">
          <Coords points="506,559 543,559 543,587 506,587"/>
          <Glyph id="w51256g0">
            <Coords points="506,559 506,559 506,587 506,587"/>
            <TextEquiv index="1" conf="0.9986020565032959">
              <Unicode>h</Unicode>
            </TextEquiv>
          </Glyph>
          <Glyph id="w51256g1">
            <Coords points="523,559 529,559 529,587 523,587"/>
            <TextEquiv index="1" conf="0.9994711875915527">
              <Unicode>o</Unicode>
            </TextEquiv>
          </Glyph>
          <Glyph id="w51256g2">
            <Coords points="540,559 543,559 543,587 540,587"/>
            <TextEquiv index="1" conf="0.9961591482162475">
              <Unicode>c</Unicode>
            </TextEquiv>
          </Glyph>
          <TextEquiv index="1" conf="0.9942405291054695">
            <Unicode>hoc</Unicode>
          </TextEquiv>
        </Word>
        <TextEquiv index="1" conf="0.9752304395417807">
          <Unicode>tuo iniuſſu fecerit, quid facere debeas in hoc</Unicode>
        </TextEquiv>
      </TextLine>
      <TextLine id="r0_l022">
        <Coords points="1,613 4,610 5,610 7,608 62,608 62,609 62,610 63,611 63,612 64,612 70,612 71,611 72,611 74,609 74,608 75,607 107,607 108,608 129,608 131,610 139,610 139,611 139,612 141,613 147,613 147,609 148,608 185,608 186,607 215,607 216,606 265,606 266,607 269,607 270,606 332,606 333,605 377,605 377,606 377,613 378,613 407,613 408,612 436,612 436,606 437,605 509,605 510,606 525,606 526,605 535,605 537,603 537,601 537,600 536,600 535,599 528,599 527,599 527,594 527,593 525,593 523,591 493,591 492,592 451,592 450,592 450,588 449,586 446,586 445,587 445,592 405,592 404,592 404,587 404,586 378,586 377,585 376,585 375,586 372,586 368,590 368,592 322,592 321,592 321,587 321,586 319,586 318,587 318,592 279,592 278,592 278,588 278,587 275,587 274,588 274,592 241,592 240,591 239,592 238,592 237,593 194,593 193,594 145,594 144,593 142,593 141,594 111,594 110,594 110,590 109,589 109,588 109,587 108,587 107,588 107,592 70,592 69,591 67,591 66,592 34,592 33,593 32,593 29,596 8,596 7,597 6,597 4,599 1,599 1,600 1,613"/>
        <Word id="w51257">
          <Coords points="33,585 52,585 52,613 33,613"/>
          <Glyph id="w51257g0">
            <Coords points="33,585 33,585 33,613 33,613"/>
            <TextEquiv index="1" conf="0.9954841852188111">
              <Unicode>n</Unicode>
            </TextEquiv>
          </Glyph>
          <Glyph id="w51257g1">
            <Coords points="52,585 52,585 52,613 52,613"/>
            <TextEquiv index="1" conf="0.993777585029602">
              <Unicode>e</Unicode>
            </TextEquiv>
          </Glyph>
          <TextEquiv index="1" conf="0.9892898695219111">
            <Unicode>ne</Unicode>
          </TextEquiv>
        </Word>
        <Word id="w51258">
          <Coords points="81,585 129,585 129,613 81,613"/>
          <Glyph id="w51258g0">
            <Coords points="81,585 83,585 83,613 81,613"/>
            <TextEquiv index="1" conf="0.9999443769454956">
              <Unicode>o</Unicode>
            </TextEquiv>
          </Glyph>
          <Glyph id="w51258g1">
            <Coords points="95,585 95,585 95,613 95,613"/>
            <TextEquiv index="1" conf="0.9997561216354369">
              <Unicode>t</Unicode>
            </TextEquiv>
          </Glyph>
          <Glyph id="w51258g2">
            <Coords points="103,585 103,585 103,613 103,613"/>
            <TextEquiv index="1" conf="0.9995386481285096">
              <Unicode>i</Unicode>
            </TextEquiv>
          </Glyph>
          <Glyph id="w51258g3">
            <Coords points="117,585 120,585 120,613 117,613"/>
            <TextEquiv index="1" conf="0.9970330834388733">
              <Unicode>o</Unicode>
            </TextEquiv>
          </Glyph>
          <Glyph id="w51258g4">
            <Coords points="129,585 129,585 129,613 129,613"/>
            <TextEquiv index="1" conf="0.8989440679550171">
              <Unicode>,</Unicode>
            </TextEquiv>
          </Glyph>
          <TextEquiv index="1" conf="0.8955951766220765">
            <Unicode>otio,</Unicode>
          </TextEquiv>
        </Word>
        <Word id="w51259">
          <Coords points="140,585 216,585 216,613 140,613"/>
          <Glyph id="w51259g0">
            <Coords points="140,585 140,585 140,613 140,613"/>
            <TextEquiv index="1" conf="0.9908615231513977">
              <Unicode>p</Unicode>
            </TextEquiv>
          </Glyph>
          <Glyph id="w51259g1">
            <Coords points="151,585 154,585 154,613 151,613"/>
            <TextEquiv index="1" conf="0.9999666929244995">
              <Unicode>a</Unicode>
            </TextEquiv>
          </Glyph>
          <Glyph id="w51259g2">
            <Coords points="168,585 168,585 168,613 168,613"/>
            <TextEquiv index="1" conf="0.9462077856063843">
              <Unicode>t</Unicode>
            </TextEquiv>
          </Glyph>
          <Glyph id="w51259g3">
            <Coords points="180,585 182,585 182,613 180,613"/>
            <TextEquiv index="1" conf="0.9999715089797974">
              <Unicode>e</Unicode>
            </TextEquiv>
          </Glyph>
          <Glyph id="w51259g4">
            <Coords points="191,585 194,585 194,613 191,613"/>
            <TextEquiv index="1" conf="0.9996661663055421">
              <Unicode>r</Unicode>
            </TextEquiv>
          </Glyph>
          <Glyph id="w51259g5">
            <Coords points="199,585 202,585 202,613 199,613"/>
            <TextEquiv index="1" conf="0.998991847038269">
              <Unicode>n</Unicode>
            </TextEquiv>
          </Glyph>
          <Glyph id="w51259g6">
            <Coords points="213,585 216,585 216,613 213,613"/>
            <TextEquiv index="1" conf="0.9996644854545594">
              <Unicode>a</Unicode>
            </TextEquiv>
          </Glyph>
          <TextEquiv index="1" conf="0.9359310242844967">
            <Unicode>paterna</Unicode>
          </TextEquiv>
        </Word>
        <Word id="w51260">
          <Coords points="230,585 352,585 352,613 230,613"/>
          <Glyph id="w51260g0">
            <Coords points="230,585 233,585 233,613 230,613"/>
            <TextEquiv index="1" conf="0.995728313922882">
              <Unicode>a</Unicode>
            </TextEquiv>
          </Glyph>
          <Glyph id="w51260g1">
            <Coords points="245,585 247,585 247,613 245,613"/>
            <TextEquiv index="1" conf="0.9998039722442627">
              <Unicode>u</Unicode>
            </TextEquiv>
          </Glyph>
          <Glyph id="w51260g2">
            <Coords points="262,585 264,585 264,613 262,613"/>
            <TextEquiv index="1" conf="0.9994927644729614">
              <Unicode>t</Unicode>
            </TextEquiv>
          </Glyph>
          <Glyph id="w51260g3">
            <Coords points="273,585 273,585 273,613 273,613"/>
            <TextEquiv index="1" conf="0.999963688850403">
              <Unicode>h</Unicode>
            </TextEquiv>
          </Glyph>
          <Glyph id="w51260g4">
            <Coords points="290,585 295,585 295,613 290,613"/>
            <TextEquiv index="1" conf="0.9994961023330688">
              <Unicode>o</Unicode>
            </TextEquiv>
          </Glyph>
          <Glyph id="w51260g5">
            <Coords points="304,585 307,585 307,613 304,613"/>
            <TextEquiv index="1" conf="0.9968398213386536">
              <Unicode>r</Unicode>
            </TextEquiv>
          </Glyph>
          <Glyph id="w51260g6">
            <Coords points="312,585 315,585 315,613 312,613"/>
            <TextEquiv index="1" conf="0.9996447563171387">
              <Unicode>i</Unicode>
            </TextEquiv>
          </Glyph>
          <Glyph id="w51260g7">
            <Coords points="327,585 327,585 327,613 327,613"/>
            <TextEquiv index="1" conf="0.9998461008071899">
              <Unicode>t</Unicode>
            </TextEquiv>
          </Glyph>
          <Glyph id="w51260g8">
            <Coords points="332,585 335,585 335,613 332,613"/>
            <TextEquiv index="1" conf="0.9999526262283326">
              <Unicode>a</Unicode>
            </TextEquiv>
          </Glyph>
          <Glyph id="w51260g9">
            <Coords points="349,585 352,585 352,613 349,613"/>
            <TextEquiv index="1" conf="0.999963927268982">
              <Unicode>s</Unicode>
            </TextEquiv>
          </Glyph>
          <TextEquiv index="1" conf="0.9907605166460586">
            <Unicode>authoritas</Unicode>
          </TextEquiv>
        </Word>
        <Word id="w51261">
          <Coords points="363,585 408,585 408,613 363,613"/>
          <Glyph id="w51261g0">
            <Coords points="363,585 366,585 366,613 363,613"/>
            <TextEquiv index="1" conf="0.9971637368202209">
              <Unicode>ſ</Unicode>
            </TextEquiv>
          </Glyph>
          <Glyph id="w51261g1">
            <Coords points="372,585 375,585 375,613 372,613"/>
            <TextEquiv index="1" conf="0.9999550819396972">
              <Unicode>a</Unicode>
            </TextEquiv>
          </Glyph>
          <Glyph id="w51261g2">
            <Coords points="386,585 389,585 389,613 386,613"/>
            <TextEquiv index="1" conf="0.9990039348602294">
              <Unicode>t</Unicode>
            </TextEquiv>
          </Glyph>
          <Glyph id="w51261g3">
            <Coords points="397,585 397,585 397,613 397,613"/>
            <TextEquiv index="1" conf="0.9971534967422485">
              <Unicode>i</Unicode>
            </TextEquiv>
          </Glyph>
          <Glyph id="w51261g4">
            <Coords points="408,585 408,585 408,613 408,613"/>
            <TextEquiv index="1" conf="0.9996337652206422">
              <Unicode>s</Unicode>
            </TextEquiv>
          </Glyph>
          <TextEquiv index="1" conf="0.9929264980973803">
            <Unicode>ſatis</Unicode>
          </TextEquiv>
        </Word>
        <Word id="w51262">
          <Coords points="423,585 527,585 527,613 423,613"/>
          <Glyph id="w51262g0">
            <Coords points="423,585 425,585 425,613 423,613"/>
            <TextEquiv index="1" conf="0.9999272942543029">
              <Unicode>a</Unicode>
            </TextEquiv>
          </Glyph>
          <Glyph id="w51262g1">
            <Coords points="440,585 442,585 442,613 440,613"/>
            <TextEquiv index="1" conf="0.9999595403671265">
              <Unicode>d</Unicode>
            </TextEquiv>
          </Glyph>
          <Glyph id="w51262g2">
            <Coords points="448,585 451,585 451,613 448,613"/>
            <TextEquiv index="1" conf="0.6477581262588501">
              <Unicode>i</Unicode>
            </TextEquiv>
          </Glyph>
          <Glyph id="w51262g3">
            <Coords points="457,585 457,585 457,613 457,613"/>
            <TextEquiv index="1" conf="0.5532681420445442">
              <Unicode>m</Unicode>
            </TextEquiv>
          </Glyph>
          <Glyph id="w51262g4">
            <Coords points="476,585 479,585 479,613 476,613"/>
            <TextEquiv index="1" conf="0.999956750869751">
              <Unicode>o</Unicode>
            </TextEquiv>
          </Glyph>
          <Glyph id="w51262g5">
            <Coords points="488,585 490,585 490,613 488,613"/>
            <TextEquiv index="1" conf="0.9999244332313537">
              <Unicode>n</Unicode>
            </TextEquiv>
          </Glyph>
          <Glyph id="w51262g6">
            <Coords points="505,585 507,585 507,613 505,613"/>
            <TextEquiv index="1" conf="0.9999819755554199">
              <Unicode>e</Unicode>
            </TextEquiv>
          </Glyph>
          <Glyph id="w51262g7">
            <Coords points="516,585 519,585 519,613 516,613"/>
            <TextEquiv index="1" conf="0.9997338652610779">
              <Unicode>t</Unicode>
            </TextEquiv>
          </Glyph>
          <Glyph id="w51262g8">
            <Coords points="527,585 527,585 527,613 527,613"/>
            <TextEquiv index="1" conf="0.8794342517852782">
              <Unicode>.</Unicode>
            </TextEquiv>
          </Glyph>
          <TextEquiv index="1" conf="0.3150124615922813">
            <Unicode>adimonet.</Unicode>
          </TextEquiv>
        </Word>
        <TextEquiv index="1" conf="0.9625599254148477">
          <Unicode> ne otio, paterna authoritas ſatis adimonet.</Unicode>
        </TextEquiv>
      </TextLine>
      <TextLine id="r0_l023">
        <Coords points="249,641 249,635 250,634 268,634 269,633 319,633 320,632 353,632 354,633 355,633 356,632 386,632 386,633 386,638 388,639 393,639 394,638 395,638 397,636 397,635 398,634 398,633 399,632 468,632 469,631 478,631 479,630 479,628 478,626 468,626 467,626 467,621 466,619 431,619 430,619 430,614 430,613 429,613 428,612 416,612 414,610 411,613 378,613 377,614 377,618 363,618 362,619 300,619 299,619 299,615 298,613 288,613 287,614 282,614 280,616 280,619 232,619 231,620 194,620 193,621 148,621 147,620 140,620 139,620 139,615 139,614 131,614 130,615 88,615 87,614 63,614 62,613 55,613 54,614 53,614 52,615 52,631 51,632 51,633 52,633 100,633 101,634 156,634 157,635 165,635 165,636 165,638 167,639 168,638 170,638 171,637 171,636 172,635 197,635 197,636 197,641 198,641 200,641 200,635 201,634 205,634 206,633 246,633 246,634 246,641 247,641 249,641"/>
        <Word id="w51263">
          <Coords points="62,610 83,610 83,641 62,641"/>
          <Glyph id="w51263g0">
            <Coords points="62,610 65,610 65,641 62,641"/>
            <TextEquiv index="1" conf="0.9987355709075927">
              <Unicode>L</Unicode>
            </TextEquiv>
          </Glyph>
          <Glyph id="w51263g1">
            <Coords points="80,610 83,610 83,641 80,641"/>
            <TextEquiv index="1" conf="0.9981145143508912">
              <Unicode>E</Unicode>
            </TextEquiv>
          </Glyph>
          <TextEquiv index="1" conf="0.9968524693213919">
            <Unicode>LE</Unicode>
          </TextEquiv>
        </Word>
        <Word id="w51264">
          <Coords points="101,610 116,610 116,641 101,641"/>
          <Glyph id="w51264g0">
            <Coords points="101,610 107,610 107,641 101,641"/>
            <TextEquiv index="1" conf="0.9993006348609924">
              <Unicode>V</Unicode>
            </TextEquiv>
          </Glyph>
          <Glyph id="w51264g1">
            <Coords points="113,610 116,610 116,641 113,641"/>
            <TextEquiv index="1" conf="0.9960461616516114">
              <Unicode>.</Unicode>
            </TextEquiv>
          </Glyph>
          <TextEquiv index="1" conf="0.99534956168931">
            <Unicode>V.</Unicode>
          </TextEquiv>
        </Word>
        <Word id="w51265">
          <Coords points="131,610 167,610 167,641 131,641"/>
          <Glyph id="w51265g0">
            <Coords points="131,610 134,610 134,641 131,641"/>
            <TextEquiv index="1" conf="0.9947100400924683">
              <Unicode>I</Unicode>
            </TextEquiv>
          </Glyph>
          <Glyph id="w51265g1">
            <Coords points="143,610 146,610 146,641 143,641"/>
            <TextEquiv index="1" conf="0.9995640635490418">
              <Unicode>t</Unicode>
            </TextEquiv>
          </Glyph>
          <Glyph id="w51265g2">
            <Coords points="155,610 158,610 158,641 155,641"/>
            <TextEquiv index="1" conf="0.9999112725257875">
              <Unicode>e</Unicode>
            </TextEquiv>
          </Glyph>
          <Glyph id="w51265g3">
            <Coords points="164,610 167,610 167,641 164,641"/>
            <TextEquiv index="1" conf="0.9963930130004883">
              <Unicode>,</Unicode>
            </TextEquiv>
          </Glyph>
          <TextEquiv index="1" conf="0.9906021662166189">
            <Unicode>Ite,</Unicode>
          </TextEquiv>
        </Word>
        <Word id="w51266">
          <Coords points="185,610 266,610 266,641 185,641"/>
          <Glyph id="w51266g0">
            <Coords points="185,610 185,610 185,641 185,641"/>
            <TextEquiv index="1" conf="0.9997538208961487">
              <Unicode>e</Unicode>
            </TextEquiv>
          </Glyph>
          <Glyph id="w51266g1">
            <Coords points="194,610 194,610 194,641 194,641"/>
            <TextEquiv index="1" conf="0.9001377701759338">
              <Unicode>u</Unicode>
            </TextEquiv>
          </Glyph>
          <Glyph id="w51266g2">
            <Coords points="212,610 218,610 218,641 212,641"/>
            <TextEquiv index="1" conf="0.9900774121284485">
              <Unicode>o</Unicode>
            </TextEquiv>
          </Glyph>
          <Glyph id="w51266g3">
            <Coords points="227,610 230,610 230,641 227,641"/>
            <TextEquiv index="1" conf="0.9955312848091125">
              <Unicode>c</Unicode>
            </TextEquiv>
          </Glyph>
          <Glyph id="w51266g4">
            <Coords points="233,610 239,610 239,641 233,641"/>
            <TextEquiv index="1" conf="0.999896228313446">
              <Unicode>a</Unicode>
            </TextEquiv>
          </Glyph>
          <Glyph id="w51266g5">
            <Coords points="251,610 251,610 251,641 251,641"/>
            <TextEquiv index="1" conf="0.9999582529067993">
              <Unicode>t</Unicode>
            </TextEquiv>
          </Glyph>
          <Glyph id="w51266g6">
            <Coords points="263,610 266,610 266,641 263,641"/>
            <TextEquiv index="1" conf="0.9996062636375428">
              <Unicode>e</Unicode>
            </TextEquiv>
          </Glyph>
          <TextEquiv index="1" conf="0.8865268446356784">
            <Unicode>euocate</Unicode>
          </TextEquiv>
        </Word>
        <Word id="w51267">
          <Coords points="281,610 473,610 473,641 281,641"/>
          <Glyph id="w51267g0">
            <Coords points="281,610 293,610 293,641 281,641"/>
            <TextEquiv index="1" conf="0.9992723703384399">
              <Unicode>H</Unicode>
            </TextEquiv>
          </Glyph>
          <Glyph id="w51267g1">
            <Coords points="305,610 305,610 305,641 305,641"/>
            <TextEquiv index="1" conf="0.9996942162513733">
              <Unicode>e</Unicode>
            </TextEquiv>
          </Glyph>
          <Glyph id="w51267g2">
            <Coords points="317,610 317,610 317,641 317,641"/>
            <TextEquiv index="1" conf="0.9999891281127928">
              <Unicode>r</Unicode>
            </TextEquiv>
          </Glyph>
          <Glyph id="w51267g3">
            <Coords points="332,610 335,610 335,641 332,641"/>
            <TextEquiv index="1" conf="0.9996749877929688">
              <Unicode>m</Unicode>
            </TextEquiv>
          </Glyph>
          <Glyph id="w51267g4">
            <Coords points="350,610 353,610 353,641 350,641"/>
            <TextEquiv index="1" conf="0.9997844815254212">
              <Unicode>e</Unicode>
            </TextEquiv>
          </Glyph>
          <Glyph id="w51267g5">
            <Coords points="362,610 362,610 362,641 362,641"/>
            <TextEquiv index="1" conf="0.9998514890670775">
              <Unicode>n</Unicode>
            </TextEquiv>
          </Glyph>
          <Glyph id="w51267g6">
            <Coords points="377,610 377,610 377,641 377,641"/>
            <TextEquiv index="1" conf="0.7517180263996124">
              <Unicode>i</Unicode>
            </TextEquiv>
          </Glyph>
          <Glyph id="w51267g7">
            <Coords points="389,610 392,610 392,641 389,641"/>
            <TextEquiv index="1" conf="0.998167359828949">
              <Unicode>g</Unicode>
            </TextEquiv>
          </Glyph>
          <Glyph id="w51267g8">
            <Coords points="401,610 401,610 401,641 401,641"/>
            <TextEquiv index="1" conf="0.9989566802978515">
              <Unicode>i</Unicode>
            </TextEquiv>
          </Glyph>
          <Glyph id="w51267g9">
            <Coords points="410,610 410,610 410,641 410,641"/>
            <TextEquiv index="1" conf="0.9998848199844359">
              <Unicode>l</Unicode>
            </TextEquiv>
          </Glyph>
          <Glyph id="w51267g10">
            <Coords points="422,610 425,610 425,641 422,641"/>
            <TextEquiv index="1" conf="0.9996996641159057">
              <Unicode>d</Unicode>
            </TextEquiv>
          </Glyph>
          <Glyph id="w51267g11">
            <Coords points="434,610 437,610 437,641 434,641"/>
            <TextEquiv index="1" conf="0.9999377250671387">
              <Unicode>u</Unicode>
            </TextEquiv>
          </Glyph>
          <Glyph id="w51267g12">
            <Coords points="455,610 458,610 458,641 455,641"/>
            <TextEquiv index="1" conf="0.9995131373405457">
              <Unicode>m</Unicode>
            </TextEquiv>
          </Glyph>
          <Glyph id="w51267g13">
            <Coords points="473,610 473,610 473,641 473,641"/>
            <TextEquiv index="1" conf="0.8556613922119141">
              <Unicode>.</Unicode>
            </TextEquiv>
          </Glyph>
          <TextEquiv index="1" conf="0.6396390293182106">
            <Unicode>Hermenigildum.</Unicode>
          </TextEquiv>
        </Word>
        <TextEquiv index="1" conf="0.9770277516408401">
          <Unicode>LE V. Ite, euocate Hermenigildum.</Unicode>
        </TextEquiv>
      </TextLine>
      <TextLine id="r0_l024">
        <Coords points="1,664 95,664 95,665 95,668 96,668 170,668 171,669 172,669 173,668 259,668 260,667 372,667 373,666 486,666 486,660 487,659 511,659 512,658 537,658 538,657 539,657 539,656 540,655 550,655 551,654 551,651 550,649 541,649 540,649 540,647 538,644 527,644 526,644 526,640 525,638 329,638 327,640 327,641 64,641 63,640 62,640 61,639 47,639 46,640 46,647 11,647 8,650 6,650 5,651 3,651 2,652 1,652 1,653 1,664"/>
        <Word id="w51268">
          <Coords points="7,638 7,638 7,669 7,669"/>
          <Glyph id="w51268g0">
            <Coords points="7,638 7,638 7,669 7,669"/>
            <TextEquiv index="1" conf="0.33636454741160077">
              <Unicode>x</Unicode>
            </TextEquiv>
          </Glyph>
          <TextEquiv index="1" conf="0.33636454741160077">
            <Unicode>x</Unicode>
          </TextEquiv>
        </Word>
        <Word id="w51269">
          <Coords points="57,638 114,638 114,669 57,669"/>
          <Glyph id="w51269g0">
            <Coords points="57,638 64,638 64,669 57,669"/>
            <TextEquiv index="1" conf="0.9982253789901734">
              <Unicode>D</Unicode>
            </TextEquiv>
          </Glyph>
          <Glyph id="w51269g1">
            <Coords points="73,638 76,638 76,669 73,669"/>
            <TextEquiv index="1" conf="0.9999273896217347">
              <Unicode>A</Unicode>
            </TextEquiv>
          </Glyph>
          <Glyph id="w51269g2">
            <Coords points="95,638 105,638 105,669 95,669"/>
            <TextEquiv index="1" conf="0.9735415220260619">
              <Unicode>R</Unicode>
            </TextEquiv>
          </Glyph>
          <Glyph id="w51269g3">
            <Coords points="111,638 114,638 114,669 111,669"/>
            <TextEquiv index="1" conf="0.9957598447799683">
              <Unicode>.</Unicode>
            </TextEquiv>
          </Glyph>
          <TextEquiv index="1" conf="0.967622948627606">
            <Unicode>DAR.</Unicode>
          </TextEquiv>
        </Word>
        <Word id="w51270">
          <Coords points="137,638 232,638 232,669 137,669"/>
          <Glyph id="w51270g0">
            <Coords points="137,638 140,638 140,669 137,669"/>
            <TextEquiv index="1" conf="0.9999105095863342">
              <Unicode>P</Unicode>
            </TextEquiv>
          </Glyph>
          <Glyph id="w51270g1">
            <Coords points="152,638 156,638 156,669 152,669"/>
            <TextEquiv index="1" conf="0.9999354481697084">
              <Unicode>e</Unicode>
            </TextEquiv>
          </Glyph>
          <Glyph id="w51270g2">
            <Coords points="165,638 165,638 165,669 165,669"/>
            <TextEquiv index="1" conf="0.9999835729598998">
              <Unicode>r</Unicode>
            </TextEquiv>
          </Glyph>
          <Glyph id="w51270g3">
            <Coords points="181,638 181,638 181,669 181,669"/>
            <TextEquiv index="1" conf="0.9999931573867799">
              <Unicode>m</Unicode>
            </TextEquiv>
          </Glyph>
          <Glyph id="w51270g4">
            <Coords points="197,638 197,638 197,669 197,669"/>
            <TextEquiv index="1" conf="0.9997627258300781">
              <Unicode>i</Unicode>
            </TextEquiv>
          </Glyph>
          <Glyph id="w51270g5">
            <Coords points="206,638 209,638 209,669 206,669"/>
            <TextEquiv index="1" conf="0.9999160170555115">
              <Unicode>t</Unicode>
            </TextEquiv>
          </Glyph>
          <Glyph id="w51270g6">
            <Coords points="219,638 219,638 219,669 219,669"/>
            <TextEquiv index="1" conf="0.8496997833251954">
              <Unicode>i</Unicode>
            </TextEquiv>
          </Glyph>
          <Glyph id="w51270g7">
            <Coords points="228,638 232,638 232,669 228,669"/>
            <TextEquiv index="1" conf="0.9995221853256225">
              <Unicode>e</Unicode>
            </TextEquiv>
          </Glyph>
          <TextEquiv index="1" conf="0.8488704260793994">
            <Unicode>Permitie</Unicode>
          </TextEquiv>
        </Word>
        <Word id="w51271">
          <Coords points="244,638 308,638 308,669 244,669"/>
          <Glyph id="w51271g0">
            <Coords points="244,638 244,638 244,669 244,669"/>
            <TextEquiv index="1" conf="0.9971022486686707">
              <Unicode>i</Unicode>
            </TextEquiv>
          </Glyph>
          <Glyph id="w51271g1">
            <Coords points="257,638 260,638 260,669 257,669"/>
            <TextEquiv index="1" conf="0.9442962050437927">
              <Unicode>g</Unicode>
            </TextEquiv>
          </Glyph>
          <Glyph id="w51271g2">
            <Coords points="270,638 270,638 270,669 270,669"/>
            <TextEquiv index="1" conf="0.999255895614624">
              <Unicode>i</Unicode>
            </TextEquiv>
          </Glyph>
          <Glyph id="w51271g3">
            <Coords points="279,638 282,638 282,669 279,669"/>
            <TextEquiv index="1" conf="0.6106483459472657">
              <Unicode>r</Unicode>
            </TextEquiv>
          </Glyph>
          <Glyph id="w51271g4">
            <Coords points="289,638 292,638 292,669 289,669"/>
            <TextEquiv index="1" conf="0.9990432620048522">
              <Unicode>u</Unicode>
            </TextEquiv>
          </Glyph>
          <Glyph id="w51271g5">
            <Coords points="308,638 308,638 308,669 308,669"/>
            <TextEquiv index="1" conf="0.9997808814048766">
              <Unicode>r</Unicode>
            </TextEquiv>
          </Glyph>
          <TextEquiv index="1" conf="0.5738586958505814">
            <Unicode>igirur</Unicode>
          </TextEquiv>
        </Word>
        <Word id="w51272">
          <Coords points="327,638 327,638 327,669 327,669"/>
          <Glyph id="w51272g0">
            <Coords points="327,638 327,638 327,669 327,669"/>
            <TextEquiv index="1" conf="0.6950899232178926">
              <Unicode>ô</Unicode>
            </TextEquiv>
          </Glyph>
          <TextEquiv index="1" conf="0.6950899232178926">
            <Unicode>ô</Unicode>
          </TextEquiv>
        </Word>
        <Word id="w51273">
          <Coords points="349,638 384,638 384,669 349,669"/>
          <Glyph id="w51273g0">
            <Coords points="349,638 355,638 355,669 349,669"/>
            <TextEquiv index="1" conf="0.9984116911888121">
              <Unicode>R</Unicode>
            </TextEquiv>
          </Glyph>
          <Glyph id="w51273g1">
            <Coords points="368,638 371,638 371,669 368,669"/>
            <TextEquiv index="1" conf="0.9996368646621705">
              <Unicode>e</Unicode>
            </TextEquiv>
          </Glyph>
          <Glyph id="w51273g2">
            <Coords points="380,638 384,638 384,669 380,669"/>
            <TextEquiv index="1" conf="0.9798388957977295">
              <Unicode>x</Unicode>
            </TextEquiv>
          </Glyph>
          <TextEquiv index="1" conf="0.9779273600602607">
            <Unicode>Rex</Unicode>
          </TextEquiv>
        </Word>
        <Word id="w51274">
          <Coords points="403,638 437,638 437,669 403,669"/>
          <Glyph id="w51274g0">
            <Coords points="403,638 406,638 406,669 403,669"/>
            <TextEquiv index="1" conf="0.9999000072479248">
              <Unicode>n</Unicode>
            </TextEquiv>
          </Glyph>
          <Glyph id="w51274g1">
            <Coords points="422,638 428,638 428,669 422,669"/>
            <TextEquiv index="1" conf="0.9984299302101135">
              <Unicode>o</Unicode>
            </TextEquiv>
          </Glyph>
          <Glyph id="w51274g2">
            <Coords points="437,638 437,638 437,669 437,669"/>
            <TextEquiv index="1" conf="0.9998088598251342">
              <Unicode>s</Unicode>
            </TextEquiv>
          </Glyph>
          <TextEquiv index="1" conf="0.9981392734648099">
            <Unicode>nos</Unicode>
          </TextEquiv>
        </Word>
        <Word id="w51275">
          <Coords points="463,638 545,638 545,669 463,669"/>
          <Glyph id="w51275g0">
            <Coords points="463,638 466,638 466,669 463,669"/>
            <TextEquiv index="1" conf="0.9937606811523437">
              <Unicode>d</Unicode>
            </TextEquiv>
          </Glyph>
          <Glyph id="w51275g1">
            <Coords points="472,638 472,638 472,669 472,669"/>
            <TextEquiv index="1" conf="0.9985908031463623">
              <Unicode>i</Unicode>
            </TextEquiv>
          </Glyph>
          <Glyph id="w51275g2">
            <Coords points="482,638 482,638 482,669 482,669"/>
            <TextEquiv index="1" conf="0.9993332028388977">
              <Unicode>ſ</Unicode>
            </TextEquiv>
          </Glyph>
          <Glyph id="w51275g3">
            <Coords points="494,638 494,638 494,669 494,669"/>
            <TextEquiv index="1" conf="0.999727201461792">
              <Unicode>c</Unicode>
            </TextEquiv>
          </Glyph>
          <Glyph id="w51275g4">
            <Coords points="507,638 507,638 507,669 507,669"/>
            <TextEquiv index="1" conf="0.9998548984527588">
              <Unicode>e</Unicode>
            </TextEquiv>
          </Glyph>
          <Glyph id="w51275g5">
            <Coords points="520,638 523,638 523,669 520,669"/>
            <TextEquiv index="1" conf="0.9998757839202881">
              <Unicode>d</Unicode>
            </TextEquiv>
          </Glyph>
          <Glyph id="w51275g6">
            <Coords points="532,638 536,638 536,669 532,669"/>
            <TextEquiv index="1" conf="0.9999788284301757">
              <Unicode>e</Unicode>
            </TextEquiv>
          </Glyph>
          <Glyph id="w51275g7">
            <Coords points="542,638 545,638 545,669 542,669"/>
            <TextEquiv index="1" conf="0.9998579502105712">
              <Unicode>-</Unicode>
            </TextEquiv>
          </Glyph>
          <TextEquiv index="1" conf="0.9909992729403457">
            <Unicode>diſcede-</Unicode>
          </TextEquiv>
        </Word>
        <TextEquiv index="1" conf="0.9579848487899313">
          <Unicode>x DAR. Permitie igirur ô Rex nos diſcede-</Unicode>
        </TextEquiv>
      </TextLine>
      <TextLine id="r0_l025">
        <Coords points="228,694 228,693 229,692 229,690 230,689 240,689 241,688 274,688 275,689 278,689 279,688 326,688 327,687 336,687 428,687 429,688 431,688 432,687 454,687 455,686 509,686 510,687 513,687 514,686 515,686 516,685 539,685 539,684 540,683 540,682 541,681 551,681 551,679 550,678 550,677 550,676 539,676 538,676 538,675 537,674 537,673 537,672 488,672 487,672 487,667 487,666 459,666 458,665 455,668 454,668 451,671 451,672 406,672 405,672 405,668 404,667 404,666 404,665 403,665 401,667 357,667 356,666 344,666 343,667 342,667 339,670 339,672 296,672 295,672 295,670 294,668 293,668 292,667 289,667 286,670 286,671 285,672 285,674 230,674 229,673 222,673 221,674 210,674 209,675 174,675 173,675 173,670 173,669 170,669 169,670 169,675 148,675 147,674 131,674 130,674 130,668 130,667 126,667 125,668 95,668 94,669 94,674 60,674 59,673 58,673 57,672 39,672 38,673 34,673 32,675 32,686 34,687 62,687 62,688 62,690 63,690 66,690 68,688 129,688 130,689 144,689 145,690 174,690 175,689 219,689 219,690 219,694 220,694 228,694"/>
        <Word id="w51276">
          <Coords points="36,665 60,665 60,694 36,694"/>
          <Glyph id="w51276g0">
            <Coords points="36,665 36,665 36,694 36,694"/>
            <TextEquiv index="1" conf="0.8701127946376801">
              <Unicode>r</Unicode>
            </TextEquiv>
          </Glyph>
          <Glyph id="w51276g1">
            <Coords points="51,665 51,665 51,694 51,694"/>
            <TextEquiv index="1" conf="0.8407857537269592">
              <Unicode>e</Unicode>
            </TextEquiv>
          </Glyph>
          <Glyph id="w51276g2">
            <Coords points="60,665 60,665 60,694 60,694"/>
            <TextEquiv index="1" conf="0.9968257188796997">
              <Unicode>,</Unicode>
            </TextEquiv>
          </Glyph>
          <TextEquiv index="1" conf="0.7292562062308758">
            <Unicode>re,</Unicode>
          </TextEquiv>
        </Word>
        <Word id="w51277">
          <Coords points="75,665 126,665 126,694 75,694"/>
          <Glyph id="w51277g0">
            <Coords points="75,665 75,665 75,694 75,694"/>
            <TextEquiv index="1" conf="0.9999340534210205">
              <Unicode>n</Unicode>
            </TextEquiv>
          </Glyph>
          <Glyph id="w51277g1">
            <Coords points="90,665 93,665 93,694 90,694"/>
            <TextEquiv index="1" conf="0.9991956353187562">
              <Unicode>i</Unicode>
            </TextEquiv>
          </Glyph>
          <Glyph id="w51277g2">
            <Coords points="99,665 102,665 102,694 99,694"/>
            <TextEquiv index="1" conf="0.9362535238265991">
              <Unicode>h</Unicode>
            </TextEquiv>
          </Glyph>
          <Glyph id="w51277g3">
            <Coords points="114,665 117,665 117,694 114,694"/>
            <TextEquiv index="1" conf="0.9998679041862487">
              <Unicode>i</Unicode>
            </TextEquiv>
          </Glyph>
          <Glyph id="w51277g4">
            <Coords points="123,665 126,665 126,694 123,694"/>
            <TextEquiv index="1" conf="0.9957691431045532">
              <Unicode>l</Unicode>
            </TextEquiv>
          </Glyph>
          <TextEquiv index="1" conf="0.9313579893110935">
            <Unicode>nihil</Unicode>
          </TextEquiv>
        </Word>
        <Word id="w51278">
          <Coords points="141,665 183,665 183,694 141,694"/>
          <Glyph id="w51278g0">
            <Coords points="141,665 144,665 144,694 141,694"/>
            <TextEquiv index="1" conf="0.9991155743598938">
              <Unicode>e</Unicode>
            </TextEquiv>
          </Glyph>
          <Glyph id="w51278g1">
            <Coords points="150,665 153,665 153,694 150,694"/>
            <TextEquiv index="1" conf="0.9993369221687316">
              <Unicode>n</Unicode>
            </TextEquiv>
          </Glyph>
          <Glyph id="w51278g2">
            <Coords points="165,665 168,665 168,694 165,694"/>
            <TextEquiv index="1" conf="0.9916327476501465">
              <Unicode>i</Unicode>
            </TextEquiv>
          </Glyph>
          <Glyph id="w51278g3">
            <Coords points="183,665 183,665 183,694 183,694"/>
            <TextEquiv index="1" conf="0.9999586105346681">
              <Unicode>m</Unicode>
            </TextEquiv>
          </Glyph>
          <TextEquiv index="1" conf="0.9900577944080633">
            <Unicode>enim</Unicode>
          </TextEquiv>
        </Word>
        <Word id="w51279">
          <Coords points="207,665 252,665 252,694 207,694"/>
          <Glyph id="w51279g0">
            <Coords points="207,665 210,665 210,694 207,694"/>
            <TextEquiv index="1" conf="0.9991939902305602">
              <Unicode>o</Unicode>
            </TextEquiv>
          </Glyph>
          <Glyph id="w51279g1">
            <Coords points="219,665 222,665 222,694 219,694"/>
            <TextEquiv index="1" conf="0.8962511777877807">
              <Unicode>p</Unicode>
            </TextEquiv>
          </Glyph>
          <Glyph id="w51279g2">
            <Coords points="234,665 237,665 237,694 234,694"/>
            <TextEquiv index="1" conf="0.9979068160057067">
              <Unicode>u</Unicode>
            </TextEquiv>
          </Glyph>
          <Glyph id="w51279g3">
            <Coords points="252,665 252,665 252,694 252,694"/>
            <TextEquiv index="1" conf="0.9917208671569824">
              <Unicode>s</Unicode>
            </TextEquiv>
          </Glyph>
          <TextEquiv index="1" conf="0.8862556015183395">
            <Unicode>opus</Unicode>
          </TextEquiv>
        </Word>
        <Word id="w51280">
          <Coords points="273,665 290,665 290,694 273,694"/>
          <Glyph id="w51280g0">
            <Coords points="273,665 273,665 273,694 273,694"/>
            <TextEquiv index="1" conf="0.992099153995514">
              <Unicode>e</Unicode>
            </TextEquiv>
          </Glyph>
          <Glyph id="w51280g1">
            <Coords points="282,665 282,665 282,694 282,694"/>
            <TextEquiv index="1" conf="0.9984990596771239">
              <Unicode>ſ</Unicode>
            </TextEquiv>
          </Glyph>
          <Glyph id="w51280g2">
            <Coords points="288,665 290,665 290,694 288,694"/>
            <TextEquiv index="1" conf="0.9999915838241576">
              <Unicode>t</Unicode>
            </TextEquiv>
          </Glyph>
          <TextEquiv index="1" conf="0.9906017352224306">
            <Unicode>eſt</Unicode>
          </TextEquiv>
        </Word>
        <Word id="w51281">
          <Coords points="305,665 323,665 323,694 305,694"/>
          <Glyph id="w51281g0">
            <Coords points="305,665 311,665 311,694 305,694"/>
            <TextEquiv index="1" conf="0.9989827156066894">
              <Unicode>v</Unicode>
            </TextEquiv>
          </Glyph>
          <Glyph id="w51281g1">
            <Coords points="320,665 323,665 323,694 320,694"/>
            <TextEquiv index="1" conf="0.9960536956787108">
              <Unicode>t</Unicode>
            </TextEquiv>
          </Glyph>
          <TextEquiv index="1" conf="0.9950404257991975">
            <Unicode>vt</Unicode>
          </TextEquiv>
        </Word>
        <Word id="w51282">
          <Coords points="335,665 365,665 365,694 335,694"/>
          <Glyph id="w51282g0">
            <Coords points="335,665 335,665 335,694 335,694"/>
            <TextEquiv index="1" conf="0.9960860013961792">
              <Unicode>ſ</Unicode>
            </TextEquiv>
          </Glyph>
          <Glyph id="w51282g1">
            <Coords points="341,665 344,665 344,694 341,694"/>
            <TextEquiv index="1" conf="0.9754278779029846">
              <Unicode>i</Unicode>
            </TextEquiv>
          </Glyph>
          <Glyph id="w51282g2">
            <Coords points="350,665 350,665 350,694 350,694"/>
            <TextEquiv index="1" conf="0.9999446392059326">
              <Unicode>b</Unicode>
            </TextEquiv>
          </Glyph>
          <Glyph id="w51282g3">
            <Coords points="365,665 365,665 365,694 365,694"/>
            <TextEquiv index="1" conf="0.9996165871620177">
              <Unicode>i</Unicode>
            </TextEquiv>
          </Glyph>
          <TextEquiv index="1" conf="0.9711837583016063">
            <Unicode>ſibi</Unicode>
          </TextEquiv>
        </Word>
        <Word id="w51283">
          <Coords points="377,665 398,665 398,694 377,694"/>
          <Glyph id="w51283g0">
            <Coords points="377,665 380,665 380,694 377,694"/>
            <TextEquiv index="1" conf="0.9999629497528076">
              <Unicode>a</Unicode>
            </TextEquiv>
          </Glyph>
          <Glyph id="w51283g1">
            <Coords points="395,665 398,665 398,694 395,694"/>
            <TextEquiv index="1" conf="0.9999361515045165">
              <Unicode>d</Unicode>
            </TextEquiv>
          </Glyph>
          <TextEquiv index="1" conf="0.9998991036229267">
            <Unicode>ad</Unicode>
          </TextEquiv>
        </Word>
        <Word id="w51284">
          <Coords points="407,665 509,665 509,694 407,694"/>
          <Glyph id="w51284g0">
            <Coords points="407,665 410,665 410,694 407,694"/>
            <TextEquiv index="1" conf="0.9991327285766602">
              <Unicode>u</Unicode>
            </TextEquiv>
          </Glyph>
          <Glyph id="w51284g1">
            <Coords points="425,665 425,665 425,694 425,694"/>
            <TextEquiv index="1" conf="0.9986382842063904">
              <Unicode>e</Unicode>
            </TextEquiv>
          </Glyph>
          <Glyph id="w51284g2">
            <Coords points="437,665 437,665 437,694 437,694"/>
            <TextEquiv index="1" conf="0.9999420642852783">
              <Unicode>r</Unicode>
            </TextEquiv>
          </Glyph>
          <Glyph id="w51284g3">
            <Coords points="446,665 449,665 449,694 446,694"/>
            <TextEquiv index="1" conf="0.997764015197754">
              <Unicode>ſ</Unicode>
            </TextEquiv>
          </Glyph>
          <Glyph id="w51284g4">
            <Coords points="452,665 458,665 458,694 452,694"/>
            <TextEquiv index="1" conf="0.9995998144149779">
              <Unicode>a</Unicode>
            </TextEquiv>
          </Glyph>
          <Glyph id="w51284g5">
            <Coords points="470,665 473,665 473,694 470,694"/>
            <TextEquiv index="1" conf="0.999600386619568">
              <Unicode>r</Unicode>
            </TextEquiv>
          </Glyph>
          <Glyph id="w51284g6">
            <Coords points="479,665 482,665 482,694 479,694"/>
            <TextEquiv index="1" conf="0.9996307492256165">
              <Unicode>i</Unicode>
            </TextEquiv>
          </Glyph>
          <Glyph id="w51284g7">
            <Coords points="491,665 497,665 497,694 491,694"/>
            <TextEquiv index="1" conf="0.9987974166870117">
              <Unicode>o</Unicode>
            </TextEquiv>
          </Glyph>
          <Glyph id="w51284g8">
            <Coords points="506,665 509,665 509,694 506,694"/>
            <TextEquiv index="1" conf="0.9991883397102355">
              <Unicode>s</Unicode>
            </TextEquiv>
          </Glyph>
          <TextEquiv index="1" conf="0.9923183637483713">
            <Unicode>uerſarios</Unicode>
          </TextEquiv>
        </Word>
        <Word id="w51285">
          <Coords points="524,665 542,665 542,694 524,694"/>
          <Glyph id="w51285g0">
            <Coords points="524,665 527,665 527,694 524,694"/>
            <TextEquiv index="1" conf="0.9795387148857116">
              <Unicode>a</Unicode>
            </TextEquiv>
          </Glyph>
          <Glyph id="w51285g1">
            <Coords points="539,665 542,665 542,694 539,694"/>
            <TextEquiv index="1" conf="0.9974280595779418">
              <Unicode>-</Unicode>
            </TextEquiv>
          </Glyph>
          <TextEquiv index="1" conf="0.9770193996699261">
            <Unicode>a-</Unicode>
          </TextEquiv>
        </Word>
        <TextEquiv index="1" conf="0.9842349237161325">
          <Unicode>re, nihil enim opus eſt vt ſibi ad uerſarios a-</Unicode>
        </TextEquiv>
      </TextLine>
      <TextLine id="r0_l026">
        <Coords points="1,734 137,734 137,695 1,695 1,734"/>
        <Word id="w51286">
          <Coords points="51,695 132,695 132,734 51,734"/>
          <Glyph id="w51286g0">
            <Coords points="51,695 55,695 55,734 51,734"/>
            <TextEquiv index="1" conf="0.9874408483505248">
              <Unicode>n</Unicode>
            </TextEquiv>
          </Glyph>
          <Glyph id="w51286g1">
            <Coords points="71,695 75,695 75,734 71,734"/>
            <TextEquiv index="1" conf="0.9984934210777283">
              <Unicode>o</Unicode>
            </TextEquiv>
          </Glyph>
          <Glyph id="w51286g2">
            <Coords points="85,695 85,695 85,734 85,734"/>
            <TextEquiv index="1" conf="0.9992087364196778">
              <Unicode>ſ</Unicode>
            </TextEquiv>
          </Glyph>
          <Glyph id="w51286g3">
            <Coords points="98,695 98,695 98,734 98,734"/>
            <TextEquiv index="1" conf="0.9996486902236938">
              <Unicode>c</Unicode>
            </TextEquiv>
          </Glyph>
          <Glyph id="w51286g4">
            <Coords points="101,695 108,695 108,734 101,734"/>
            <TextEquiv index="1" conf="0.9999696016311646">
              <Unicode>a</Unicode>
            </TextEquiv>
          </Glyph>
          <Glyph id="w51286g5">
            <Coords points="118,695 122,695 122,734 118,734"/>
            <TextEquiv index="1" conf="0.9998339176177977">
              <Unicode>t</Unicode>
            </TextEquiv>
          </Glyph>
          <Glyph id="w51286g6">
            <Coords points="128,695 132,695 132,734 128,734"/>
            <TextEquiv index="1" conf="0.9952075839042664">
              <Unicode>.</Unicode>
            </TextEquiv>
          </Glyph>
          <TextEquiv index="1" conf="0.9799146732665432">
            <Unicode>noſcat.</Unicode>
          </TextEquiv>
        </Word>
        <TextEquiv index="1" conf="0.9971146856035504">
          <Unicode>noſcat.</Unicode>
        </TextEquiv>
      </TextLine>
      <TextLine id="r0_l027">
        <Coords points="1,821 35,821 35,822 35,828 38,830 40,830 41,829 51,829 52,828 57,828 58,827 108,827 109,828 143,828 144,827 191,827 191,828 191,840 192,840 217,840 218,841 220,841 220,829 221,828 259,828 260,829 289,829 290,830 292,830 293,829 410,829 410,830 410,841 411,841 412,841 412,829 413,828 466,828 467,829 471,829 472,828 544,828 545,827 546,827 547,826 547,823 548,822 548,819 550,817 550,816 551,815 551,812 553,810 552,809 552,808 552,807 549,807 548,806 520,806 519,805 492,805 491,804 457,804 456,803 454,803 453,804 424,804 423,805 419,805 418,806 336,806 335,807 283,807 282,807 282,806 282,805 218,805 217,804 135,804 134,803 133,803 132,804 112,804 111,805 49,805 48,804 47,805 46,805 44,807 44,809 4,809 3,810 1,810 1,811 1,821"/>
        <Word id="w51287">
          <Coords points="59,803 296,803 296,841 59,841"/>
          <Glyph id="w51287g0">
            <Coords points="59,803 59,803 59,841 59,841"/>
            <TextEquiv index="1" conf="0.9943466663360595">
              <Unicode>L</Unicode>
            </TextEquiv>
          </Glyph>
          <Glyph id="w51287g1">
            <Coords points="88,803 93,803 93,841 88,841"/>
            <TextEquiv index="1" conf="0.9503468990325928">
              <Unicode>E</Unicode>
            </TextEquiv>
          </Glyph>
          <Glyph id="w51287g2">
            <Coords points="118,803 130,803 130,841 118,841"/>
            <TextEquiv index="1" conf="0.9978014349937439">
              <Unicode>V</Unicode>
            </TextEquiv>
          </Glyph>
          <Glyph id="w51287g3">
            <Coords points="147,803 151,803 151,841 147,841"/>
            <TextEquiv index="1" conf="0.9938897728919982">
              <Unicode>I</Unicode>
            </TextEquiv>
          </Glyph>
          <Glyph id="w51287g4">
            <Coords points="176,803 176,803 176,841 176,841"/>
            <TextEquiv index="1" conf="0.8943633556365967">
              <Unicode>G</Unicode>
            </TextEquiv>
          </Glyph>
          <Glyph id="w51287g5">
            <Coords points="188,803 192,803 192,841 188,841"/>
            <TextEquiv index="1" conf="0.985914647579193">
              <Unicode>I</Unicode>
            </TextEquiv>
          </Glyph>
          <Glyph id="w51287g6">
            <Coords points="213,803 217,803 217,841 213,841"/>
            <TextEquiv index="1" conf="0.9876285552978517">
              <Unicode>L</Unicode>
            </TextEquiv>
          </Glyph>
          <Glyph id="w51287g7">
            <Coords points="238,803 246,803 246,841 238,841"/>
            <TextEquiv index="1" conf="0.9983757138252258">
              <Unicode>D</Unicode>
            </TextEquiv>
          </Glyph>
          <Glyph id="w51287g8">
            <Coords points="267,803 276,803 276,841 267,841"/>
            <TextEquiv index="1" conf="0.9722577095031738">
              <Unicode>V</Unicode>
            </TextEquiv>
          </Glyph>
          <Glyph id="w51287g9">
            <Coords points="296,803 296,803 296,841 296,841"/>
            <TextEquiv index="1" conf="0.47955683122078574">
              <Unicode>S</Unicode>
            </TextEquiv>
          </Glyph>
          <TextEquiv index="1" conf="0.3798960422831444">
            <Unicode>LEVIGILDVS</Unicode>
          </TextEquiv>
        </Word>
        <Word id="w51288">
          <Coords points="346,803 546,803 546,841 346,841"/>
          <Glyph id="w51288g0">
            <Coords points="346,803 346,803 346,841 346,841"/>
            <TextEquiv index="1" conf="0.9972259521484375">
              <Unicode>E</Unicode>
            </TextEquiv>
          </Glyph>
          <Glyph id="w51288g1">
            <Coords points="363,803 371,803 371,841 363,841"/>
            <TextEquiv index="1" conf="0.9946835041046143">
              <Unicode>V</Unicode>
            </TextEquiv>
          </Glyph>
          <Glyph id="w51288g2">
            <Coords points="392,803 400,803 400,841 392,841"/>
            <TextEquiv index="1" conf="0.847575581073761">
              <Unicode>O</Unicode>
            </TextEquiv>
          </Glyph>
          <Glyph id="w51288g3">
            <Coords points="421,803 421,803 421,841 421,841"/>
            <TextEquiv index="1" conf="0.9913445830345153">
              <Unicode>C</Unicode>
            </TextEquiv>
          </Glyph>
          <Glyph id="w51288g4">
            <Coords points="438,803 450,803 450,841 438,841"/>
            <TextEquiv index="1" conf="0.9775961518287659">
              <Unicode>A</Unicode>
            </TextEquiv>
          </Glyph>
          <Glyph id="w51288g5">
            <Coords points="479,803 488,803 488,841 479,841"/>
            <TextEquiv index="1" conf="0.994217300415039">
              <Unicode>T</Unicode>
            </TextEquiv>
          </Glyph>
          <Glyph id="w51288g6">
            <Coords points="500,803 508,803 508,841 500,841"/>
            <TextEquiv index="1" conf="0.9721314191818238">
              <Unicode>V</Unicode>
            </TextEquiv>
          </Glyph>
          <Glyph id="w51288g7">
            <Coords points="529,803 546,803 546,841 529,841"/>
            <TextEquiv index="1" conf="0.8943989872932434">
              <Unicode>M</Unicode>
            </TextEquiv>
          </Glyph>
          <TextEquiv index="1" conf="0.7043339776891177">
            <Unicode>EVOCATVM</Unicode>
          </TextEquiv>
        </Word>
        <TextEquiv index="1" conf="0.9429790300496836">
          <Unicode>LEVIGILDVS EVOCATVM</Unicode>
        </TextEquiv>
      </TextLine>
      <TextLine id="r0_l028">
        <Coords points="1,874 188,874 190,876 191,876 192,877 193,877 194,878 200,878 201,877 202,877 203,876 204,876 204,870 205,869 464,869 464,870 464,877 465,878 465,879 466,879 472,879 472,873 473,872 521,872 522,871 523,871 523,870 524,869 524,865 524,864 523,864 521,862 519,862 518,862 518,853 518,852 516,852 515,852 515,850 515,849 514,849 513,848 414,848 413,848 413,842 413,841 195,841 194,840 191,840 190,841 190,842 93,842 91,844 87,844 86,845 71,845 70,846 70,864 67,864 65,866 65,868 67,869 188,869 188,870 188,873 1,873 1,874"/>
        <Word id="w51289">
          <Coords points="75,840 285,840 285,879 75,879"/>
          <Glyph id="w51289g0">
            <Coords points="75,840 86,840 86,879 75,879"/>
            <TextEquiv index="1" conf="0.9968484044075012">
              <Unicode>H</Unicode>
            </TextEquiv>
          </Glyph>
          <Glyph id="w51289g1">
            <Coords points="100,840 103,840 103,879 100,879"/>
            <TextEquiv index="1" conf="0.998093795776367">
              <Unicode>e</Unicode>
            </TextEquiv>
          </Glyph>
          <Glyph id="w51289g2">
            <Coords points="114,840 117,840 117,879 114,879"/>
            <TextEquiv index="1" conf="0.9993184924125671">
              <Unicode>r</Unicode>
            </TextEquiv>
          </Glyph>
          <Glyph id="w51289g3">
            <Coords points="135,840 138,840 138,879 135,879"/>
            <TextEquiv index="1" conf="0.9997209072113038">
              <Unicode>m</Unicode>
            </TextEquiv>
          </Glyph>
          <Glyph id="w51289g4">
            <Coords points="156,840 159,840 159,879 156,879"/>
            <TextEquiv index="1" conf="0.9999456644058227">
              <Unicode>e</Unicode>
            </TextEquiv>
          </Glyph>
          <Glyph id="w51289g5">
            <Coords points="166,840 170,840 170,879 166,879"/>
            <TextEquiv index="1" conf="0.9973775148391724">
              <Unicode>n</Unicode>
            </TextEquiv>
          </Glyph>
          <Glyph id="w51289g6">
            <Coords points="187,840 187,840 187,879 187,879"/>
            <TextEquiv index="1" conf="0.9990883588790893">
              <Unicode>i</Unicode>
            </TextEquiv>
          </Glyph>
          <Glyph id="w51289g7">
            <Coords points="201,840 201,840 201,879 201,879"/>
            <TextEquiv index="1" conf="0.9896175861358641">
              <Unicode>g</Unicode>
            </TextEquiv>
          </Glyph>
          <Glyph id="w51289g8">
            <Coords points="212,840 215,840 215,879 212,879"/>
            <TextEquiv index="1" conf="0.9997524857521057">
              <Unicode>i</Unicode>
            </TextEquiv>
          </Glyph>
          <Glyph id="w51289g9">
            <Coords points="222,840 226,840 226,879 222,879"/>
            <TextEquiv index="1" conf="0.995717179775238">
              <Unicode>l</Unicode>
            </TextEquiv>
          </Glyph>
          <Glyph id="w51289g10">
            <Coords points="240,840 243,840 243,879 240,879"/>
            <TextEquiv index="1" conf="0.9994333744049072">
              <Unicode>d</Unicode>
            </TextEquiv>
          </Glyph>
          <Glyph id="w51289g11">
            <Coords points="254,840 254,840 254,879 254,879"/>
            <TextEquiv index="1" conf="0.9998443603515624">
              <Unicode>u</Unicode>
            </TextEquiv>
          </Glyph>
          <Glyph id="w51289g12">
            <Coords points="278,840 285,840 285,879 278,879"/>
            <TextEquiv index="1" conf="0.9999696016311646">
              <Unicode>m</Unicode>
            </TextEquiv>
          </Glyph>
          <TextEquiv index="1" conf="0.9749716573766504">
            <Unicode>Hermenigildum</Unicode>
          </TextEquiv>
        </Word>
        <Word id="w51290">
          <Coords points="313,840 390,840 390,879 313,879"/>
          <Glyph id="w51290g0">
            <Coords points="313,840 316,840 316,879 313,879"/>
            <TextEquiv index="1" conf="0.9882664799690246">
              <Unicode>a</Unicode>
            </TextEquiv>
          </Glyph>
          <Glyph id="w51290g1">
            <Coords points="334,840 334,840 334,879 334,879"/>
            <TextEquiv index="1" conf="0.9999739408493042">
              <Unicode>c</Unicode>
            </TextEquiv>
          </Glyph>
          <Glyph id="w51290g2">
            <Coords points="344,840 348,840 348,879 344,879"/>
            <TextEquiv index="1" conf="0.9993590116500854">
              <Unicode>e</Unicode>
            </TextEquiv>
          </Glyph>
          <Glyph id="w51290g3">
            <Coords points="358,840 362,840 362,879 358,879"/>
            <TextEquiv index="1" conf="0.9995001435279846">
              <Unicode>r</Unicode>
            </TextEquiv>
          </Glyph>
          <Glyph id="w51290g4">
            <Coords points="372,840 376,840 376,879 372,879"/>
            <TextEquiv index="1" conf="0.9997980952262879">
              <Unicode>b</Unicode>
            </TextEquiv>
          </Glyph>
          <Glyph id="w51290g5">
            <Coords points="390,840 390,840 390,879 390,879"/>
            <TextEquiv index="1" conf="0.9998722791671754">
              <Unicode>e</Unicode>
            </TextEquiv>
          </Glyph>
          <TextEquiv index="1" conf="0.986788261434066">
            <Unicode>acerbe</Unicode>
          </TextEquiv>
        </Word>
        <Word id="w51291">
          <Coords points="404,840 519,840 519,879 404,879"/>
          <Glyph id="w51291g0">
            <Coords points="404,840 407,840 407,879 404,879"/>
            <TextEquiv index="1" conf="0.9949329376220702">
              <Unicode>i</Unicode>
            </TextEquiv>
          </Glyph>
          <Glyph id="w51291g1">
            <Coords points="414,840 414,840 414,879 414,879"/>
            <TextEquiv index="1" conf="0.9852170109748841">
              <Unicode>n</Unicode>
            </TextEquiv>
          </Glyph>
          <Glyph id="w51291g2">
            <Coords points="435,840 435,840 435,879 435,879"/>
            <TextEquiv index="1" conf="0.9998103380203247">
              <Unicode>c</Unicode>
            </TextEquiv>
          </Glyph>
          <Glyph id="w51291g3">
            <Coords points="446,840 449,840 449,879 446,879"/>
            <TextEquiv index="1" conf="0.9923474431037902">
              <Unicode>r</Unicode>
            </TextEquiv>
          </Glyph>
          <Glyph id="w51291g4">
            <Coords points="460,840 463,840 463,879 460,879"/>
            <TextEquiv index="1" conf="0.8526882827281952">
              <Unicode>e</Unicode>
            </TextEquiv>
          </Glyph>
          <Glyph id="w51291g5">
            <Coords points="470,840 474,840 474,879 470,879"/>
            <TextEquiv index="1" conf="0.9988874554634095">
              <Unicode>p</Unicode>
            </TextEquiv>
          </Glyph>
          <Glyph id="w51291g6">
            <Coords points="488,840 491,840 491,879 488,879"/>
            <TextEquiv index="1" conf="0.9995744347572327">
              <Unicode>a</Unicode>
            </TextEquiv>
          </Glyph>
          <Glyph id="w51291g7">
            <Coords points="509,840 512,840 512,879 509,879"/>
            <TextEquiv index="1" conf="0.9994542717933654">
              <Unicode>t</Unicode>
            </TextEquiv>
          </Glyph>
          <Glyph id="w51291g8">
            <Coords points="516,840 519,840 519,879 516,879"/>
            <TextEquiv index="1" conf="0.8959194779396057">
              <Unicode>,</Unicode>
            </TextEquiv>
          </Glyph>
          <TextEquiv index="1" conf="0.7414143540291038">
            <Unicode>increpat,</Unicode>
          </TextEquiv>
        </Word>
        <TextEquiv index="1" conf="0.9889172238111497">
          <Unicode>Hermenigildum acerbe increpat,</Unicode>
        </TextEquiv>
      </TextLine>
      <TextLine id="r0_l029">
        <Coords points="139,918 445,918 445,881 139,881 139,918"/>
        <Word id="w51292">
          <Coords points="163,881 170,881 170,918 163,918"/>
          <Glyph id="w51292g0">
            <Coords points="163,881 170,881 170,918 163,918"/>
            <TextEquiv index="1" conf="0.8884486556053162">
              <Unicode>&amp;</Unicode>
            </TextEquiv>
          </Glyph>
          <TextEquiv index="1" conf="0.8884486556053162">
            <Unicode>&amp;</Unicode>
          </TextEquiv>
        </Word>
        <Word id="w51293">
          <Coords points="188,881 203,881 203,918 188,918"/>
          <Glyph id="w51293g0">
            <Coords points="188,881 192,881 192,918 188,918"/>
            <TextEquiv index="1" conf="0.9960928320884704">
              <Unicode>i</Unicode>
            </TextEquiv>
          </Glyph>
          <Glyph id="w51293g1">
            <Coords points="199,881 203,881 203,918 199,918"/>
            <TextEquiv index="1" conf="0.9962063312530518">
              <Unicode>n</Unicode>
            </TextEquiv>
          </Glyph>
          <TextEquiv index="1" conf="0.9923139858423173">
            <Unicode>in</Unicode>
          </TextEquiv>
        </Word>
        <Word id="w51294">
          <Coords points="229,881 320,881 320,918 229,918"/>
          <Glyph id="w51294g0">
            <Coords points="229,881 236,881 236,918 229,918"/>
            <TextEquiv index="1" conf="0.9989159941673278">
              <Unicode>v</Unicode>
            </TextEquiv>
          </Glyph>
          <Glyph id="w51294g1">
            <Coords points="247,881 247,881 247,918 247,918"/>
            <TextEquiv index="1" conf="0.9997724056243896">
              <Unicode>i</Unicode>
            </TextEquiv>
          </Glyph>
          <Glyph id="w51294g2">
            <Coords points="254,881 258,881 258,918 254,918"/>
            <TextEquiv index="1" conf="0.9988217234611511">
              <Unicode>n</Unicode>
            </TextEquiv>
          </Glyph>
          <Glyph id="w51294g3">
            <Coords points="276,881 280,881 280,918 276,918"/>
            <TextEquiv index="1" conf="0.9971407532691955">
              <Unicode>c</Unicode>
            </TextEquiv>
          </Glyph>
          <Glyph id="w51294g4">
            <Coords points="287,881 291,881 291,918 287,918"/>
            <TextEquiv index="1" conf="0.9994618058204651">
              <Unicode>u</Unicode>
            </TextEquiv>
          </Glyph>
          <Glyph id="w51294g5">
            <Coords points="305,881 309,881 309,918 305,918"/>
            <TextEquiv index="1" conf="0.9997324943542479">
              <Unicode>l</Unicode>
            </TextEquiv>
          </Glyph>
          <Glyph id="w51294g6">
            <Coords points="316,881 320,881 320,918 316,918"/>
            <TextEquiv index="1" conf="0.9990741968154908">
              <Unicode>a</Unicode>
            </TextEquiv>
          </Glyph>
          <TextEquiv index="1" conf="0.9929384110190379">
            <Unicode>vincula</Unicode>
          </TextEquiv>
        </Word>
        <Word id="w51295">
          <Coords points="342,881 441,881 441,918 342,918"/>
          <Glyph id="w51295g0">
            <Coords points="342,881 345,881 345,918 342,918"/>
            <TextEquiv index="1" conf="0.999789333343506">
              <Unicode>c</Unicode>
            </TextEquiv>
          </Glyph>
          <Glyph id="w51295g1">
            <Coords points="356,881 356,881 356,918 356,918"/>
            <TextEquiv index="1" conf="0.9993429183959961">
              <Unicode>o</Unicode>
            </TextEquiv>
          </Glyph>
          <Glyph id="w51295g2">
            <Coords points="367,881 371,881 371,918 367,918"/>
            <TextEquiv index="1" conf="0.9206491231918335">
              <Unicode>n</Unicode>
            </TextEquiv>
          </Glyph>
          <Glyph id="w51295g3">
            <Coords points="386,881 389,881 389,918 386,918"/>
            <TextEquiv index="1" conf="0.9939180731773376">
              <Unicode>i</Unicode>
            </TextEquiv>
          </Glyph>
          <Glyph id="w51295g4">
            <Coords points="397,881 397,881 397,918 397,918"/>
            <TextEquiv index="1" conf="0.9995758891105653">
              <Unicode>i</Unicode>
            </TextEquiv>
          </Glyph>
          <Glyph id="w51295g5">
            <Coords points="408,881 411,881 411,918 408,918"/>
            <TextEquiv index="1" conf="0.9999093651771546">
              <Unicode>c</Unicode>
            </TextEquiv>
          </Glyph>
          <Glyph id="w51295g6">
            <Coords points="419,881 422,881 422,918 419,918"/>
            <TextEquiv index="1" conf="0.9994176268577577">
              <Unicode>i</Unicode>
            </TextEquiv>
          </Glyph>
          <Glyph id="w51295g7">
            <Coords points="430,881 433,881 433,918 430,918"/>
            <TextEquiv index="1" conf="0.9982213139533996">
              <Unicode>t</Unicode>
            </TextEquiv>
          </Glyph>
          <Glyph id="w51295g8">
            <Coords points="437,881 441,881 441,918 437,918"/>
            <TextEquiv index="1" conf="0.990257203578949">
              <Unicode>.</Unicode>
            </TextEquiv>
          </Glyph>
          <TextEquiv index="1" conf="0.9027469540546476">
            <Unicode>coniicit.</Unicode>
          </TextEquiv>
        </Word>
        <TextEquiv index="1" conf="0.9895363650538704">
          <Unicode>&amp; in vincula coniicit.</Unicode>
        </TextEquiv>
      </TextLine>
      <TextLine id="r0_l030">
        <Coords points="1,999 58,999 58,998 59,997 68,997 69,996 148,996 148,993 149,992 491,992 491,993 491,996 492,996 549,996 550,997 553,997 553,976 554,975 555,975 556,974 556,971 555,969 282,969 281,968 188,968 186,966 156,966 155,967 52,967 51,968 44,968 43,969 40,969 39,970 14,970 13,971 11,971 10,972 9,972 5,976 5,978 4,979 4,997 1,997 1,998 1,999"/>
        <Word id="w51296">
          <Coords points="14,966 228,966 228,999 14,999"/>
          <Glyph id="w51296g0">
            <Coords points="14,966 21,966 21,999 14,999"/>
            <TextEquiv index="1" conf="0.9163917303085328">
              <Unicode>0</Unicode>
            </TextEquiv>
          </Glyph>
          <Glyph id="w51296g1">
            <Coords points="134,966 138,966 138,999 134,999"/>
            <TextEquiv index="1" conf="0.9988361477851868">
              <Unicode>E</Unicode>
            </TextEquiv>
          </Glyph>
          <Glyph id="w51296g2">
            <Coords points="148,966 148,966 148,999 148,999"/>
            <TextEquiv index="1" conf="0.892254650592804">
              <Unicode>f</Unicode>
            </TextEquiv>
          </Glyph>
          <Glyph id="w51296g3">
            <Coords points="154,966 158,966 158,999 154,999"/>
            <TextEquiv index="1" conf="0.9959181666374206">
              <Unicode>a</Unicode>
            </TextEquiv>
          </Glyph>
          <Glyph id="w51296g4">
            <Coords points="171,966 174,966 174,999 171,999"/>
            <TextEquiv index="1" conf="0.9998937129974366">
              <Unicode>r</Unicode>
            </TextEquiv>
          </Glyph>
          <Glyph id="w51296g5">
            <Coords points="181,966 181,966 181,999 181,999"/>
            <TextEquiv index="1" conf="0.9735893964767457">
              <Unicode>i</Unicode>
            </TextEquiv>
          </Glyph>
          <Glyph id="w51296g6">
            <Coords points="191,966 191,966 191,999 191,999"/>
            <TextEquiv index="1" conf="0.999969482421875">
              <Unicode>u</Unicode>
            </TextEquiv>
          </Glyph>
          <Glyph id="w51296g7">
            <Coords points="211,966 214,966 214,999 211,999"/>
            <TextEquiv index="1" conf="0.999575173854828">
              <Unicode>m</Unicode>
            </TextEquiv>
          </Glyph>
          <Glyph id="w51296g8">
            <Coords points="228,966 228,966 228,999 228,999"/>
            <TextEquiv index="1" conf="0.9994343638420103">
              <Unicode>,</Unicode>
            </TextEquiv>
          </Glyph>
          <TextEquiv index="1" conf="0.7909955591300244">
            <Unicode>0Efarium,</Unicode>
          </TextEquiv>
        </Word>
        <Word id="w51297">
          <Coords points="241,966 311,966 311,999 241,999"/>
          <Glyph id="w51297g0">
            <Coords points="241,966 244,966 244,999 241,999"/>
            <TextEquiv index="1" conf="0.999183750152588">
              <Unicode>a</Unicode>
            </TextEquiv>
          </Glyph>
          <Glyph id="w51297g1">
            <Coords points="254,966 258,966 258,999 254,999"/>
            <TextEquiv index="1" conf="0.9970439553260804">
              <Unicode>u</Unicode>
            </TextEquiv>
          </Glyph>
          <Glyph id="w51297g2">
            <Coords points="274,966 278,966 278,999 274,999"/>
            <TextEquiv index="1" conf="0.9991501092910767">
              <Unicode>d</Unicode>
            </TextEquiv>
          </Glyph>
          <Glyph id="w51297g3">
            <Coords points="281,966 284,966 284,999 281,999"/>
            <TextEquiv index="1" conf="0.9982245206832885">
              <Unicode>a</Unicode>
            </TextEquiv>
          </Glyph>
          <Glyph id="w51297g4">
            <Coords points="301,966 301,966 301,999 301,999"/>
            <TextEquiv index="1" conf="0.996185839176178">
              <Unicode>x</Unicode>
            </TextEquiv>
          </Glyph>
          <Glyph id="w51297g5">
            <Coords points="311,966 311,966 311,999 311,999"/>
            <TextEquiv index="1" conf="0.9941496968269348">
              <Unicode>,</Unicode>
            </TextEquiv>
          </Glyph>
          <TextEquiv index="1" conf="0.9840355529829403">
            <Unicode>audax,</Unicode>
          </TextEquiv>
        </Word>
        <Word id="w51298">
          <Coords points="331,966 457,966 457,999 331,999"/>
          <Glyph id="w51298g0">
            <Coords points="331,966 334,966 334,999 331,999"/>
            <TextEquiv index="1" conf="0.9988684535026551">
              <Unicode>e</Unicode>
            </TextEquiv>
          </Glyph>
          <Glyph id="w51298g1">
            <Coords points="344,966 347,966 347,999 344,999"/>
            <TextEquiv index="1" conf="0.9717146396636962">
              <Unicode>x</Unicode>
            </TextEquiv>
          </Glyph>
          <Glyph id="w51298g2">
            <Coords points="357,966 361,966 361,999 357,999"/>
            <TextEquiv index="1" conf="0.9997432112693787">
              <Unicode>e</Unicode>
            </TextEquiv>
          </Glyph>
          <Glyph id="w51298g3">
            <Coords points="371,966 374,966 374,999 371,999"/>
            <TextEquiv index="1" conf="0.9964831471443176">
              <Unicode>c</Unicode>
            </TextEquiv>
          </Glyph>
          <Glyph id="w51298g4">
            <Coords points="381,966 384,966 384,999 381,999"/>
            <TextEquiv index="1" conf="0.999993371963501">
              <Unicode>r</Unicode>
            </TextEquiv>
          </Glyph>
          <Glyph id="w51298g5">
            <Coords points="391,966 394,966 394,999 391,999"/>
            <TextEquiv index="1" conf="0.9997113585472106">
              <Unicode>a</Unicode>
            </TextEquiv>
          </Glyph>
          <Glyph id="w51298g6">
            <Coords points="404,966 407,966 407,999 404,999"/>
            <TextEquiv index="1" conf="0.9999849319458007">
              <Unicode>n</Unicode>
            </TextEquiv>
          </Glyph>
          <Glyph id="w51298g7">
            <Coords points="424,966 427,966 427,999 424,999"/>
            <TextEquiv index="1" conf="0.9985467791557312">
              <Unicode>d</Unicode>
            </TextEquiv>
          </Glyph>
          <Glyph id="w51298g8">
            <Coords points="434,966 437,966 437,999 434,999"/>
            <TextEquiv index="1" conf="0.9992350101470948">
              <Unicode>u</Unicode>
            </TextEquiv>
          </Glyph>
          <Glyph id="w51298g9">
            <Coords points="457,966 457,966 457,999 457,999"/>
            <TextEquiv index="1" conf="0.999977421760559">
              <Unicode>m</Unicode>
            </TextEquiv>
          </Glyph>
          <TextEquiv index="1" conf="0.9644882040186132">
            <Unicode>execrandum</Unicode>
          </TextEquiv>
        </Word>
        <Word id="w51299">
          <Coords points="481,966 547,966 547,999 481,999"/>
          <Glyph id="w51299g0">
            <Coords points="481,966 481,966 481,999 481,999"/>
            <TextEquiv index="1" conf="0.9536394476890565">
              <Unicode>c</Unicode>
            </TextEquiv>
          </Glyph>
          <Glyph id="w51299g1">
            <Coords points="491,966 491,966 491,999 491,999"/>
            <TextEquiv index="1" conf="0.9992703795433046">
              <Unicode>a</Unicode>
            </TextEquiv>
          </Glyph>
          <Glyph id="w51299g2">
            <Coords points="504,966 507,966 507,999 504,999"/>
            <TextEquiv index="1" conf="0.9989892244338989">
              <Unicode>p</Unicode>
            </TextEquiv>
          </Glyph>
          <Glyph id="w51299g3">
            <Coords points="517,966 521,966 521,999 517,999"/>
            <TextEquiv index="1" conf="0.9994994401931763">
              <Unicode>u</Unicode>
            </TextEquiv>
          </Glyph>
          <Glyph id="w51299g4">
            <Coords points="537,966 537,966 537,999 537,999"/>
            <TextEquiv index="1" conf="0.6350560128688812">
              <Unicode>t</Unicode>
            </TextEquiv>
          </Glyph>
          <Glyph id="w51299g5">
            <Coords points="544,966 547,966 547,999 544,999"/>
            <TextEquiv index="1" conf="0.8942794561386109">
              <Unicode>,</Unicode>
            </TextEquiv>
          </Glyph>
          <TextEquiv index="1" conf="0.5403757696706805">
            <Unicode>caput,</Unicode>
          </TextEquiv>
        </Word>
        <TextEquiv index="1" conf="0.9765399801380492">
          <Unicode>0Efarium, audax, execrandum caput,</Unicode>
        </TextEquiv>
      </TextLine>
      <TextLine id="r0_l031">
        <Coords points="317,1023 317,1016 318,1015 322,1015 322,1016 322,1020 323,1020 325,1020 326,1021 328,1021 329,1020 329,1017 330,1016 343,1016 409,1016 409,1017 409,1021 410,1021 417,1021 417,1017 418,1016 433,1016 434,1015 464,1015 464,1016 464,1022 465,1022 467,1022 467,1016 468,1015 500,1015 501,1014 553,1014 554,1013 554,1011 555,1010 554,1009 554,1002 553,1001 553,998 553,997 550,997 549,998 549,1001 523,1001 522,1002 494,1002 493,1002 493,997 493,996 491,996 490,997 490,1002 411,1002 410,1003 379,1003 378,1003 378,998 377,996 375,996 374,997 374,1001 324,1001 323,1002 274,1002 273,1002 273,997 272,995 271,995 269,997 269,1002 230,1002 228,1000 227,1000 225,1002 180,1002 179,1001 178,1001 177,1002 149,1002 148,1002 148,997 148,996 141,996 139,994 137,994 136,995 136,996 83,996 82,995 72,995 71,996 69,996 68,997 69,998 69,999 71,1000 72,1001 73,1001 78,1007 78,1008 86,1016 86,1017 87,1017 88,1017 88,1018 88,1019 90,1020 93,1020 94,1021 114,1021 114,1015 115,1014 143,1014 144,1015 178,1015 178,1016 178,1022 180,1023 184,1023 185,1022 185,1016 186,1015 281,1015 282,1016 284,1016 285,1015 316,1015 316,1016 316,1023 317,1023"/>
        <Word id="w51300">
          <Coords points="132,994 156,994 156,1023 132,1023"/>
          <Glyph id="w51300g0">
            <Coords points="132,994 135,994 135,1023 132,1023"/>
            <TextEquiv index="1" conf="0.9976146340370178">
              <Unicode>d</Unicode>
            </TextEquiv>
          </Glyph>
          <Glyph id="w51300g1">
            <Coords points="141,994 144,994 144,1023 141,1023"/>
            <TextEquiv index="1" conf="0.9997072815895081">
              <Unicode>i</Unicode>
            </TextEquiv>
          </Glyph>
          <Glyph id="w51300g2">
            <Coords points="153,994 156,994 156,1023 153,1023"/>
            <TextEquiv index="1" conf="0.993896996974945">
              <Unicode>c</Unicode>
            </TextEquiv>
          </Glyph>
          <TextEquiv index="1" conf="0.9912359509376726">
            <Unicode>dic</Unicode>
          </TextEquiv>
        </Word>
        <Word id="w51301">
          <Coords points="174,994 210,994 210,1023 174,1023"/>
          <Glyph id="w51301g0">
            <Coords points="174,994 177,994 177,1023 174,1023"/>
            <TextEquiv index="1" conf="0.9999763250350953">
              <Unicode>q</Unicode>
            </TextEquiv>
          </Glyph>
          <Glyph id="w51301g1">
            <Coords points="186,994 189,994 189,1023 186,1023"/>
            <TextEquiv index="1" conf="0.9994845151901245">
              <Unicode>u</Unicode>
            </TextEquiv>
          </Glyph>
          <Glyph id="w51301g2">
            <Coords points="204,994 210,994 210,1023 204,1023"/>
            <TextEquiv index="1" conf="0.9992216944694519">
              <Unicode>o</Unicode>
            </TextEquiv>
          </Glyph>
          <TextEquiv index="1" conf="0.9986829665202924">
            <Unicode>quo</Unicode>
          </TextEquiv>
        </Word>
        <Word id="w51302">
          <Coords points="225,994 294,994 294,1023 225,1023"/>
          <Glyph id="w51302g0">
            <Coords points="225,994 225,994 225,1023 225,1023"/>
            <TextEquiv index="1" conf="0.9991413354873657">
              <Unicode>t</Unicode>
            </TextEquiv>
          </Glyph>
          <Glyph id="w51302g1">
            <Coords points="231,994 234,994 234,1023 231,1023"/>
            <TextEquiv index="1" conf="0.999976420402527">
              <Unicode>a</Unicode>
            </TextEquiv>
          </Glyph>
          <Glyph id="w51302g2">
            <Coords points="246,994 246,994 246,1023 246,1023"/>
            <TextEquiv index="1" conf="0.9999391555786133">
              <Unicode>n</Unicode>
            </TextEquiv>
          </Glyph>
          <Glyph id="w51302g3">
            <Coords points="264,994 267,994 267,1023 264,1023"/>
            <TextEquiv index="1" conf="0.9999718189239503">
              <Unicode>d</Unicode>
            </TextEquiv>
          </Glyph>
          <Glyph id="w51302g4">
            <Coords points="276,994 279,994 279,1023 276,1023"/>
            <TextEquiv index="1" conf="0.9999960660934447">
              <Unicode>e</Unicode>
            </TextEquiv>
          </Glyph>
          <Glyph id="w51302g5">
            <Coords points="294,994 294,994 294,1023 294,1023"/>
            <TextEquiv index="1" conf="0.9990159392356872">
              <Unicode>m</Unicode>
            </TextEquiv>
          </Glyph>
          <TextEquiv index="1" conf="0.9980417995994643">
            <Unicode>tandem</Unicode>
          </TextEquiv>
        </Word>
        <Word id="w51303">
          <Coords points="321,994 387,994 387,1023 321,1023"/>
          <Glyph id="w51303g0">
            <Coords points="321,994 324,994 324,1023 321,1023"/>
            <TextEquiv index="1" conf="0.9881607890129089">
              <Unicode>p</Unicode>
            </TextEquiv>
          </Glyph>
          <Glyph id="w51303g1">
            <Coords points="339,994 339,994 339,1023 339,1023"/>
            <TextEquiv index="1" conf="0.9849053978919983">
              <Unicode>r</Unicode>
            </TextEquiv>
          </Glyph>
          <Glyph id="w51303g2">
            <Coords points="351,994 351,994 351,1023 351,1023"/>
            <TextEquiv index="1" conf="0.9999950408935547">
              <Unicode>e</Unicode>
            </TextEquiv>
          </Glyph>
          <Glyph id="w51303g3">
            <Coords points="360,994 363,994 363,1023 360,1023"/>
            <TextEquiv index="1" conf="0.9998629808425903">
              <Unicode>t</Unicode>
            </TextEquiv>
          </Glyph>
          <Glyph id="w51303g4">
            <Coords points="372,994 372,994 372,1023 372,1023"/>
            <TextEquiv index="1" conf="0.9998328208923339">
              <Unicode>i</Unicode>
            </TextEquiv>
          </Glyph>
          <Glyph id="w51303g5">
            <Coords points="384,994 387,994 387,1023 384,1023"/>
            <TextEquiv index="1" conf="0.9975599884986878">
              <Unicode>o</Unicode>
            </TextEquiv>
          </Glyph>
          <TextEquiv index="1" conf="0.970570038381684">
            <Unicode>pretio</Unicode>
          </TextEquiv>
        </Word>
        <Word id="w51304">
          <Coords points="411,994 501,994 501,1023 411,1023"/>
          <Glyph id="w51304g0">
            <Coords points="411,994 411,994 411,1023 411,1023"/>
            <TextEquiv index="1" conf="0.899966025352478">
              <Unicode>p</Unicode>
            </TextEquiv>
          </Glyph>
          <Glyph id="w51304g1">
            <Coords points="423,994 426,994 426,1023 423,1023"/>
            <TextEquiv index="1" conf="0.9999531507492065">
              <Unicode>a</Unicode>
            </TextEquiv>
          </Glyph>
          <Glyph id="w51304g2">
            <Coords points="438,994 441,994 441,1023 438,1023"/>
            <TextEquiv index="1" conf="0.9962530255317688">
              <Unicode>r</Unicode>
            </TextEquiv>
          </Glyph>
          <Glyph id="w51304g3">
            <Coords points="450,994 453,994 453,1023 450,1023"/>
            <TextEquiv index="1" conf="0.9997480750083922">
              <Unicode>e</Unicode>
            </TextEquiv>
          </Glyph>
          <Glyph id="w51304g4">
            <Coords points="459,994 462,994 462,1023 459,1023"/>
            <TextEquiv index="1" conf="0.9978275656700135">
              <Unicode>n</Unicode>
            </TextEquiv>
          </Glyph>
          <Glyph id="w51304g5">
            <Coords points="477,994 480,994 480,1023 477,1023"/>
            <TextEquiv index="1" conf="0.5420134434010834">
              <Unicode>r</Unicode>
            </TextEquiv>
          </Glyph>
          <Glyph id="w51304g6">
            <Coords points="486,994 489,994 489,1023 486,1023"/>
            <TextEquiv index="1" conf="0.9985100150108337">
              <Unicode>i</Unicode>
            </TextEquiv>
          </Glyph>
          <Glyph id="w51304g7">
            <Coords points="498,994 501,994 501,1023 498,1023"/>
            <TextEquiv index="1" conf="0.9994219660758972">
              <Unicode>s</Unicode>
            </TextEquiv>
          </Glyph>
          <TextEquiv index="1" conf="0.48376324546560373">
            <Unicode>parenris</Unicode>
          </TextEquiv>
        </Word>
        <Word id="w51305">
          <Coords points="519,994 549,994 549,1023 519,1023"/>
          <Glyph id="w51305g0">
            <Coords points="519,994 522,994 522,1023 519,1023"/>
            <TextEquiv index="1" conf="0.7878288477659225">
              <Unicode>t</Unicode>
            </TextEquiv>
          </Glyph>
          <Glyph id="w51305g1">
            <Coords points="531,994 531,994 531,1023 531,1023"/>
            <TextEquiv index="1" conf="0.9983098983764649">
              <Unicode>u</Unicode>
            </TextEquiv>
          </Glyph>
          <Glyph id="w51305g2">
            <Coords points="546,994 549,994 549,1023 546,1023"/>
            <TextEquiv index="1" conf="0.6286046057939529">
              <Unicode>i</Unicode>
            </TextEquiv>
          </Glyph>
          <TextEquiv index="1" conf="0.4943958484522315">
            <Unicode>tui</Unicode>
          </TextEquiv>
        </Word>
        <TextEquiv index="1" conf="0.9638303020681417">
          <Unicode>dic quo tandem pretio parenris tui</Unicode>
        </TextEquiv>
      </TextLine>
      <TextLine id="r0_l032">
        <Coords points="323,1050 323,1044 324,1043 524,1043 526,1045 538,1045 538,1046 538,1047 539,1047 540,1047 540,1040 541,1039 549,1039 550,1038 551,1038 552,1037 552,1036 553,1035 553,1034 554,1033 554,1032 553,1031 553,1030 552,1028 549,1028 548,1027 535,1027 534,1026 521,1026 520,1026 520,1023 520,1022 516,1022 515,1021 508,1021 507,1022 141,1022 140,1021 94,1021 93,1020 91,1020 90,1021 93,1023 94,1023 99,1028 99,1029 99,1030 102,1033 102,1036 73,1036 72,1037 72,1039 73,1039 102,1039 102,1040 102,1047 103,1047 146,1047 146,1048 146,1049 147,1049 273,1049 274,1050 323,1050"/>
        <Word id="w51306">
          <Coords points="131,1020 242,1020 242,1050 131,1050"/>
          <Glyph id="w51306g0">
            <Coords points="131,1020 131,1020 131,1050 131,1050"/>
            <TextEquiv index="1" conf="0.9494212508201599">
              <Unicode>ſ</Unicode>
            </TextEquiv>
          </Glyph>
          <Glyph id="w51306g1">
            <Coords points="137,1020 137,1020 137,1050 137,1050"/>
            <TextEquiv index="1" conf="0.9933782339096069">
              <Unicode>a</Unicode>
            </TextEquiv>
          </Glyph>
          <Glyph id="w51306g2">
            <Coords points="149,1020 152,1020 152,1050 149,1050"/>
            <TextEquiv index="1" conf="0.9999442458152772">
              <Unicode>n</Unicode>
            </TextEquiv>
          </Glyph>
          <Glyph id="w51306g3">
            <Coords points="170,1020 173,1020 173,1050 170,1050"/>
            <TextEquiv index="1" conf="0.8527646422386169">
              <Unicode>g</Unicode>
            </TextEquiv>
          </Glyph>
          <Glyph id="w51306g4">
            <Coords points="179,1020 182,1020 182,1050 179,1050"/>
            <TextEquiv index="1" conf="0.9996249079704285">
              <Unicode>u</Unicode>
            </TextEquiv>
          </Glyph>
          <Glyph id="w51306g5">
            <Coords points="197,1020 197,1020 197,1050 197,1050"/>
            <TextEquiv index="1" conf="0.9873736023902894">
              <Unicode>i</Unicode>
            </TextEquiv>
          </Glyph>
          <Glyph id="w51306g6">
            <Coords points="206,1020 206,1020 206,1050 206,1050"/>
            <TextEquiv index="1" conf="0.9968543410301207">
              <Unicode>n</Unicode>
            </TextEquiv>
          </Glyph>
          <Glyph id="w51306g7">
            <Coords points="224,1020 224,1020 224,1050 224,1050"/>
            <TextEquiv index="1" conf="0.9999898195266723">
              <Unicode>e</Unicode>
            </TextEquiv>
          </Glyph>
          <Glyph id="w51306g8">
            <Coords points="239,1020 242,1020 242,1050 239,1050"/>
            <TextEquiv index="1" conf="0.9999944686889648">
              <Unicode>m</Unicode>
            </TextEquiv>
          </Glyph>
          <TextEquiv index="1" conf="0.791265118116136">
            <Unicode>ſanguinem</Unicode>
          </TextEquiv>
        </Word>
        <Word id="w51307">
          <Coords points="263,1020 356,1020 356,1050 263,1050"/>
          <Glyph id="w51307g0">
            <Coords points="263,1020 266,1020 266,1050 263,1050"/>
            <TextEquiv index="1" conf="0.9990745425224303">
              <Unicode>h</Unicode>
            </TextEquiv>
          </Glyph>
          <Glyph id="w51307g1">
            <Coords points="284,1020 287,1020 287,1050 284,1050"/>
            <TextEquiv index="1" conf="0.9999700784683229">
              <Unicode>o</Unicode>
            </TextEquiv>
          </Glyph>
          <Glyph id="w51307g2">
            <Coords points="296,1020 296,1020 296,1050 296,1050"/>
            <TextEquiv index="1" conf="0.9991088509559631">
              <Unicode>ſ</Unicode>
            </TextEquiv>
          </Glyph>
          <Glyph id="w51307g3">
            <Coords points="302,1020 305,1020 305,1050 302,1050"/>
            <TextEquiv index="1" conf="0.9987772583961486">
              <Unicode>t</Unicode>
            </TextEquiv>
          </Glyph>
          <Glyph id="w51307g4">
            <Coords points="311,1020 314,1020 314,1050 311,1050"/>
            <TextEquiv index="1" conf="0.9998793005943298">
              <Unicode>i</Unicode>
            </TextEquiv>
          </Glyph>
          <Glyph id="w51307g5">
            <Coords points="320,1020 323,1020 323,1050 320,1050"/>
            <TextEquiv index="1" conf="0.9991554260253905">
              <Unicode>b</Unicode>
            </TextEquiv>
          </Glyph>
          <Glyph id="w51307g6">
            <Coords points="338,1020 338,1020 338,1050 338,1050"/>
            <TextEquiv index="1" conf="0.9999853134155274">
              <Unicode>u</Unicode>
            </TextEquiv>
          </Glyph>
          <Glyph id="w51307g7">
            <Coords points="353,1020 356,1020 356,1050 353,1050"/>
            <TextEquiv index="1" conf="0.9999743938446044">
              <Unicode>s</Unicode>
            </TextEquiv>
          </Glyph>
          <TextEquiv index="1" conf="0.9959315239981101">
            <Unicode>hoſtibus</Unicode>
          </TextEquiv>
        </Word>
        <Word id="w51308">
          <Coords points="368,1020 410,1020 410,1050 368,1050"/>
          <Glyph id="w51308g0">
            <Coords points="368,1020 371,1020 371,1050 368,1050"/>
            <TextEquiv index="1" conf="0.9999297380447387">
              <Unicode>a</Unicode>
            </TextEquiv>
          </Glyph>
          <Glyph id="w51308g1">
            <Coords points="386,1020 389,1020 389,1050 386,1050"/>
            <TextEquiv index="1" conf="0.9998301267623901">
              <Unicode>d</Unicode>
            </TextEquiv>
          </Glyph>
          <Glyph id="w51308g2">
            <Coords points="410,1020 410,1020 410,1050 410,1050"/>
            <TextEquiv index="1" conf="0.9987570643424988">
              <Unicode>i</Unicode>
            </TextEquiv>
          </Glyph>
          <TextEquiv index="1" conf="0.9985172395430121">
            <Unicode>adi</Unicode>
          </TextEquiv>
        </Word>
        <Word id="w51309">
          <Coords points="422,1020 482,1020 482,1050 422,1050"/>
          <Glyph id="w51309g0">
            <Coords points="422,1020 425,1020 425,1050 422,1050"/>
            <TextEquiv index="1" conf="0.9716414928436279">
              <Unicode>x</Unicode>
            </TextEquiv>
          </Glyph>
          <Glyph id="w51309g1">
            <Coords points="434,1020 434,1020 434,1050 434,1050"/>
            <TextEquiv index="1" conf="0.9988778591156007">
              <Unicode>i</Unicode>
            </TextEquiv>
          </Glyph>
          <Glyph id="w51309g2">
            <Coords points="443,1020 446,1020 446,1050 443,1050"/>
            <TextEquiv index="1" conf="0.9994735836982727">
              <Unicode>ſ</Unicode>
            </TextEquiv>
          </Glyph>
          <Glyph id="w51309g3">
            <Coords points="452,1020 452,1020 452,1050 452,1050"/>
            <TextEquiv index="1" conf="0.9991711020469666">
              <Unicode>t</Unicode>
            </TextEquiv>
          </Glyph>
          <Glyph id="w51309g4">
            <Coords points="461,1020 461,1020 461,1050 461,1050"/>
            <TextEquiv index="1" conf="0.999221920967102">
              <Unicode>i</Unicode>
            </TextEquiv>
          </Glyph>
          <Glyph id="w51309g5">
            <Coords points="482,1020 482,1020 482,1050 482,1050"/>
            <TextEquiv index="1" conf="0.7604439377784729">
              <Unicode>?</Unicode>
            </TextEquiv>
          </Glyph>
          <TextEquiv index="1" conf="0.7364763064250691">
            <Unicode>xiſti?</Unicode>
          </TextEquiv>
        </Word>
        <Word id="w51310">
          <Coords points="512,1020 548,1020 548,1050 512,1050"/>
          <Glyph id="w51310g0">
            <Coords points="512,1020 515,1020 515,1050 512,1050"/>
            <TextEquiv index="1" conf="0.9994173765182496">
              <Unicode>E</Unicode>
            </TextEquiv>
          </Glyph>
          <Glyph id="w51310g1">
            <Coords points="527,1020 530,1020 530,1050 527,1050"/>
            <TextEquiv index="1" conf="0.9595461964607239">
              <Unicode>g</Unicode>
            </TextEquiv>
          </Glyph>
          <Glyph id="w51310g2">
            <Coords points="545,1020 548,1020 548,1050 545,1050"/>
            <TextEquiv index="1" conf="0.68697090446949">
              <Unicode>o</Unicode>
            </TextEquiv>
          </Glyph>
          <TextEquiv index="1" conf="0.6587962645306383">
            <Unicode>Ego</Unicode>
          </TextEquiv>
        </Word>
        <TextEquiv index="1" conf="0.9707394146859044">
          <Unicode>ſanguinem hoſtibus adi xiſti? Ego</Unicode>
        </TextEquiv>
      </TextLine>
      <TextLine id="r0_l033">
        <Coords points="1,1074 251,1074 252,1075 270,1075 270,1076 270,1077 271,1077 273,1077 273,1075 274,1074 508,1074 508,1066 509,1065 525,1065 526,1064 553,1064 554,1063 554,1062 555,1061 555,1054 555,1053 554,1053 553,1052 541,1052 540,1052 540,1048 540,1047 519,1047 518,1046 503,1046 502,1047 87,1047 86,1046 60,1046 59,1046 59,1040 59,1039 42,1039 41,1040 41,1041 1,1041 1,1042 1,1074"/>
        <Word id="w51311">
          <Coords points="41,1039 57,1039 57,1077 41,1077"/>
          <Glyph id="w51311g0">
            <Coords points="41,1039 44,1039 44,1077 41,1077"/>
            <TextEquiv index="1" conf="0.9849401950836181">
              <Unicode>t</Unicode>
            </TextEquiv>
          </Glyph>
          <Glyph id="w51311g1">
            <Coords points="54,1039 57,1039 57,1077 54,1077"/>
            <TextEquiv index="1" conf="0.9917548060417176">
              <Unicode>e</Unicode>
            </TextEquiv>
          </Glyph>
          <TextEquiv index="1" conf="0.9768191721378452">
            <Unicode>te</Unicode>
          </TextEquiv>
        </Word>
        <Word id="w51312">
          <Coords points="67,1039 82,1039 82,1077 67,1077"/>
          <Glyph id="w51312g0">
            <Coords points="67,1039 70,1039 70,1077 67,1077"/>
            <TextEquiv index="1" conf="0.9980340719223022">
              <Unicode>a</Unicode>
            </TextEquiv>
          </Glyph>
          <Glyph id="w51312g1">
            <Coords points="82,1039 82,1039 82,1077 82,1077"/>
            <TextEquiv index="1" conf="0.9995769619941712">
              <Unicode>b</Unicode>
            </TextEquiv>
          </Glyph>
          <TextEquiv index="1" conf="0.997611865578767">
            <Unicode>ab</Unicode>
          </TextEquiv>
        </Word>
        <Word id="w51313">
          <Coords points="98,1039 126,1039 126,1077 98,1077"/>
          <Glyph id="w51313g0">
            <Coords points="98,1039 101,1039 101,1077 98,1077"/>
            <TextEquiv index="1" conf="0.9835430383682251">
              <Unicode>i</Unicode>
            </TextEquiv>
          </Glyph>
          <Glyph id="w51313g1">
            <Coords points="108,1039 111,1039 111,1077 108,1077"/>
            <TextEquiv index="1" conf="0.9075019955635071">
              <Unicode>ſ</Unicode>
            </TextEquiv>
          </Glyph>
          <Glyph id="w51313g2">
            <Coords points="117,1039 117,1039 117,1077 117,1077"/>
            <TextEquiv index="1" conf="0.9760989665985107">
              <Unicode>t</Unicode>
            </TextEquiv>
          </Glyph>
          <Glyph id="w51313g3">
            <Coords points="123,1039 126,1039 126,1077 123,1077"/>
            <TextEquiv index="1" conf="0.9931142687797546">
              <Unicode>a</Unicode>
            </TextEquiv>
          </Glyph>
          <TextEquiv index="1" conf="0.8652349068229707">
            <Unicode>iſta</Unicode>
          </TextEquiv>
        </Word>
        <Word id="w51314">
          <Coords points="142,1039 167,1039 167,1077 142,1077"/>
          <Glyph id="w51314g0">
            <Coords points="142,1039 145,1039 145,1077 142,1077"/>
            <TextEquiv index="1" conf="0.9958356976509095">
              <Unicode>i</Unicode>
            </TextEquiv>
          </Glyph>
          <Glyph id="w51314g1">
            <Coords points="149,1039 152,1039 152,1077 149,1077"/>
            <TextEquiv index="1" conf="0.997028410434723">
              <Unicode>a</Unicode>
            </TextEquiv>
          </Glyph>
          <Glyph id="w51314g2">
            <Coords points="167,1039 167,1039 167,1077 167,1077"/>
            <TextEquiv index="1" conf="0.9993686318397522">
              <Unicode>c</Unicode>
            </TextEquiv>
          </Glyph>
          <TextEquiv index="1" conf="0.9922496120848149">
            <Unicode>iac</Unicode>
          </TextEquiv>
        </Word>
        <Word id="w51315">
          <Coords points="180,1039 205,1039 205,1077 180,1077"/>
          <Glyph id="w51315g0">
            <Coords points="180,1039 183,1039 183,1077 180,1077"/>
            <TextEquiv index="1" conf="0.6543356155355772">
              <Unicode>ẽ</Unicode>
            </TextEquiv>
          </Glyph>
          <Glyph id="w51315g1">
            <Coords points="193,1039 193,1039 193,1077 193,1077"/>
            <TextEquiv index="1" conf="0.9964082837104796">
              <Unicode>t</Unicode>
            </TextEquiv>
          </Glyph>
          <Glyph id="w51315g2">
            <Coords points="205,1039 205,1039 205,1077 205,1077"/>
            <TextEquiv index="1" conf="0.9998530268669127">
              <Unicode>e</Unicode>
            </TextEquiv>
          </Glyph>
          <TextEquiv index="1" conf="0.6518896033054162">
            <Unicode>ẽte</Unicode>
          </TextEquiv>
        </Word>
        <Word id="w51316">
          <Coords points="218,1039 259,1039 259,1077 218,1077"/>
          <Glyph id="w51316g0">
            <Coords points="218,1039 221,1039 221,1077 218,1077"/>
            <TextEquiv index="1" conf="0.9998967289924621">
              <Unicode>a</Unicode>
            </TextEquiv>
          </Glyph>
          <Glyph id="w51316g1">
            <Coords points="234,1039 234,1039 234,1077 234,1077"/>
            <TextEquiv index="1" conf="0.9975170016288758">
              <Unicode>t</Unicode>
            </TextEquiv>
          </Glyph>
          <Glyph id="w51316g2">
            <Coords points="246,1039 249,1039 249,1077 246,1077"/>
            <TextEquiv index="1" conf="0.9934261202812196">
              <Unicode>q</Unicode>
            </TextEquiv>
          </Glyph>
          <Glyph id="w51316g3">
            <Coords points="259,1039 259,1039 259,1077 259,1077"/>
            <TextEquiv index="1" conf="0.8009499907493592">
              <Unicode>;</Unicode>
            </TextEquiv>
          </Glyph>
          <TextEquiv index="1" conf="0.7936269910559709">
            <Unicode>atq;</Unicode>
          </TextEquiv>
        </Word>
        <Word id="w51317">
          <Coords points="268,1039 366,1039 366,1077 268,1077"/>
          <Glyph id="w51317g0">
            <Coords points="268,1039 272,1039 272,1077 268,1077"/>
            <TextEquiv index="1" conf="0.9994408130645751">
              <Unicode>i</Unicode>
            </TextEquiv>
          </Glyph>
          <Glyph id="w51317g1">
            <Coords points="278,1039 281,1039 281,1077 278,1077"/>
            <TextEquiv index="1" conf="0.999733567237854">
              <Unicode>n</Unicode>
            </TextEquiv>
          </Glyph>
          <Glyph id="w51317g2">
            <Coords points="297,1039 297,1039 297,1077 297,1077"/>
            <TextEquiv index="1" conf="0.9998280167579652">
              <Unicode>c</Unicode>
            </TextEquiv>
          </Glyph>
          <Glyph id="w51317g3">
            <Coords points="306,1039 309,1039 309,1077 306,1077"/>
            <TextEquiv index="1" conf="0.999725878238678">
              <Unicode>l</Unicode>
            </TextEquiv>
          </Glyph>
          <Glyph id="w51317g4">
            <Coords points="316,1039 319,1039 319,1077 316,1077"/>
            <TextEquiv index="1" conf="0.9998925685882568">
              <Unicode>i</Unicode>
            </TextEquiv>
          </Glyph>
          <Glyph id="w51317g5">
            <Coords points="325,1039 325,1039 325,1077 325,1077"/>
            <TextEquiv index="1" conf="0.9999599456787109">
              <Unicode>n</Unicode>
            </TextEquiv>
          </Glyph>
          <Glyph id="w51317g6">
            <Coords points="338,1039 341,1039 341,1077 338,1077"/>
            <TextEquiv index="1" conf="0.9996131062507629">
              <Unicode>a</Unicode>
            </TextEquiv>
          </Glyph>
          <Glyph id="w51317g7">
            <Coords points="354,1039 357,1039 357,1077 354,1077"/>
            <TextEquiv index="1" conf="0.9952934145927429">
              <Unicode>t</Unicode>
            </TextEquiv>
          </Glyph>
          <Glyph id="w51317g8">
            <Coords points="363,1039 366,1039 366,1077 363,1077"/>
            <TextEquiv index="1" conf="0.9995526432991028">
              <Unicode>a</Unicode>
            </TextEquiv>
          </Glyph>
          <TextEquiv index="1" conf="0.9930526621666406">
            <Unicode>inclinata</Unicode>
          </TextEquiv>
        </Word>
        <Word id="w51318">
          <Coords points="385,1039 464,1039 464,1077 385,1077"/>
          <Glyph id="w51318g0">
            <Coords points="385,1039 385,1039 385,1077 385,1077"/>
            <TextEquiv index="1" conf="0.996837031841278">
              <Unicode>f</Unicode>
            </TextEquiv>
          </Glyph>
          <Glyph id="w51318g1">
            <Coords points="398,1039 401,1039 401,1077 398,1077"/>
            <TextEquiv index="1" conf="0.9993139982223512">
              <Unicode>o</Unicode>
            </TextEquiv>
          </Glyph>
          <Glyph id="w51318g2">
            <Coords points="410,1039 413,1039 413,1077 410,1077"/>
            <TextEquiv index="1" conf="0.9986792564392091">
              <Unicode>r</Unicode>
            </TextEquiv>
          </Glyph>
          <Glyph id="w51318g3">
            <Coords points="423,1039 423,1039 423,1077 423,1077"/>
            <TextEquiv index="1" conf="0.9441554307937621">
              <Unicode>t</Unicode>
            </TextEquiv>
          </Glyph>
          <Glyph id="w51318g4">
            <Coords points="432,1039 436,1039 436,1077 432,1077"/>
            <TextEquiv index="1" conf="0.9998744010925293">
              <Unicode>u</Unicode>
            </TextEquiv>
          </Glyph>
          <Glyph id="w51318g5">
            <Coords points="448,1039 448,1039 448,1077 448,1077"/>
            <TextEquiv index="1" conf="0.9998826026916504">
              <Unicode>n</Unicode>
            </TextEquiv>
          </Glyph>
          <Glyph id="w51318g6">
            <Coords points="461,1039 464,1039 464,1077 461,1077"/>
            <TextEquiv index="1" conf="0.9989495277404786">
              <Unicode>a</Unicode>
            </TextEquiv>
          </Glyph>
          <TextEquiv index="1" conf="0.9380665861537473">
            <Unicode>fortuna</Unicode>
          </TextEquiv>
        </Word>
        <Word id="w51319">
          <Coords points="477,1039 499,1039 499,1077 477,1077"/>
          <Glyph id="w51319g0">
            <Coords points="477,1039 480,1039 480,1077 477,1077"/>
            <TextEquiv index="1" conf="0.9897890329360961">
              <Unicode>a</Unicode>
            </TextEquiv>
          </Glyph>
          <Glyph id="w51319g1">
            <Coords points="495,1039 499,1039 499,1077 495,1077"/>
            <TextEquiv index="1" conf="0.9943169713020323">
              <Unicode>d</Unicode>
            </TextEquiv>
          </Glyph>
          <TextEquiv index="1" conf="0.9841640334569866">
            <Unicode>ad</Unicode>
          </TextEquiv>
        </Word>
        <Word id="w51320">
          <Coords points="511,1039 546,1039 546,1077 511,1077"/>
          <Glyph id="w51320g0">
            <Coords points="511,1039 511,1039 511,1077 511,1077"/>
            <TextEquiv index="1" conf="0.9995102167129516">
              <Unicode>h</Unicode>
            </TextEquiv>
          </Glyph>
          <Glyph id="w51320g1">
            <Coords points="527,1039 533,1039 533,1077 527,1077"/>
            <TextEquiv index="1" conf="0.8783424854278565">
              <Unicode>ã</Unicode>
            </TextEquiv>
          </Glyph>
          <Glyph id="w51320g2">
            <Coords points="546,1039 546,1039 546,1077 546,1077"/>
            <TextEquiv index="1" conf="0.9255578070878983">
              <Unicode>c</Unicode>
            </TextEquiv>
          </Glyph>
          <TextEquiv index="1" conf="0.8125585720581012">
            <Unicode>hãc</Unicode>
          </TextEquiv>
        </Word>
        <TextEquiv index="1" conf="0.9653325047861371">
          <Unicode>te ab iſta iac ẽte atq; inclinata fortuna ad hãc</Unicode>
        </TextEquiv>
      </TextLine>
      <TextLine id="r0_l034">
        <Coords points="1,1095 2,1096 10,1096 11,1097 11,1095 12,1094 49,1094 49,1095 49,1097 50,1097 51,1097 51,1095 52,1094 83,1094 83,1095 83,1104 84,1104 85,1103 85,1095 86,1094 96,1094 98,1096 100,1096 102,1094 145,1094 146,1095 151,1095 152,1096 192,1096 193,1097 252,1097 253,1098 275,1098 275,1099 275,1101 276,1101 281,1101 281,1100 283,1098 350,1098 351,1099 380,1099 380,1100 380,1102 381,1102 383,1102 384,1103 385,1103 386,1102 388,1102 388,1097 389,1096 409,1096 410,1095 420,1095 444,1095 445,1096 448,1096 450,1094 547,1094 548,1095 552,1095 554,1093 554,1080 552,1077 517,1077 516,1077 516,1074 516,1073 515,1073 514,1072 484,1072 483,1073 483,1080 446,1080 445,1081 411,1081 410,1081 410,1076 410,1075 408,1075 407,1076 407,1081 363,1081 362,1080 351,1080 350,1080 350,1077 349,1075 344,1075 343,1076 337,1076 336,1077 335,1077 334,1078 334,1079 333,1080 333,1081 305,1081 303,1083 274,1083 273,1083 273,1078 273,1077 264,1077 263,1077 263,1076 263,1075 261,1075 259,1077 259,1081 198,1081 197,1081 197,1076 197,1075 166,1075 165,1074 139,1074 137,1072 129,1072 128,1071 127,1072 125,1072 124,1073 91,1073 90,1074 85,1074 83,1076 83,1078 48,1078 47,1078 47,1073 46,1071 44,1071 43,1072 42,1072 40,1074 1,1074 1,1075 1,1095"/>
        <Word id="w51321">
          <Coords points="60,1071 105,1071 105,1104 60,1104"/>
          <Glyph id="w51321g0">
            <Coords points="60,1071 60,1071 60,1104 60,1104"/>
            <TextEquiv index="1" conf="0.6990015268325807">
              <Unicode>æ</Unicode>
            </TextEquiv>
          </Glyph>
          <Glyph id="w51321g1">
            <Coords points="70,1071 73,1071 73,1104 70,1104"/>
            <TextEquiv index="1" conf="0.99963458776474">
              <Unicode>t</Unicode>
            </TextEquiv>
          </Glyph>
          <Glyph id="w51321g2">
            <Coords points="79,1071 83,1071 83,1104 79,1104"/>
            <TextEquiv index="1" conf="0.5517918616533279">
              <Unicode>a</Unicode>
            </TextEquiv>
          </Glyph>
          <Glyph id="w51321g3">
            <Coords points="95,1071 105,1071 105,1104 95,1104"/>
            <TextEquiv index="1" conf="0.9901541113853454">
              <Unicode>&amp;</Unicode>
            </TextEquiv>
          </Glyph>
          <TextEquiv index="1" conf="0.3817662084917793">
            <Unicode>æta&amp;</Unicode>
          </TextEquiv>
        </Word>
        <Word id="w51322">
          <Coords points="114,1071 193,1071 193,1104 114,1104"/>
          <Glyph id="w51322g0">
            <Coords points="114,1071 114,1071 114,1104 114,1104"/>
            <TextEquiv index="1" conf="0.9979392051696777">
              <Unicode>i</Unicode>
            </TextEquiv>
          </Glyph>
          <Glyph id="w51322g1">
            <Coords points="124,1071 124,1071 124,1104 124,1104"/>
            <TextEquiv index="1" conf="0.9433663606643676">
              <Unicode>l</Unicode>
            </TextEquiv>
          </Glyph>
          <Glyph id="w51322g2">
            <Coords points="133,1071 133,1071 133,1104 133,1104"/>
            <TextEquiv index="1" conf="0.9945258021354675">
              <Unicode>l</Unicode>
            </TextEquiv>
          </Glyph>
          <Glyph id="w51322g3">
            <Coords points="143,1071 146,1071 146,1104 143,1104"/>
            <TextEquiv index="1" conf="0.9998889565467834">
              <Unicode>u</Unicode>
            </TextEquiv>
          </Glyph>
          <Glyph id="w51322g4">
            <Coords points="159,1071 159,1071 159,1104 159,1104"/>
            <TextEquiv index="1" conf="0.8285935938358306">
              <Unicode>ſ</Unicode>
            </TextEquiv>
          </Glyph>
          <Glyph id="w51322g5">
            <Coords points="165,1071 168,1071 168,1104 165,1104"/>
            <TextEquiv index="1" conf="0.9948614716529844">
              <Unicode>t</Unicode>
            </TextEquiv>
          </Glyph>
          <Glyph id="w51322g6">
            <Coords points="178,1071 178,1071 178,1104 178,1104"/>
            <TextEquiv index="1" conf="0.999860155582428">
              <Unicode>r</Unicode>
            </TextEquiv>
          </Glyph>
          <Glyph id="w51322g7">
            <Coords points="190,1071 193,1071 193,1104 190,1104"/>
            <TextEquiv index="1" conf="0.7226892486214638">
              <Unicode>ẽ</Unicode>
            </TextEquiv>
          </Glyph>
          <TextEquiv index="1" conf="0.5576315487101121">
            <Unicode>illuſtrẽ</Unicode>
          </TextEquiv>
        </Word>
        <Word id="w51323">
          <Coords points="209,1071 276,1071 276,1104 209,1104"/>
          <Glyph id="w51323g0">
            <Coords points="209,1071 209,1071 209,1104 209,1104"/>
            <TextEquiv index="1" conf="0.9992843747138977">
              <Unicode>e</Unicode>
            </TextEquiv>
          </Glyph>
          <Glyph id="w51323g1">
            <Coords points="222,1071 225,1071 225,1104 222,1104"/>
            <TextEquiv index="1" conf="0.990754270553589">
              <Unicode>x</Unicode>
            </TextEquiv>
          </Glyph>
          <Glyph id="w51323g2">
            <Coords points="235,1071 235,1071 235,1104 235,1104"/>
            <TextEquiv index="1" conf="0.9999161839485169">
              <Unicode>t</Unicode>
            </TextEquiv>
          </Glyph>
          <Glyph id="w51323g3">
            <Coords points="244,1071 247,1071 247,1104 244,1104"/>
            <TextEquiv index="1" conf="0.998831069469452">
              <Unicode>u</Unicode>
            </TextEquiv>
          </Glyph>
          <Glyph id="w51323g4">
            <Coords points="260,1071 260,1071 260,1104 260,1104"/>
            <TextEquiv index="1" conf="0.9999325990676879">
              <Unicode>l</Unicode>
            </TextEquiv>
          </Glyph>
          <Glyph id="w51323g5">
            <Coords points="266,1071 269,1071 269,1104 266,1104"/>
            <TextEquiv index="1" conf="0.9992920517921448">
              <Unicode>i</Unicode>
            </TextEquiv>
          </Glyph>
          <Glyph id="w51323g6">
            <Coords points="276,1071 276,1071 276,1104 276,1104"/>
            <TextEquiv index="1" conf="0.9988258004188537">
              <Unicode>,</Unicode>
            </TextEquiv>
          </Glyph>
          <TextEquiv index="1" conf="0.9868783065917413">
            <Unicode>extuli,</Unicode>
          </TextEquiv>
        </Word>
        <Word id="w51324">
          <Coords points="288,1071 304,1071 304,1104 288,1104"/>
          <Glyph id="w51324g0">
            <Coords points="288,1071 292,1071 292,1104 288,1104"/>
            <TextEquiv index="1" conf="0.9146812677383422">
              <Unicode>v</Unicode>
            </TextEquiv>
          </Glyph>
          <Glyph id="w51324g1">
            <Coords points="301,1071 304,1071 304,1104 301,1104"/>
            <TextEquiv index="1" conf="0.9997929334640503">
              <Unicode>t</Unicode>
            </TextEquiv>
          </Glyph>
          <TextEquiv index="1" conf="0.9144918678567335">
            <Unicode>vt</Unicode>
          </TextEquiv>
        </Word>
        <Word id="w51325">
          <Coords points="320,1071 361,1071 361,1104 320,1104"/>
          <Glyph id="w51325g0">
            <Coords points="320,1071 323,1071 323,1104 320,1104"/>
            <TextEquiv index="1" conf="0.8617523908615112">
              <Unicode>e</Unicode>
            </TextEquiv>
          </Glyph>
          <Glyph id="w51325g1">
            <Coords points="330,1071 333,1071 333,1104 330,1104"/>
            <TextEquiv index="1" conf="0.9839173793792724">
              <Unicode>ſ</Unicode>
            </TextEquiv>
          </Glyph>
          <Glyph id="w51325g2">
            <Coords points="339,1071 339,1071 339,1104 339,1104"/>
            <TextEquiv index="1" conf="0.9990806460380555">
              <Unicode>ſ</Unicode>
            </TextEquiv>
          </Glyph>
          <Glyph id="w51325g3">
            <Coords points="349,1071 352,1071 352,1104 349,1104"/>
            <TextEquiv index="1" conf="0.879713988304138">
              <Unicode>e</Unicode>
            </TextEquiv>
          </Glyph>
          <Glyph id="w51325g4">
            <Coords points="361,1071 361,1071 361,1104 361,1104"/>
            <TextEquiv index="1" conf="0.9988502979278564">
              <Unicode>t</Unicode>
            </TextEquiv>
          </Glyph>
          <TextEquiv index="1" conf="0.7443609405761267">
            <Unicode>eſſet</Unicode>
          </TextEquiv>
        </Word>
        <Word id="w51326">
          <Coords points="377,1071 406,1071 406,1104 377,1104"/>
          <Glyph id="w51326g0">
            <Coords points="377,1071 383,1071 383,1104 377,1104"/>
            <TextEquiv index="1" conf="0.9782425403594972">
              <Unicode>q</Unicode>
            </TextEquiv>
          </Glyph>
          <Glyph id="w51326g1">
            <Coords points="390,1071 393,1071 393,1104 390,1104"/>
            <TextEquiv index="1" conf="0.7945656105875969">
              <Unicode>u</Unicode>
            </TextEquiv>
          </Glyph>
          <Glyph id="w51326g2">
            <Coords points="406,1071 406,1071 406,1104 406,1104"/>
            <TextEquiv index="1" conf="0.9996851325035095">
              <Unicode>i</Unicode>
            </TextEquiv>
          </Glyph>
          <TextEquiv index="1" conf="0.7770331418429172">
            <Unicode>qui</Unicode>
          </TextEquiv>
        </Word>
        <Word id="w51327">
          <Coords points="425,1071 447,1071 447,1104 425,1104"/>
          <Glyph id="w51327g0">
            <Coords points="425,1071 428,1071 428,1104 425,1104"/>
            <TextEquiv index="1" conf="0.7924797654151916">
              <Unicode>m</Unicode>
            </TextEquiv>
          </Glyph>
          <Glyph id="w51327g1">
            <Coords points="444,1071 447,1071 447,1104 444,1104"/>
            <TextEquiv index="1" conf="0.9615983009338378">
              <Unicode>o</Unicode>
            </TextEquiv>
          </Glyph>
          <TextEquiv index="1" conf="0.7620471959476947">
            <Unicode>mo</Unicode>
          </TextEquiv>
        </Word>
        <Word id="w51328">
          <Coords points="459,1071 548,1071 548,1104 459,1104"/>
          <Glyph id="w51328g0">
            <Coords points="459,1071 463,1071 463,1104 459,1104"/>
            <TextEquiv index="1" conf="0.996934139728546">
              <Unicode>c</Unicode>
            </TextEquiv>
          </Glyph>
          <Glyph id="w51328g1">
            <Coords points="469,1071 469,1071 469,1104 469,1104"/>
            <TextEquiv index="1" conf="0.976785659790039">
              <Unicode>a</Unicode>
            </TextEquiv>
          </Glyph>
          <Glyph id="w51328g2">
            <Coords points="482,1071 482,1071 482,1104 482,1104"/>
            <TextEquiv index="1" conf="0.9998672723770141">
              <Unicode>l</Unicode>
            </TextEquiv>
          </Glyph>
          <Glyph id="w51328g3">
            <Coords points="494,1071 494,1071 494,1104 494,1104"/>
            <TextEquiv index="1" conf="0.551632026831309">
              <Unicode>c</Unicode>
            </TextEquiv>
          </Glyph>
          <Glyph id="w51328g4">
            <Coords points="504,1071 504,1071 504,1104 504,1104"/>
            <TextEquiv index="1" conf="0.9589586615562439">
              <Unicode>i</Unicode>
            </TextEquiv>
          </Glyph>
          <Glyph id="w51328g5">
            <Coords points="548,1071 548,1071 548,1104 548,1104"/>
            <TextEquiv index="1" conf="0.49639490246772766">
              <Unicode>s</Unicode>
            </TextEquiv>
          </Glyph>
          <TextEquiv index="1" conf="0.25567294196354656">
            <Unicode>calcis</Unicode>
          </TextEquiv>
        </Word>
        <TextEquiv index="1" conf="0.9088138958039107">
          <Unicode> æta&amp; illuſtrẽ extuli, vt eſſet qui mo calcis</Unicode>
        </TextEquiv>
      </TextLine>
      <TextLine id="r0_l035">
        <Coords points="6,1175 81,1175 81,1154 6,1154 6,1175"/>
        <Word id="w51329">
          <Coords points="7,1154 7,1154 7,1175 7,1175"/>
          <Glyph id="w51329g0">
            <Coords points="7,1154 7,1154 7,1175 7,1175"/>
            <TextEquiv index="1" conf="0.3956693521467969">
              <Unicode>1</Unicode>
            </TextEquiv>
          </Glyph>
          <TextEquiv index="1" conf="0.3956693521467969">
            <Unicode>1</Unicode>
          </TextEquiv>
        </Word>
        <TextEquiv index="1" conf="0.476554756925907">
          <Unicode>1 </Unicode>
        </TextEquiv>
      </TextLine>
    </TextRegion>
  </Page>
</PcGts>
