660 1226
95 60 133 89 320
206 60 524 89 HERMENIGILDVS

97 83 182 118 cruorem
210 83 261 118 meum
283 83 387 118 largiſſimè
403 83 551 118 propinarem.
564 83 611 118 Nũc

90 113 153 145 autem
175 113 212 145 hoc
229 113 297 145 aitur
328 113 340 145 vt
368 113 470 145 demortui
498 113 549 145 ciner
560 113 560 145 ĩ
569 113 589 145 buu

96 139 198 169 quieſcere
209 139 241 169 no:
263 139 334 169 liceat,
351 139 379 169 ſed
393 139 416 169 iis
444 139 504 169 æterna
529 139 600 169 crimi-

93 166 122 196 nis
139 166 184 196 nota
206 166 237 196 per
260 166 345 196 ſummum
373 166 441 196 ſcelus
466 166 588 196 adhæreſcar

96 192 133 224 hoc
153 192 160 224 ſi
176 192 226 224 pater
243 192 326 224 iniquum
349 192 376 224 eſt,
392 192 442 224 peto
465 192 469 224 à
495 192 512 224 te
539 192 552 224 vt
572 192 608 224 fliĩ

102 219 215 257 moribundi
231 219 313 257 vltimos
345 219 421 257 emitus
443 219 446 257 æ
458 219 503 257 quis
525 219 610 257 auribus

100 248 138 273 æci
146 248 193 273 pias.

126 271 179 308 LEV.
193 271 238 308 Age,
255 271 304 308 tolle
318 271 363 308 iſtam
384 271 499 308 inſidioſam
534 271 607 308 orati-

95 299 143 322 nem,
157 299 177 322 dic
196 299 210 322 de
224 299 314 322 crimine.

110 322 137 357 HE
150 322 270 357 RMENIG.
289 322 329 357 Non
353 322 372 357 eſt
382 322 419 357 hoc
432 322 509 357 nouum
535 322 605 357 crimea

96 352 132 383 ¶ĩ
147 352 210 383 pater)
225 352 255 383 iam
291 352 303 383 iu
330 352 384 383 telam
408 352 459 383 illam
489 352 567 383 coniux
582 352 609 383 tua

108 378 209 409 Goiſuiuha,
229 378 286 409 nobis
302 378 345 409 verò
359 378 447 409 nonerca
463 378 543 409 ſemper
559 378 610 409 inſe-

114 405 140 436 ior
159 405 206 436 quàm
231 405 269 436 cius
285 405 371 436 dignitas
386 405 522 436 poſtulabat,
532 405 545 436 in
570 405 611 436 me&

98 431 172 463 Sratrem
200 431 254 463 meum
279 431 367 463 molitur,
392 431 463 463 Vtinam
491 431 491 463 (
520 431 528 463 ſi
542 431 610 463 Iiceret

96 458 168 489 beatos
189 458 249 489 manes
264 458 390 489 ſollicitare)
408 458 504 489 parentis
525 458 567 489 meæ
585 458 612 489 de-

102 488 198 516 m0rtuæ,
212 488 249 516 tuæ
269 488 311 516 verò
334 488 421 516 auguſtæ
447 488 534 516 coniuui
548 488 548 516 s
565 488 608 516 ani-

102 513 140 543 mam
155 513 177 543 ad
187 513 225 543 hoc
240 513 329 543 tribunal
341 513 442 543 adducere
455 513 480 543 fas
499 513 502 543 e
512 513 556 543 ſſet,
568 513 609 543 ſile-

95 541 128 570 rm
155 541 194 570 ego,
206 541 218 570 &
233 541 272 570 ipſa
293 541 425 570 loqueretur,
437 541 515 570 diceret
539 541 554 570 vt
575 541 608 570 im-

114 566 199 599 endente
212 566 266 599 fatali
278 566 401 599 neceſſitate,
417 566 458 599 quæ
474 566 537 599 nobis
552 566 600 599 illam

100 596 178 625 miuram
215 596 233 625 l,
247 596 268 625 ſd
284 596 326 625 turis
342 596 393 625 vtilem
412 596 497 625 fminam
521 596 537 625 er
544 596 544 625 i
555 596 558 625 p
571 596 595 625 it

98 619 177 650 languen
194 619 248 650 tibus
268 619 282 650 vt
302 619 378 650 poterat
398 619 489 650 brachiis
528 619 551 650 me
571 619 604 650 fra-

100 648 191 676 tremque
211 648 259 676 meum
287 648 403 676 complexa,
420 648 454 676 tibi
474 648 500 676 per
525 648 602 676 genialem

94 674 172 704 arum,
199 674 207 704 er
219 674 257 704 cai
264 674 314 704 ſſims
324 674 397 704 amres,
422 674 432 704 er
442 674 609 704 intamiatc-

109 701 137 729 uij
157 701 224 729 fædrra,
250 701 371 729 communem
388 701 476 729 ſobolem
501 701 501 729 c
515 701 608 729 ommen-

105 726 168 758 dabat:
189 726 201 758 Ea
216 726 261 758 tunc
276 726 351 758 eramus
375 726 423 758 ætate
438 726 474 758 (mi
489 726 555 758 pater)
570 726 612 758 quæ

97 754 166 784 fenſum
187 754 265 784 doloris
280 754 307 784 vix
319 754 423 784 admittit.
441 754 474 784 Sed
495 754 555 784 tamen
579 754 606 784 vbi

99 782 144 809 vuos
156 782 249 809 rorantes
269 782 345 809 oculos,
371 782 371 809 &
388 782 402 809 te
424 782 458 809 mor
467 782 549 809 ibunæ
566 782 608 809 cor-

116 808 140 839 ori
161 808 263 839 afnſum,
290 808 419 839 dextramque
443 808 602 839 prehendentem

103 834 196 864 vidimus,
208 834 241 864 non
265 834 367 864 tenuimus
388 834 496 864 infantiles
520 834 607 864 lachr-

104 862 143 892 mas,
158 862 203 892 quas
218 862 233 892 &
248 862 290 892 tuns
308 862 374 892 dolor,
389 862 401 892 &
419 862 485 892 matris
503 862 554 892 inter
575 862 608 892 has

101 889 158 918 voces
173 889 287 918 expirantis
308 889 374 918 obitus
395 889 482 918 excuſſit.
518 889 530 918 Tu
560 889 605 918 verò

95 916 130 945 nos
146 916 156 945 in
175 916 207 945 hac
220 916 295 945 recenti
313 916 401 945 orbitare
422 916 454 945 tu0
478 916 550 945 gremio
566 916 603 945 ap-

99 940 171 972 preſſos
190 940 294 972 fouebs,
316 940 443 972 prohibebas
465 940 528 972 flere,
550 940 607 972 quod

98 966 124 998 vix
149 966 212 998 facere
243 966 348 998 poteras,
390 966 489 998 manantes
523 966 603 998 lachry-

103 991 157 1024 mulas
182 991 220 1024 tuis
242 991 379 1024 abſtergebas
407 991 496 1024 digitis,
524 991 537 1024 te
569 991 603 1024 no-

110 1016 123 1058 is
148 1016 180 1058 atri
228 1016 294 1058 ræſidio.
316 1016 424 1058 inlggnti
462 1016 604 1058 ati-

93 1044 172 1067 cebaris.

167 1070 216 1110 VICG.
234 1070 275 1110 Hæc
289 1070 338 1110 nihil
349 1070 373 1110 ad
387 1070 457 1110 crimen
474 1070 579 1110 attinent.
