670 1232
60 58 100 94 30
164 58 502 94 HERMENIGILDVS.

63 84 78 118 ſe
90 84 132 118 iſtis
153 84 240 118 moribus
252 84 354 118 illeuerit.
378 84 429 118 Quòd
444 84 486 118 vero
498 84 519 118 ad
552 84 585 118 ſu-

63 110 201 145 perſtitionem
225 110 309 145 Romani
324 110 414 145 nominis
426 110 453 145 att
462 110 519 145 inet,
534 110 573 145 non

67 140 85 171 eſt
103 140 106 171 ô
124 140 163 171 Rex
184 140 259 171 miruni,
277 140 310 171 cum
328 140 358 171 illi
385 140 508 171 Chriſtianam
529 140 583 171 vx-

68 164 113 198 rem,
122 164 137 198 &
164 164 227 198 Gallam
248 164 398 198 coniunxeris,
413 164 452 198 hæc
470 164 479 198 in
503 164 545 198 virũ
563 164 584 198 cũ

67 194 112 226 ipſis
129 194 248 226 cupiitatis
273 194 350 226 facibus
370 194 491 226 religionem
514 194 585 226 trans-

69 219 151 251 fuderit.
185 219 284 251 Cæterm,
296 219 352 251 nemo
366 219 457 251 prudens
477 219 519 251 glad
528 219 550 251 ĩis
570 219 584 251 &

70 246 83 279 ha
97 246 107 279 ſt
115 246 137 279 is,
145 246 243 279 numinum
275 246 337 279 metum
355 246 366 279 in
385 246 489 279 hominum
505 246 584 279 animis

73 272 88 306 de
100 272 148 306 figit,
172 272 235 306 vtriq;
250 272 319 306 potius
343 272 424 306 doctore
442 272 490 306 opus
508 272 529 306 eſt
550 272 586 306 quã

76 297 127 333 carni
136 297 175 333 fice.
196 297 241 333 Quos
256 297 265 333 tu
286 297 337 333 nunc
355 297 406 333 vides
418 297 448 333 iſti
454 297 475 333 us
490 297 526 333 reli
541 297 541 333 g
526 297 586 333 io-

73 327 99 355 nis
115 327 203 355 calentes
217 327 294 355 ſtudiis,
302 327 313 355 in
329 327 443 355 flammatos
454 327 539 355 animo,
553 327 588 355 ar-

79 351 121 383 dore
139 351 199 383 prope
217 351 313 383 ignitos,
346 351 385 383 ætas
397 351 481 383 flectet,
502 351 544 383 vſus
559 351 586 383 le-

75 380 123 409 niet,
135 380 222 409 prudent
227 380 239 409 ia
256 380 284 409 tua
306 380 413 409 mitigabit.

128 407 216 435 LEVIG.
240 407 282 435 Quid
299 407 373 435 cenſes:

107 431 181 465 PRIN.
191 431 214 465 II.
231 431 244 465 Si
264 431 271 465 ea
294 431 334 465 eſſet
357 431 391 465 Rex
407 431 484 465 optime
501 431 591 465 Herme-

80 455 152 492 nigildi
165 455 257 492 audacia,
273 455 289 492 vt
301 455 327 492 ſui
342 455 422 492 ſceleris
434 455 653 492 integumenti

80 485 144 519 poſſet
159 485 191 519 eſſe
207 485 311 519 contenta,
339 485 374 519 ego
396 485 469 519 quidem
494 485 507 519 &
523 485 532 519 in
551 485 589 519 hoc

80 511 170 547 negocio
185 511 224 547 cũct
230 511 281 547 andũ
296 511 337 547 arbi
349 511 418 547 rrarer,
436 511 448 547 &
460 511 505 547 aliis
517 511 586 547 ſuade-

85 538 109 572 rẽ,
121 538 136 572 vt
157 538 172 572 rẽ
187 538 238 572 quàm
262 538 343 572 accurar
352 538 412 572 iſſimè
427 538 595 572 perpenderent-

86 564 140 599 Nunc
157 564 205 599 autẽ
222 564 253 599 cum
273 564 282 599 in
301 564 389 599 apertum
412 564 531 599 tetrumque
542 564 590 599 faci-

81 592 118 625 nus
132 592 237 625 eruperit,
260 592 350 625 quantum
367 592 424 625 illius
441 592 483 625 vitæ
497 592 591 625 additur,

85 617 159 653 tantum
179 617 221 653 tuæ,
235 617 263 653 qua
280 617 331 653 nihil
346 617 357 653 in
377 617 411 653 hoc
433 617 476 653 orbe
493 617 586 653 terrarum

89 645 206 680 pretioſius,
221 645 245 680 det
257 645 293 680 ract
302 645 326 680 um
347 645 404 680 puto.
425 645 464 680 Non
488 645 506 680 eſt
521 645 536 680 is
551 645 596 680 reus

90 671 141 706 cuius
155 671 186 706 non
209 671 226 706 ſit
240 671 257 706 fo
266 671 362 706 rmidanda
382 671 495 706 potentia,
518 671 552 706 non
575 671 594 706 eſt

84 697 121 727 hoc
144 697 209 727 crimen
235 697 260 727 cui
280 697 371 727 debeatur
388 697 512 727 impunitas,
532 697 555 727 nõ
575 697 594 727 eſt

87 720 123 758 hoc
141 720 216 758 regnum
240 720 288 758 quod
306 720 375 758 tantum
399 720 483 758 dedecus
498 720 555 758 ferat,
570 720 594 758 nõ

89 752 109 785 eſt
139 752 219 785 denique
233 752 246 785 is
273 752 329 785 iudex
349 752 379 785 qui
399 752 413 785 ſe
433 752 546 785 puerilibus
573 752 599 785 la-

90 780 168 811 chrimis
183 780 186 811 à
201 780 276 811 iuſtirię
294 780 342 811 curſu
366 780 483 811 detorqueri
498 780 597 811 patiatur.

96 803 150 836 Omni
159 803 162 836 a
183 803 198 836 vt
213 803 264 836 vides
285 803 324 836 iura
348 803 408 836 diuina
429 803 438 836 &
453 803 531 836 humana
552 803 597 836 pol-

88 833 133 861 Iuit,
145 833 223 861 excidit,
235 833 277 861 fune
286 833 355 861 ſtauit:
384 833 438 861 eſertor
450 833 516 861 patria,
540 833 594 861 1rans-

89 860 122 892 fuga
143 860 236 892 religionis,
263 860 296 892 ati
314 860 422 892 interfetor,
437 860 455 892 ne
464 860 491 892 ſibi
503 860 563 892 quidem
584 860 584 892 i

100 884 148 919 eliqui
160 884 211 919 fecit,
232 884 244 919 vt
256 884 343 919 ſanabilm
361 884 421 919 plagam
439 884 541 919 inſligerer:
565 884 598 919 Sed

90 912 147 946 inaud
156 912 177 946 ita
195 912 330 946 contumacia,
342 912 447 946 remedium
468 912 498 946 tue
513 912 597 946 clemen-

94 938 121 970 riæ
136 938 148 970 in
172 938 220 970 ſuum
241 938 301 970 vertit
316 938 387 970 ſcelus.
420 938 471 970 Arma
486 938 498 970 in
519 938 588 970 patrem

90 967 123 998 ſum
138 967 180 998 pſit,
189 967 222 998 nec
237 967 291 998 regni
306 967 417 998 ſanctitas,
435 967 468 998 nec
489 967 543 998 ætatis
567 967 597 998 ve-

92 994 175 1022 neranda
193 994 233 1022 cani
241 994 286 1022 ties,
310 994 342 1022 nec
355 994 448 1022 parentis
462 994 539 1022 nomen,
563 994 595 1022 nec

97 1011 179 1052 v0xipſa
198 1011 273 1052 naturæ
295 1011 390 1052 furioſum
409 1011 494 1052 iuuenem
510 1011 526 1052 ab
545 1011 595 1052 infe-

95 1046 125 1079 ſtis
142 1046 252 1079 conatibus
268 1046 365 1079 repreſit:
388 1046 438 1079 Tãdiu
458 1046 508 1079 ſtetit
521 1046 531 1079 in
548 1046 584 1079 acie

110 1072 177 1116 uandiu
215 1072 278 1116 otuit,
288 1072 316 1116 vbi
330 1072 344 1116 ſe
362 1072 453 1116 deſertum
470 1072 474 1116 à
491 1072 533 1116 ſuis,
547 1072 596 1116 i,
