648 1268
73 111 108 143 370
173 111 502 143 HERMENIGILDVS.

75 139 140 168 omnes
162 139 320 168 Lycanthropum
340 139 461 168 agnoſcunt.

104 158 192 195 DARIA.
205 158 354 195 Hermenifride
367 158 398 195 per
414 158 455 195 deos
471 158 503 195 ſine
522 158 541 195 me
560 158 576 195 vt

83 193 162 226 celeſtus
178 193 209 226 ille
225 193 279 226 puſio
291 193 361 226 pœnas
376 193 436 226 hodie
455 193 487 226 ſuæ
506 193 575 226 eicaci-

96 220 118 254 tis
130 220 243 254 perſoluat:
254 220 285 254 ego
305 220 432 254 eexenteratũ,
458 220 545 254 cõminut
554 220 574 254 ũ,

73 243 133 275 diſcer
141 243 158 275 pt
166 243 192 275 um
217 243 313 275 muſcarum
336 243 426 275 pabulum
449 243 542 275 efficiam.

114 272 218 302 HERME.
227 272 284 302 Miſer
294 272 417 302 adoleſcens
436 272 464 302 cur
480 272 493 302 te
505 272 521 302 is
534 272 578 302 per-

74 297 145 327 ditum:
156 297 193 327 tace
207 297 280 327 inquam
300 297 314 327 &
334 297 377 327 nolĩ
394 297 493 327 crabones
507 297 577 327 irrita-

69 323 96 357 2c,
104 323 149 357 neſiis
160 323 232 357 linguam
245 323 303 357 anima
317 323 405 357 laqueum?
415 323 479 357 neſcis
498 323 530 357 cam
548 323 578 357 ar-

71 351 136 377 birram
156 351 199 377 neci
224 351 238 377 &
255 351 309 377 vitæ?
326 351 360 377 Abi
374 351 374 377 i
386 351 425 377 nfœ
434 351 468 377 lix,
473 351 505 377 abĩ
522 351 530 377 &
553 351 578 377 de-

71 376 108 411 ſine
122 376 187 411 contra
204 376 258 411 ſolem
278 376 357 411 ſpuęre.
383 376 471 411 1nfranis
482 376 508 411 oris
527 376 581 411 vecti-

74 407 96 437 gal
106 407 122 437 eſt
138 407 237 437 ealamitas,

121 427 233 462 DVRIAS.
271 427 337 462 Veniat
351 427 490 462 emaſculatus,
504 427 581 462 veniat,

78 459 108 492 ego
123 459 132 492 in
153 459 192 492 eius
210 459 297 492 ceruices
312 459 426 492 inuolabo,
450 459 516 492 tetros
531 459 582 492 illos

102 485 192 516 funeſtos
207 485 279 516 oculos
297 485 396 516 effodiam,
414 485 501 516 linguam
522 485 540 516 ex
555 485 555 516 i
564 485 582 516 p-

74 513 94 542 ſis
105 513 187 542 faucium
207 513 309 542 radicibus
323 513 428 542 extractam
450 513 518 542 coruis
538 513 580 542 epu-

74 537 131 575 lãdam
152 537 206 575 dabo,
215 537 224 575 ſi
242 537 296 575 modo
314 537 368 575 corui
383 537 413 575 tam
434 537 527 575 ſcelerata
557 537 581 575 da-

77 568 94 596 pe
111 568 159 596 veſci
173 568 205 596 non
230 568 233 596 e
244 568 383 596 xhorreſcanr.

107 593 167 622 DAR.
176 593 290 622 Morietur,
296 593 355 622 actum
376 593 403 622 eſt,
421 593 529 622 morietur.

101 615 251 650 DVRIAs.
269 615 280 650 En
298 615 309 650 iu
338 615 386 650 ulum
408 615 484 650 Hyęna,
495 615 510 650 en
528 615 587 650 iugu-

76 648 124 684 Ium,
145 648 217 684 exſuge
232 648 319 684 cruorem
337 648 387 684 quem
405 648 435 684 iam
456 648 474 684 ex
492 648 549 684 parte
567 648 579 684 in

79 673 237 703 Hermenigildo
258 673 291 703 meo
306 673 378 703 libaſti.

118 695 223 731 HERME.
236 695 283 731 Sine,
293 695 381 731 furioſus
400 695 432 731 eſt,
448 695 473 731 eat
492 695 533 731 ſane
552 695 590 731 vias

78 725 124 756 ſuas,
138 725 240 756 enimuero
271 725 370 756 ræclarum
393 725 413 756 eſt
427 725 464 756 nos
481 725 517 756 cum
537 725 588 756 ado-

80 754 194 783 Ieſcentulo
206 754 298 783 iurgari,
317 754 355 783 quin
374 754 444 783 potius
462 754 516 783 quod
529 754 589 783 inſtat

79 780 229 814 expediamus,
257 780 277 814 ne
308 780 347 814 quis
370 780 429 814 nobis
449 780 503 814 telam
531 780 579 814 iſtam

80 808 128 838 Quam
148 808 232 838 teximus
252 808 376 838 reordiatur,
393 808 421 838 eam
435 808 463 838 us.

126 833 196 861 DARI.
216 833 251 861 Ego
265 833 289 861 te.

123 856 233 892 DVRIAS.
246 856 273 892 Ite
289 856 396 892 vultures,
413 856 446 892 ite,
466 856 503 892 Rex
519 856 519 892 t
533 856 583 892 otum

80 886 162 921 reſciet,
178 886 207 921 hei
229 886 267 921 mihi
286 886 324 921 quia
340 886 409 921 nullus
425 886 473 921 nobi
482 886 485 921 s
495 886 517 921 ad
536 886 590 921 Regẽ

74 912 128 944 ꝓParet
137 912 218 944 adjtus,
233 912 245 944 &
260 912 314 944 fores
329 912 397 944 omnes
415 912 490 944 obſedit
511 912 589 944 calum-

71 940 98 979 nia
131 940 248 979 prodimur,
278 940 380 979 eiicimur,
407 940 467 979 erimus
482 940 557 979 tacine,
572 940 590 979 at

73 967 127 997 forte
141 967 175 997 ego
189 967 204 997 ir
215 967 289 997 ueniam
308 967 365 997 viam.

394 1019 394 1045 ᷣ

279 1019 301 1066 M
345 1019 352 1066 O
447 1019 447 1066 2

101 1066 325 1110 HENIGILDI
357 1066 561 1110 DEPLoRATIO.

141 1096 160 1139 Ev
175 1096 267 1139 ſcelerum
282 1096 370 1139 inceſtam
389 1096 454 1139 faciem
484 1096 553 1139 indien

167 1131 174 1164 ta
193 1131 325 1164 rerorquent.

84 1148 84 1169 e
