659 1229
180 74 504 103 HERMENIGILDVS.
565 74 595 103 33

133 101 253 129 ILEONID.
297 101 348 129 Pater
370 101 405 129 tibi
417 101 449 129 per
468 101 490 129 me
506 101 588 129 vltimain

95 130 177 157 neeeſſita
191 130 193 157 t
204 130 223 157 em
247 130 362 157 denunciat.

119 154 128 184 H
146 154 203 184 ERM.
224 154 287 184 Grates
305 154 338 184 tibi
361 154 430 184 Clriſte
451 154 532 184 ſummas
544 154 547 184 a
580 154 592 184 o.

94 159 108 214 ru
131 159 171 214 mihi
184 159 218 214 per
234 159 304 214 patrem
328 159 381 214 vitam
404 159 521 214 ſragilem,
548 159 597 214 miſe-

91 209 134 238 ram,
145 209 177 238 cum
203 209 270 238 muſcis
281 209 299 238 at
310 209 345 238 que
358 209 449 238 formicis
467 209 588 238 communem

94 236 107 264 dc
118 236 176 264 deras,
187 236 222 264 nũc
235 236 294 264 autem
315 236 347 264 per
363 236 440 264 eiuſdem
464 236 552 264 decreta,
571 236 597 264 vi-

91 262 120 290 tam
136 262 238 290 nobilem,
256 262 344 290 beatam,
357 262 371 290 &
389 262 469 290 omnium
488 262 587 290 bonorum

88 289 172 317 affluẽtia
194 289 307 317 cumulatam
330 289 446 317 conceſſiſti.
463 289 491 317 Dic
511 289 545 317 quo
579 289 596 317 e-

120 342 198 372 LEON.
219 342 342 372 Exhorreſco
360 342 438 372 dicere,
453 342 540 372 tantæne
558 342 597 372 cer-

88 365 125 399 nici
142 365 219 399 ſecurim
241 365 244 399 c
255 365 326 399 rudelis
349 365 425 399 genitor
439 365 456 399 im
470 365 552 399 pinet:

14 394 164 425 0HER.
173 394 272 425 Intelligo
290 394 334 425 quid
352 394 418 425 velis,
442 394 514 425 1antum
535 394 592 425 doleo

89 422 151 451 Ieuius
168 422 205 451 hoc
225 422 256 451 eſſe
276 422 332 451 ſuppl
341 422 372 451 icii
454 422 471 451 S,
490 422 555 451 cuperm
572 422 592 451 tot

86 450 109 478 eſſe
128 450 205 478 vulncra,
213 450 250 478 quot
261 450 301 478 ſunt
317 450 317 478 m
333 450 373 478 ẽbra,
391 450 405 478 vt
418 450 453 478 pro
476 450 514 478 Chri
522 450 540 478 ſti
556 450 591 478 no-

93 475 93 504 m
106 475 135 504 ine
170 475 266 504 lorioſius
285 475 298 504 ex
314 475 346 504 hiac
367 475 399 504 vita
426 475 437 504 di
447 475 552 504 ſcederem.

113 501 157 534 LEO
170 501 227 534 NID.
246 501 249 534 O
265 501 373 534 inauditam
392 501 404 534 in
423 501 458 534 hoc
474 501 556 534 fortunę
569 501 594 534 fa-

94 527 118 556 tig
130 527 148 556 io
163 527 291 556 conſtantiam

102 553 162 583 HER.
193 553 269 583 Quando
282 553 295 583 &
314 553 339 583 vbi
358 553 396 583 vult
415 553 437 583 me
453 553 503 583 inter
513 553 554 583 ficiẽ

136 582 181 604 LEO
193 582 250 604 NID.
262 582 298 604 Hac
310 582 369 604 nocte
381 582 393 604 in
414 582 498 604 carcere.

135 609 222 637 HERM.
242 609 295 637 Quota
312 609 358 637 hora
375 609 409 637 eſt:

134 634 248 665 LEONID.
268 634 298 665 Iam
318 634 394 665 ſecunda
414 634 471 665 vigili
481 634 484 665 a
504 634 531 665 eſt,
541 634 554 665 &
568 634 595 665 ip-

86 660 116 693 ſum
134 660 197 693 appet
206 660 217 693 it
229 660 274 693 noct
283 660 298 693 is
310 660 421 693 ſilentium.

13 688 199 718 iHERM.
223 688 280 718 Leoni
292 688 315 718 da,
342 688 408 718 Cœlum
429 688 522 718 intuere:
540 688 591 718 vides

89 716 138 746 quot
155 716 239 746 emicant
254 716 353 746 ſtellarum
373 716 435 746 faces:

131 743 247 771 LEONID.
270 743 337 771 Video.

123 769 182 798 HER.
198 769 252 798 Nihil
264 769 305 798 agit
321 769 353 798 pat
365 769 387 798 er,
397 769 428 798 non
453 769 548 798 obſcurus
560 769 592 798 hac

82 797 142 827 nOcte
162 797 239 827 moriar,
247 797 284 827 quot
307 797 342 827 ſunt
354 797 364 827 in
379 797 404 827 hioc
414 797 494 827 beatorum
514 797 594 827 domicilio

81 824 137 851 ſtellæ,
158 824 177 851 tot
190 824 225 851 ſunt
243 824 270 851 Dei
283 824 374 851 peruigiles
385 824 422 851 oculi
446 824 462 851 me
486 824 531 851 icſtcs
542 824 593 851 inno-

81 849 111 879 cent
121 849 143 879 i.
185 849 199 879 Tu
220 849 241 879 ſal
252 849 281 879 tem
300 849 337 879 hoc
351 849 457 879 extremum
484 849 548 879 munus
561 849 594 879 in-

84 873 177 905 dulgebis
197 873 305 905 morituro,
325 873 418 905 euocabis
441 873 483 905 mihi
500 873 551 905 vnum
574 873 591 905 ex

80 902 158 932 illibata
194 902 346 932 Chriſtianorum
379 902 433 932 gente
460 902 589 932 Pontificem,

83 916 109 956 cui
123 916 168 956 tuto
182 916 244 956 poſſim
267 916 369 956 conſcient
377 916 406 956 iam
431 916 465 956 meã
482 916 589 956 explicare.

116 957 163 985 LEO
176 957 198 985 N.
223 957 258 985 Cum
280 957 359 985 Arianis
381 957 482 985 Epiſcopis
497 957 541 985 licet
557 957 592 985 tili

83 983 99 1012 vt
120 983 173 1012 voles
189 983 293 1012 ſermones
312 983 421 1012 conferre,
437 983 472 1012 cum
493 983 592 1012 Romanis

234 1010 261 1058 ri
293 1010 308 1058 oc
324 1010 404 1058 rtoe
420 1010 452 1058 tvu
484 1010 532 1058 vtct
547 1010 595 1058 ·-

110 1063 197 1092 HERM.
224 1063 305 1092 Valeant
320 1063 341 1092 Ar
350 1063 389 1092 iani
404 1063 437 1092 tni,
452 1063 533 1092 quorum
554 1063 569 1092 eg
584 1063 590 1092 o

97 1088 191 1124 eſtiferam
219 1088 323 1124 doctrinam
351 1088 445 1124 cecror:
508 1088 532 1124 ihi
553 1088 588 1124 hoc

415 1118 415 1143 A
440 1118 468 1143 a
