671 1271
138 105 470 139 HERMENIGIILDVS.
534 105 566 139 39

105 133 162 162 Pnn.
175 133 185 162 I.
212 133 315 162 Proripuit
335 133 372 162 ſeſe
388 133 488 162 gladiator
505 133 561 162 vltri-

64 159 112 183 tibus
129 159 257 183 conſcientiæ
274 159 330 183 furiis
344 159 455 183 laceratus.

92 183 158 217 LEVIG.
194 183 239 217 Vade
254 183 320 217 ocyus,
340 183 349 217 &
367 183 403 217 cura
424 183 439 217 vt
454 183 457 217 è
472 183 511 217 fuga
532 183 559 217 re-

60 214 119 241 trahat
127 214 155 241 ur.

92 239 145 270 Pn1.
172 239 182 270 I.
212 239 281 270 Pergo,
301 239 328 270 ſed
345 239 358 270 tu
374 239 408 270 nex
421 239 501 270 interim
514 239 560 270 audi

57 255 162 297 infœlicem
196 255 266 297 Duriam
288 255 323 297 pro
348 255 424 297 domini
440 255 503 297 capite
519 255 563 297 ſup-

61 291 177 318 plicantem.

106 319 173 342 LEv1G.
196 319 226 342 Vbi
243 319 263 342 eſt

98 345 212 376 DVRIAS.
233 345 326 376 Amplect
338 345 356 376 or
374 345 377 376 ô
392 345 440 376 nex,
455 345 482 376 tua
503 345 557 376 genua

60 373 135 402 quando
155 373 180 402 nb
192 373 192 402 i
212 373 240 402 han
310 373 365 402 remam
387 373 430 402 aram
462 373 510 402 æleſtes
525 373 562 402 reli-

56 400 107 431 quere.
133 400 184 431 Satis
198 400 252 431 ſuper
263 400 297 431 que
314 400 351 431 tuæ
362 400 402 431 irac
407 400 453 431 undi
470 400 472 431 æ
487 400 555 431 tulmen

125 425 582 481 :X::::a:aa:.

56 481 112 510 motem
131 481 200 510 ereptus:
219 481 274 510 ORex
290 481 341 510 quem
365 481 394 510 per
405 481 495 510 ſequeris
530 481 562 510 pa-

56 504 80 538 rer
95 504 173 538 filium,
191 504 206 538 &
221 504 293 538 tantum
323 504 395 538 filium.
431 504 437 538 O
455 504 491 538 nex
506 504 557 538 quem

55 531 87 562 per
97 531 201 562 ſequeris?
226 531 337 562 principem
356 531 397 562 ſqua
409 531 460 562 llore
476 531 485 562 &
507 531 561 562 macie

52 558 174 588 confectum,
185 558 210 588 ſub
230 558 298 588 cilicio
309 558 323 588 &
340 558 450 588 catenarum
470 558 560 588 pondere

51 585 168 615 ingemiſcen
187 585 231 615 tem.
275 585 282 615 O
301 585 332 615 Rex
348 585 399 615 quem
418 585 563 615 perſequeris:

58 637 117 670 uini,
131 637 184 670 parce
197 637 369 670 innocentiſſimo
390 637 477 670 Princiii
519 637 561 670 arce

54 666 104 696 filio.
114 666 168 696 cuius
181 666 254 696 nullum
284 666 304 696 eſt
324 666 410 696 crimen,
430 666 467 696 niſi
480 666 534 696 quod
544 666 557 696 in

60 693 111 726 Deum
133 693 146 726 &
158 693 231 726 patrem
253 693 272 726 eſt
288 693 342 726 pius,
351 693 364 726 &
383 693 405 726 tua
421 693 493 726 fulmina
512 693 557 726 etiam

51 721 129 762 percuſus
145 721 189 762 colit.

83 748 122 778 LEV.
143 748 155 778 Qu
206 748 206 778 e
221 748 260 778 rapis
275 748 347 778 natura?
362 748 425 778 viciſti,
443 748 491 778 viuat
506 748 563 778 ſanus

54 761 162 804 Hermenig
171 761 225 804 ildus
247 761 304 804 meus,
313 761 364 804 quem
383 761 414 804 iam
437 761 509 804 conſtat
522 761 563 804 ini-

54 800 149 832 quiſſimis
165 800 272 832 calumniis
288 800 395 832 vexatum·
427 800 484 832 habes
506 800 557 832 Duria

51 827 104 862 quod
120 827 218 862 requiris,
228 827 294 862 perge,
303 827 373 862 aduola
388 827 398 862 in
420 827 531 862 carcerem,
546 827 559 862 &

51 854 171 895 poſtremum
189 854 231 895 fulm
252 854 261 895 en
291 854 327 895 meo
339 854 384 895 iuſſu
405 854 498 895 reprime.

85 880 132 912 DvR.
148 880 258 912 Eraſiſtrate
274 880 318 912 quid
331 880 397 912 luges?
421 880 484 912 Eraſiſt.
504 880 557 912 Lenta

50 898 92 937 ſunt
113 898 113 937 ô
131 898 173 937 Rex,
191 898 230 937 quæ
248 898 302 937 paras
320 898 422 937 remedia,
443 898 455 937 &
476 898 563 937 mortuis

101 962 167 990 LEv1c.
195 962 226 990 Tam
247 962 296 990 citòr

98 989 144 1017 Dv.
164 989 274 1017 Ocœlum:
294 989 297 1017 ô
317 989 337 1017 dij
370 989 373 1017 ô
390 989 463 1017 terra:ô
493 989 560 1017 inferit

51 1009 165 1046 Eraſiſtrare
181 1009 225 1046 quid
238 1009 412 1046 nuncis:videam
434 1009 475 1046 ego,
482 1009 561 1046 ample-

33 1041 457 1092 .::a:::::

47 1099 86 1125 nis,
98 1099 171 1125 tantus
188 1099 199 1125 &
214 1099 233 1125 tt
250 1099 307 1125 Regum
324 1099 375 1125 flius,
386 1099 420 1125 delib
431 1099 471 1125 atum
490 1099 502 1125 ex
538 1099 558 1125 le-

58 1123 61 1153 i
77 1123 121 1153 fenie
134 1123 191 1153 ſpiritũ
203 1123 248 1153 iuter
263 1123 336 1153 arniſiis
361 1123 415 1153 manus
431 1123 506 1153 rddidit.
