664 1231
140 75 466 106 HERMENIGIILDVS.
534 75 550 106 3S

64 102 156 133 reſciuit:
187 102 219 133 Deo
238 102 301 133 igitur
317 102 396 133 inquit,
409 102 450 133 ſolo
463 102 507 133 teſte
523 102 567 133 n-

62 129 104 158 riar.
116 129 161 158 Mox
176 129 209 158 pro
227 129 281 158 regni
302 129 329 158 tui
350 129 458 158 fœlicitare
482 129 557 158 multim

60 156 150 186 precatus
168 156 258 186 ceruiceim
279 156 366 186 præbuit
381 156 432 186 carni
441 156 477 186 ſici.

13 183 13 213 0
85 183 174 213 LEVIG.
193 183 199 213 O
215 183 249 213 flii
262 183 334 213 pietas,
341 183 394 213 inter
410 183 448 213 quæ
464 183 505 213 vota
524 183 552 213 cõ-

13 210 13 238 0
58 210 140 238 ſtitiſti:
160 210 253 238 oportuit
270 210 270 238 i
293 210 332 238 itur
352 210 389 238 odii
400 210 462 238 iantam
482 210 556 238 virtut:m

57 237 59 264 n
84 237 161 264 carniſicis
176 237 188 264 qn
201 237 236 264 idem
253 237 296 264 ſobri
313 237 340 264 man
355 237 358 264 u
378 237 462 264 concidere.
477 237 505 264 Hei
525 237 560 264 mihii

12 265 285 291 catena
133 265 180 291 iiu1m
236 265 236 291 &
285 265 320 291 ani
336 265 375 291 ea
368 265 410 291 Ia
475 265 559 291 aaaIunt.

10 289 184 319 2Denegatum
205 289 223 319 eſt
241 289 253 319 ei
271 289 357 319 vltiniuin
378 289 492 319 prædonum
513 289 561 319 ſola-

61 316 96 346 tiũ,
112 316 166 346 Ponti
175 316 216 346 ſicis
229 316 241 346 &
257 316 324 346 vxoris
340 316 428 346 fidinimę
447 316 564 346 culloquiũ,

58 343 186 373 imimanitate
200 343 254 373 pcius
280 343 299 373 me
333 343 382 373 quam
410 343 501 373 tortoris
526 343 563 373 gl--

62 370 89 399 dio
105 370 195 399 ſaucius,
222 370 262 399 mihi
278 370 334 399 tamen
355 370 369 399 &
382 370 438 399 rebus
459 370 499 399 meis
531 370 564 399 itæ

58 396 92 425 reli
103 396 154 425 quias
165 396 185 425 ac
202 396 307 425 hærentem
327 396 406 425 labellis
420 396 499 425 animam
522 396 561 425 ſan-

57 423 78 451 cti
86 423 102 451 ſ.
116 423 195 451 Iuuenis
209 423 318 451 impendit.
350 423 352 451 O
374 423 416 451 vetis
448 423 477 451 mni
488 423 555 451 purpura

52 451 119 477 nobilior
134 451 134 477 i
147 451 211 477 paterni
226 451 284 477 ſceleris
301 451 423 477 monnmentum
453 451 493 477 nunt
506 451 563 477 pater-

54 475 139 504 nidloris
153 475 221 504 numen.
244 475 340 504 Hermeni
363 475 400 504 ile
420 475 448 504 ſili
468 475 490 504 mi,
502 475 564 504 ſili
547 475 564 504 mi

56 503 218 531 Hermeniilde,
230 503 260 531 per
284 503 475 531 inuocentiiuos,
490 503 502 531 &
520 503 559 531 ſan-

57 530 150 558 ctiiſimos
170 530 229 558 manes
246 530 292 558 tuos
306 530 320 558 te
337 530 394 558 rog,
402 530 465 558 aſpice
482 530 536 558 deteſi
547 530 564 558 ã-

58 557 69 583 di
86 557 137 583 ſenis
152 557 259 583 canitiem,
273 557 307 583 tuo
321 557 367 583 Iicet
381 557 474 583 ſanguine
494 557 562 583 cruen-

13 582 13 610 ⸗
58 582 126 610 tatam.
151 582 168 610 In
185 582 211 610 hoc
222 582 247 610 iam
264 582 301 610 ſatis
324 582 346 610 miſ
363 582 363 610 r
375 582 417 610 ſum,
434 582 476 610 quod
488 582 561 610 ſteleſtior

13 609 78 638 eſe
92 609 117 638 nu
132 609 205 638 pſſum.
245 609 310 638 amus,
327 609 360 638 v1ſi
377 609 420 638 quid
434 609 488 638 reſtat
502 609 513 638 in
536 609 561 638 de-

83 635 146 667 ortuis
168 635 256 667 membris
272 635 348 667 halitus
367 635 490 667 exſugamus,
500 635 512 667 &
535 635 563 667 illi

58 662 83 693 vel
97 662 188 693 Ipiritum
207 662 281 693 impert
289 662 360 693 iaur,
380 662 405 693 vel
425 662 501 693 nortem
521 662 560 693 eius

57 692 92 723 ſuſc
102 692 102 723 i
111 692 200 723 piamus.

86 714 180 748 IGERD.
197 714 204 748 O
225 714 260 748 Rex
281 714 337 748 deſine
351 714 383 748 iam
407 714 463 748 ſilium
484 714 561 748 lugere,

56 742 146 773 quinimo
167 742 266 773 martyrem
290 742 392 773 venerare.
410 742 464 773 Mirũ
479 742 509 773 vbi
524 742 563 773 ſpi-

56 769 110 798 ritum
131 769 233 798 exhauſit,
248 769 260 798 &
272 769 284 798 in
304 769 358 798 lecto
373 769 454 798 funebri
469 769 559 798 colloca-

53 797 85 826 tum
109 797 130 826 eſt
146 797 234 826 cadauer.
245 797 368 826 ſuauiſſimus
386 797 450 826 vocum
474 797 559 826 concen-

53 822 83 853 rus
95 822 182 853 audiri,
212 822 335 853 mellitiſũmâ
356 822 554 853 ſymphonialocum

53 849 84 880 per
93 849 172 880 ſonare,
184 849 232 880 faces
249 849 291 880 circa
311 849 413 880 demortui
427 849 521 880 puluinar
535 849 560 880 le-

61 903 86 932 um
114 903 165 932 multa
182 903 224 932 luce
239 903 371 932 circunfuſum
391 903 476 932 vndique
495 903 560 932 collu-

58 929 104 967 cere:
127 929 167 967 Quid
180 929 230 967 iſtud
243 929 267 967 rei
280 929 297 967 ſit
310 929 386 967 neſcio,
400 929 433 967 niſi
449 929 516 967 cœlum
539 929 559 967 ad

54 956 127 989 honeſt
133 956 194 989 andas
216 956 304 989 martyris
320 956 415 989 reliquias
428 956 441 989 in
463 956 561 989 ergaſtulũ

55 983 202 1014 conſluxerit:
223 983 306 1014 Audiſne
318 983 381 1014 adhuc
393 983 447 1014 iſtius
462 983 558 1014 ſympho-

54 1008 89 1047 niæ
108 1008 228 1047 reliquias?
247 1008 308 1047 audi,
330 1008 342 1047 &
358 1008 431 1047 corpus
453 1008 539 1047 martyris

70 1039 123 1080 lacet
136 1039 222 1080 intuere.
