676 1235
132 79 462 111 HERMENIGILDVS.
522 79 554 111 3

48 104 98 136 anara
115 104 129 136 eſt
141 104 146 136 ſi
158 104 206 136 totum
225 104 369 136 Hermenigildum
383 104 434 136 rapit:
448 104 510 136 inuita
527 104 541 136 eſ

54 135 54 162 i
67 135 137 162 amorem
158 135 203 162 mtum
222 135 283 162 uvintit.
312 135 360 162 Certè
374 135 405 162 aut
421 135 472 162 vitam
501 135 547 162 meaim

52 161 174 190 exhauriet,
188 161 219 190 aut
236 161 270 190 tibi
293 161 395 190 extremos
412 161 494 190 ſpiritus
516 161 548 190 cum

44 186 107 216 anima
125 186 239 216 inſpirabo.
254 186 334 216 Suſcipe
352 186 373 216 me
388 186 481 216 princeps
502 186 553 216 opti-

55 210 78 243 me
89 210 149 243 atque
166 210 217 243 ſuaui
225 210 282 243 ſſime,
299 210 341 243 noli
358 210 449 243 mortuus
465 210 556 243 contem-

45 240 102 271 nere,
113 240 161 271 quem
187 240 240 271 viuus
257 240 305 271 ſanct
314 240 370 271 iſſimè
387 240 492 271 dilexeras;
517 240 554 271 miſ-

49 266 91 296 ceam
113 266 171 296 tecum
190 266 291 296 ſpiritum,
307 266 385 296 miſceam
411 266 497 296 cinetes,
515 266 548 296 non

53 293 129 327 oneroſa
149 293 200 327 ſanct
205 293 220 327 is
239 293 325 327 manibus
336 293 421 327 accedam
441 293 520 327 ſarcina.

96 319 186 351 LEVIG.
206 319 276 351 Eſferte
292 319 359 351 efferte
376 319 446 351 corpus
462 319 555 351 ſanctiſſi-

55 347 115 382 mum,
133 347 151 382 vt
163 347 169 382 d
181 347 235 382 inas
250 347 298 382 nege
316 347 397 382 martyre
412 347 505 382 exequias
526 347 553 382 in-

48 373 167 410 ſtauremus.

23 476 23 532 ᷓ
83 476 536 532 PROSPHONETICVM.

100 561 152 613 Sacer
168 561 187 613 ad
211 561 299 613 Sueros
311 561 390 613 iuuenis
410 561 426 613 qu
462 561 554 613 curribus

107 594 155 624 altis

98 618 201 667 Conſurgit
221 618 297 667 virtus,
317 618 327 667 &
351 618 404 667 mixta
427 618 554 667 potentibus

98 650 154 671 aſtris

50 667 77 706 Sub
98 667 185 706 pedibus
200 667 260 706 calcat
275 667 367 706 curuatas
385 667 466 706 fornice
478 667 550 706 nubes.

0 693 0 732 :
48 693 111 732 Impar
126 693 174 732 terra
189 693 225 732 fuit
240 693 303 732 tantis
318 693 441 732 virtutibus,
450 693 510 732 impar

8 723 8 742 1

53 729 149 759 Terrarum
167 729 284 759 imperium,
302 729 314 759 te
329 729 377 759 ſolis
389 729 452 759 lucida
467 729 551 759 templa,

52 742 67 786 Et
81 742 234 786 circumtextum
254 742 316 786 ſtellis
333 742 415 786 diadema
441 742 534 786 manebat.

67 770 160 812 ortunate
174 770 228 812 puer,
239 770 242 812 c
262 770 282 812 œli
302 770 420 812 quacunque
435 770 528 812 receptus

52 807 106 846 Parte
125 807 198 846 micas,
223 807 296 846 tantum
321 807 403 846 placidis
425 807 482 846 caput
498 807 552 846 exere

74 826 140 864 terris,

54 854 69 894 Tu
90 854 153 894 triſtes
168 854 228 894 canos
249 854 306 894 miſeri
321 854 384 894 ſolare
399 854 498 894 parentis,

54 879 72 926 Et
85 879 110 926 fac
124 879 141 926 te
155 879 228 926 orbatæ
242 879 301 926 ſydus
319 879 430 926 venerabile
447 879 507 926 genti.

265 988 387 1032 FINIS.
