673 1228
229 53 455 82 TRAGOEDIA.

566 66 595 89 183

286 83 408 113 VITAIS.

89 107 170 140 Magni,
179 107 305 140 Imperator,
317 107 410 140 pectnris
422 107 506 140 iuuenes
518 107 593 140 ſumus,

96 135 111 165 Et
129 135 180 165 oigna
204 135 207 165 c
228 135 255 165 œlo
270 135 362 165 ſapimus,
371 135 383 165 &
398 135 482 165 ſuperum
506 135 575 165 choro.

91 162 132 200 Hoc
151 162 230 200 quicqui
255 162 319 200 ambit
337 162 423 200 Phœbus
445 162 505 200 æterna
524 162 572 200 face,

98 188 117 220 llu
134 188 143 220 ſt
154 188 168 220 re
182 188 264 220 flammis
278 188 346 220 Nereo
360 188 457 220 promens
474 188 536 220 caput,

87 215 130 242 Non
155 215 226 242 implet
237 215 291 242 altos
311 215 379 242 mentis
396 215 444 242 excel
456 215 464 242 ſa
490 215 549 242 ſinus.

253 245 411 268 ARELIVS.

92 269 143 303 Vnde
158 269 203 303 ergo
221 269 284 303 cordis
305 269 383 303 mareuit
404 269 482 303 grandis
497 269 554 303 vigor

87 296 127 329 Non
152 296 183 329 vos
195 296 206 329 in
223 296 282 329 armis
305 296 316 329 Bi
327 296 392 329 ſones
404 296 488 329 portant
505 296 556 329 equi,

88 322 128 353 Non
150 322 258 353 emicantes
272 322 357 353 ſtellulis
374 322 382 353 fr
402 322 427 353 æni
441 322 523 353 iuuant,

86 347 125 384 Nec
139 347 182 384 læna
205 347 253 384 dulci
273 347 341 384 murice
352 347 434 384 ardens,
443 347 474 384 nec
491 347 550 384 decor

95 376 122 410 Tot
143 376 296 410 gemmularum,
308 376 353 410 quas
368 376 419 410 ferax
446 376 503 410 Gãges
521 376 590 410 vomĩt.

108 404 221 435 ALEXAND.
244 404 286 435 Hæc
308 404 365 435 ſparſa
388 404 430 435 fuco
450 404 540 435 congerit
560 404 588 435 re-

116 436 153 460 gum
181 436 255 460 manus,

112 456 219 484 Sortiſque
236 456 301 484 raptãt
318 456 417 484 volucris,
431 456 514 484 incertæ
528 456 587 484 vices.

113 482 220 513 Noscœlo
237 482 328 513 honores
345 482 436 513 quærim*
453 482 524 513 dinos
546 482 589 513 Deo.

84 509 166 539 AvnEL.
183 509 217 539 Vos
234 509 321 539 deſidetis
335 509 386 539 inter
400 509 493 539 impuros
510 509 572 539 canes,

122 535 122 564 i
134 535 239 564 ſorditati,
248 535 332 564 ſordidi,
341 535 395 564 tetri,
404 535 461 564 impii

95 562 187 594 Quærunt
203 562 298 594 Iatebras,
307 562 339 594 nec
351 562 405 594 iubar
421 562 465 594 ſolis
481 562 554 594 ferunt.

118 589 189 620 VITAL.
200 589 237 620 Non
265 589 321 620 otioſa
341 589 403 620 faertur
417 589 426 620 in
451 589 451 620 c
474 589 516 620 œlum
538 589 572 620 via,

111 616 184 647 Animo
193 616 201 647 ſa
221 616 292 647 virtus,
303 616 309 647 ſi
323 616 326 647 i
334 616 380 647 ubes
391 616 459 647 ferrum
485 616 544 647 exeri,

84 644 123 674 Age
138 644 192 674 verte
204 644 213 674 in
234 644 300 674 hoſtes
312 644 405 674 numinis
432 644 483 674 Qale
501 644 564 674 vvida,

84 670 141 703 Nube
155 670 229 703 irretoi
240 670 274 703 tum
294 670 359 703 fulgur
373 670 385 703 in
404 670 467 703 terras
484 670 529 703 ruit,

90 696 117 727 Per
132 696 177 727 tela,
186 696 201 727 &
213 696 270 727 ignes
285 696 363 727 obuium
381 696 423 727 pect
432 696 450 727 us
468 696 522 727 feram

92 724 167 753 Capacis
179 724 260 753 animiæ.
284 724 332 753 AvnR.
355 724 430 753 Pergire
445 724 460 753 vt
475 724 541 753 fortes
559 724 583 753 de-

122 756 155 772 cet.

83 776 155 808 MAnT.
179 776 218 808 Nos
239 776 346 808 militamus
364 776 445 808 maximo
463 776 511 808 regi.

89 802 164 833 AvnEL.
189 802 195 833 O
211 802 290 833 pudor:

93 830 126 859 Vos
147 830 237 859 militati
249 830 312 859 impio
330 830 438 859 cruciario.

93 857 132 886 VIT.
150 857 183 886 Hic
195 857 267 886 ſceptra
288 857 288 886 c
309 857 330 886 œli
345 857 444 886 temperat
465 857 582 886 eruciarius.

258 886 419 915 AVRELIVS.

86 911 125 935 Hoc
140 911 155 935 te
170 911 257 935 erudiuit
281 911 334 935 mater
349 911 409 935 inſana
424 911 445 935 ad
457 911 529 935 ſcelus.

234 940 237 968 A
258 940 423 968 LEXANDER.

89 964 152 1002 Scelus
165 964 203 1002 hoc
219 964 295 1002 videtur
311 964 352 1002 tibi,
368 964 409 1002 mihi
421 964 529 1002 ſapientia-

256 994 409 1020 AVRELIVS.

270 1017 508 1103 X

279 1046 401 1073 VITALIS.

433 1099 447 1123 M
478 1099 503 1123 iii
