682 1223
252 49 443 79 FEELICITAS

82 50 109 81 22

161 75 601 145 t:Xi:a:a:a::X..

81 132 118 162 Scis
138 132 262 162 Iinperator,
276 132 307 162 nec
330 132 378 162 meam
401 132 474 162 incuſas
491 132 556 162 fidem.

80 158 158 191 AvL.
182 158 188 191 O
206 158 248 191 quæ
260 158 326 191 libido
346 158 415 191 mortis
475 158 571 191 dementia

79 186 121 214 Non
142 186 169 214 hic
181 186 256 214 leænas
274 186 330 214 vrget
345 186 354 214 in
375 186 465 214 ſobolem
483 186 546 214 furor.

81 213 104 243 At
118 213 152 243 vos
166 213 256 243 parentis
270 213 327 243 inite
344 213 465 243 cerebroſum
490 213 552 243 caput.

86 241 152 270 Parete
170 241 260 270 monitis,
278 241 337 270 dulcis
355 241 373 270 eſt
391 241 436 270 vita,
454 241 469 270 &
481 241 556 270 breuis,

83 268 110 297 Ne
125 268 233 297 geſtientes
254 268 322 297 gloriæ
337 268 394 297 prima
415 268 454 297 face

82 295 151 324 Subite
166 295 196 324 nig
208 295 217 324 ri
244 295 316 324 Tartari
331 295 397 324 triſtes
415 295 493 324 domos.

83 321 143 352 ALx.
165 321 215 352 Etiam
238 321 304 352 Patere
320 321 411 352 verbulis
424 321 465 352 pect
475 321 494 352 us
516 321 576 352 putas

81 350 137 375 Miſer
158 350 161 375 q

224 349 253 378 egi
269 349 338 378 genere
351 349 382 378 non
404 349 477 378 dignum
502 349 549 378 meo,

90 375 104 404 Vt
127 375 149 404 Cæ
158 375 180 404 ſar
195 375 277 404 aniinos
297 375 373 404 molliat
387 375 455 404 blanda
472 375 540 404 prece,

82 403 195 432 Speretque
208 403 278 432 pecs
293 403 347 432 poſſe
360 403 436 432 blandit
455 403 467 432 js
483 403 521 432 capi

81 430 108 459 Ad
123 430 174 459 verba
192 430 270 459 ſuſus,
285 430 366 459 ſurdior
387 430 417 459 ſum
435 430 456 459 ad
474 430 564 459 verbera.

87 457 189 486 Exequere
213 457 282 486 Cæſar,
300 457 345 486 quid
357 457 420 486 nouas
435 457 498 486 nectis
519 457 579 486 moras

86 483 184 519 Exequere
209 483 279 519 Cæſar,
298 483 358 519 conde
383 483 405 519 me
424 483 434 519 in
466 483 545 519 fratrum
573 483 595 519 ſi-

129 514 185 542 num.

88 538 94 568 O
109 538 136 568 rer
151 538 202 568 heati
226 538 319 568 martyres
337 538 388 568 digni
403 538 463 568 polo,

82 565 181 594 Suſcipite
196 565 289 594 fratrem,
307 565 361 594 conſc
373 565 403 594 ium
430 565 487 594 vobis
502 565 574 594 caput,

79 592 117 623 ſQui
133 592 203 623 genere
222 592 282 623 veſter
298 592 326 623 eſt,
342 592 377 623 erit
396 592 456 623 veſter
472 592 516 623 ſide.

78 620 145 648 Animi
158 620 286 648 innocenres
300 620 385 648 ſyderum
409 620 454 648 pura
470 620 473 648 s
489 620 564 648 domos

79 646 110 676 Inc
122 646 184 676 olitis,
195 646 246 676 albis
266 646 379 676 martyrum.
396 646 427 676 mix
439 646 450 676 ti
470 646 546 676 choris.

80 673 173 707 Spectare
188 673 254 707 veſtræ
275 673 356 707 obſecro
377 673 488 707 relliquias
512 673 596 707 domus,

81 701 172 737 Spectate
191 701 271 737 veſtrum
296 701 429 737 ſanguinem,
454 701 537 737 veſtrum
568 701 597 737 de-

149 735 191 757 cus,

86 753 197 784 Felicitatis
209 753 293 784 viſcera,
311 753 323 784 &
338 753 395 784 caſtas
413 753 470 784 opes.

90 781 174 816 Germani
186 781 258 816 adeſte,
273 781 339 816 numen
366 781 486 816 intrepidus
507 781 600 816 ſequor,

90 807 216 842 Qacumque
231 807 291 842 ducit,
309 807 387 842 veſtrum
405 807 417 842 in
435 807 552 842 amplexum
579 807 594 842 e-

141 837 202 857 uolo.

79 862 157 892 Avn.
181 862 220 892 Quæ
241 862 274 892 dira
295 862 343 892 lucis
364 862 418 892 odia,
436 862 475 892 quæ
502 862 580 892 veſania

87 889 174 926 VITL,
195 889 234 926 Non
252 889 300 926 fract
309 889 330 926 us
345 889 354 926 in
381 889 402 926 me
417 889 426 926 ſi
447 889 489 926 ruat
510 889 600 926 mundiæ

145 919 241 945 (parens)

81 917 119 973 Non
140 917 147 973 ſi
165 917 252 973 cauernis
277 917 364 973 Tænui
378 917 438 973 nutet
452 917 553 973 fremens,

78 968 115 1000 Non
138 968 146 1000 ſi
163 968 237 1000 caterua
256 968 336 1000 peſtñim
358 968 443 1000 obſideat
463 968 528 1000 latus,

77 993 161 1032 Mutabo
182 993 260 1032 mentem
281 993 332 1032 quam
359 993 397 1032 mihi
424 993 511 1032 Chriſtus
526 993 592 1032 dedit.

78 1019 154 1053 AvRRL.
166 1019 202 1053 Ite,
217 1019 228 1053 &
245 1019 304 1053 ſecuri
318 1019 414 1053 peruicac
428 1019 442 1053 es
462 1019 541 1053 cædite,

77 1045 138 1074 ALEx.
165 1045 170 1074 O
189 1045 226 1074 Iæta
250 1045 319 1074 mortis
330 1045 410 1074 nuntial
450 1045 527 1074 niueum
554 1045 580 1074 diẽ

84 1068 179 1112 Vc.æc
194 1068 229 1112 vox
242 1068 264 1112 ad
277 1068 333 1112 aures
356 1068 416 1112 mellea
438 1068 513 1112 emanat
529 1068 596 1112 nen:.
