790 1317
527 56 679 104 a211
123 109 453 137 A e O5
69 112 607 170 2 V I M VS.
170 178 528 217 A R GVMENTVM.
272 241 683 285 E ſubactâ Ægypto triâ-
130 258 685 321 Nobanutus sapot, uaſis
229 304 614 348 ad urbem poſitis, mora-
305 344 600 378 tus erat aliquandiu,
299 368 681 415 dùm ſe cives, ut fit,
109 400 683 444 compararent, Aderat deſtinatus pom-
100 432 684 474 pæ dies. Præmiſſus itaque ab eo Arta-
104 466 685 506 vaſdes purpnratorum nobiliſſimus!
97 497 687 540 Scenam aperit, & pauca de Saporis
100 528 685 572 Iaudibus præfatus, civium alacritatem
95 559 685 604 miratur ex urbe ſe effundentium, Re-
110 592 680 632 gis igitur excipiendi negotium Surenè
101 626 686 665 fratri committens,lætus urbem ingre-
103 655 684 702 ditur. Vix diſceſſerat, cùm ptimus!
113 688 683 729 triumphantis exercitis ordo apparet:
112 718 686 763 inde ſpolia, devictarum urbiúm fer-
106 750 684 789 cula, & ante victoris currum, captivi,
118 780 686 823 Poſt hos curru ſublimi vehitur ore &!
116 812 686 853 habitu Saporis aſcito Angelus Prin-!
118 843 687 885 ceps Perſarum (ſic enim præſidé regni!
117 877 689 923 genium appellant ſacra eloquia)&!
119 907 611 948 Ochum impuberem Saporis filium ſe-
118 941 689 980 cum in currum invehens,; â Surenâ ci-!
119 970 687 1014 vibuſque ſalutatus, câ pompâ in ur-
111 1003 617 1044 bem, arcemq́uoregiam admittitur.
327 1095 693 1146 o 2 ScÆ-!
