657 1285
67 24 519 50 2ao LVDOVICI CBLLOTII
131 75 645 114 Saporis de Ægypto triumphum cants
240 108 467 135 choreis celebrat
104 154 642 201 A ORVS MILIT V N
177 200 538 221 TRIPVDIANTI V .
105 245 391 268 Icite ter io, ter io Pæan;
106 267 436 293 Temipora viridi cingite lauro.
65 291 390 317 9o In ſua ſalvus Regna Sapores,
105 315 377 341 In ſua victor Regna Sapores
104 339 421 360 Turmas domito ducit ab hoſte:
105 363 365 385 Dicite ter io, ter io Pæan.
129 385 418 410 Palmis alacres onerate manus
64 408 377 437 915 Sapor exuviis clarus opimis,
102 432 449 456 Hominum victor,. Divumque Sapo
103 454 409 479 hario Arſacidas orbe reducit:
103 478 358 498 Dicite ter io. ter io Pæan.
127 502 411 526 Periit luteo ventre Canopus,
62 524 387 550 S20 Latrare timet mutus Anubis,
103 547 391 573 Iacet æternum perditus Apis,
98 570 393 595 Ceſsâre meo monſtra Sapori:
100 593 352 614 Dicite ter io, ter io Pæan
126 617 410 642 Phario non ſic æquore victrie
42 638 378 670 52 Tua progenies Cyre revertit.
45 663 384 688 Non truncati ſic fraude ducis
99 685 383 711 Cecidit Babylon victa Dario.
100 708 357 733 Dicite ter io, ter io Pæan.
123 732 384 752 Millia centum millia mille
58 750 452 782 s Strata per amplos volvuntur agros:
99 778 417 804 Et qui Satrapæ; quiqdue Tribuni
96 801 418 826 Mento exanimes tetigere ſolum.
97 823 356 849 Dic ite ter io, ter io Pæan.
120 847 448 873 Non ſua Nilum purpura tinxit.
56 869 378 896 35 Et violento ſcandit inundans
96 893 364 918 vVortice juſſus. nec fœcundi
94 914 384 940 Cumulos limi ſparſit in arva:
93 938 347 959 Dicite ter io, ter io Pæan
116 961 413 986 uc B Iuvenes Martis alumni:
47 975 368 1009 V40 Huc agricolæ telluris amor:
92 1006 374 1031 Huc artiſicum dædala virtus,
90 1026 370 1055 In donn Sapor pretioſa fuit:
92 1048 351 1074 iclta ter io, ter lo Patan,
522 1121 649 1157 AC-
