691 1292
118 36 595 64 SAOR ADONITVSTRA. 4
7 58 473 84 In illa virtus, fors in ertorem impulit.
96 83 595 107 PR PERS. Eſto Artavaſdes liber: exonera manms
96 105 508 132 Præxaſpe vinclis: ſoſpitem huc ſiſti volo.
1 124 596 157 750 SVR. Mundi tuiq; domitor, O quàm animus ſtupet
94 150 500 178 Tardante linguâ ! quantus excitas coquit
94 174 499 199 ſtus medullas! Ecquis in grates Deum
1 183 25 202 ri
93 196 537 223 Pectus reſolvat? vincor, â ſuperi !ah pudet,
94 219 545 246 Pigetque ! quanquam qui ſolet, vincit Sapor.
1 242 499 271 257 Torrente non ſi rapidus eloquio in nivem
92 264 503 290 Liqueſcat Hermes, Cœlitum non ſi Pater
92 287 473 314 Omnes benigno charites effundat ſinu,
91 311 441 337 Æquare dona valeat. & Regi nihil
1 328 533 361 A Debere victus. Quid loquar primum Sapor,
1 352 531 387 A0 Quid aut ſupremum ? vita quandudum meos
92 380 513 405 Animabit artus, in tuum, Princeps, decus
92 403 508 430 Linguam reſolvet pulmo: Surenam Sapor
1 421 468 452 Modo cui tacere cogit, & cogit loqui.
93 447 578 474 PRPERS. Surena, quæ ſint pretia virtutis ſcio9
2 465 481 497 V 5 Ira munerari merita famulantum decet,
86 496 456 520 Prævaricatri ſi quibus non eſt fides,
1 510 503 545 SVR. Tui columina vivit Aſtyages throni.
1 536 537 567 1 Et clara Satrapim turba, quid fruſtrâ times?
1 560 588 586 2 PRINC. PERS. Vnde haud timendum ſuerat.
180 588 425 615 ASTYA. Agnoſco pater,
1 608 527 636 20 Agnoſco Superi, petitur hoc, petitur caput.
93 633 504 657 Egonâ ut parentis fraude degeneri audeam
89 657 498 682 Temrerare ſceptra natus? Aſtyagem Sapor
78 678 439 703 Timere potuit felle vipereo ſatum?
91 702 545 727 Reboate Cœli templa; ſed levius malum eſt:
1 720 459 748 29 Vindex per artus in faces. in fulmina
91 748 519 772 Danſatus æther currat etiamnum leve eſt:
90 771 469 795 Dehiſce tellus, da novo monſtro viam,
45 793 493 818 Et abominandum tartaro abſorbe caput:
90 817 458 841 Herui perire, genitor infidum putat;
23 839 435 864 o0 Me parricidam patris effecit timor.
76 861 580 888 PRPERS. Meliora fili: fabulam ſed quis dedit?
90 885 470 909 Aude profari. ſceptra quis finxit mea?
89 909 570 933 AST. Per ſancta Mithræ numina, & majus tuum
75 931 485 959 Rex magne Numen, juro, præſentes tua
28 954 448 980 305 Oculos imago tenuit: aut tibi adfui,
90 978 494 999 Vel adeſſe volui ; luminum ſi me, & meoe
88 1000 496 1025 Fefellit acies. mente peccatum eſt bonâ.
89 1023 511 1049 PRPES. Fari recuſas Otacuſtarum vigil
88 1047 534 1078 Quod cura notum faciet. Hoc curent volo.
1 1067 447 1093 310 Veniſſe Pharios fama legatos erat.
88 1084 583 1117 SVR. Hic ſtant ad aulæ liniua. P. PERS. A-
173 1116 298 1138 mitri placet.,
29 1132 433 1165 Ve vile nato Numen externi colait.
527 1158 583 1180 Ar.
