654 1287
65 48 546 81 252 LVDOVICI CELLOTII
109 97 645 138 ACTVS VARTVS.5
475 96 608 112 55V
189 152 539 191 A RGVMENT VM.
303 207 645 248 Ox ANE cum Aſtvs.!
170 241 211 272 D
171 245 646 297 p n Æ de violatâ fide Ma
302 278 648 311 gis datâ expoſtulan-!
304 310 648 342 tem, exani mat gravis!
303 340 649 370 nuntius de uxore, & ſ-
304 374 615 409 lio quos Magicus ignis
98 405 628 444 involvetat. Advolat ille ſcilicet ex-
116 437 651 476 templò, ut eos præſenti periculo eri-
115 466 610 507 piat. Sapor ex adverſo in ſcenam re-
115 498 648 542 greſſus è caſtris â flio ſalutatur grari
114 531 649 568 1nterrogatione & dubitatione ſimne
116 560 648 598 verè Rex, verè Sapor?! Cui cùm non
117 593 647 630 ſine indignatione fidem feciſſet er
118 625 645 664 corpore & membris: ſigna ex mentis
118 658 647 696 ſuperbiâ addit haud paulò certiora.!
118 687 647 726 Nam Amyntam inopinatò & ſeverè
119 719 647 758 de arrogantiâ ponendâ, gladioq́ue di-
117 752 617 789 vinæ juſtitiæ avertendo monentem,
119 783 646 820 mitâ pervicaciâ remittit in vincula, &
119 816 600 851 toti Chriſtianorum genti extrems
121 847 599 882 minitatur. Interim Roxanes, in ſum.
120 876 600 913 mâ trepidatione, ſervum filii veſtes
120 909 645 944 indutum, pro filio, ab incendio abſtu-
119 938 644 974 lerat: quo eventu in furias actus ſe
119 971 642 1006 ſub Saporis ipſius oculis confodit,
119 1003 641 1036 Vix expiraverat, cùm Datis ejus filius,,
118 1033 641 1098 eaifas
116 1095 640 1128 eadavere poſt multa in Saporem con-
114 1125 639 1163 itia, & ipſeſe, niſi prohiberetut, in-
481 1157 640 1189 terficeret
