708 1348
88 71 579 99 APOR ADMONITVS TRAG. a55
1 93 577 130 terficeret. Et hic iterum dubitandi
9 129 575 165 cauſæ Aſtyagi. Siquidem imperatam
1 159 575 193 â ſe Magorim cædem negat Sapor.
1 190 574 228 Ptolemæum de heneficio gratias agen-
19 223 574 254 tem hoſtiliter tractat. Sibi oblatum
9 251 575 286 Archimagum liberâ eſſe jubet. Cujus
4 285 576 319 5copiam nactus Aſtyages, digreſſo pa-
1 316 573 351 : tre, magicis ſacris â dæmone tantæ,
1 348 574 382 tamq́ue ſubitæ rei exitum poſtulat:â
1 379 573 414 quo tamen poſt conſumptam artem
1 410 576 447 2 Magus nihil auferre poteſt quam ob-
3 442 575 483 ſcurum, & incertum de Rep. reſpon-
1 475 166 516 ſum i.
73 530 525 561 S CENA PRIM A.
1 577 572 618 5 Queritur Roxanes contra fidem regia
189 609 455 643 interfectos eſſe Magos.
73 653 515 677 OoXANES. ASTYAGES.
1 685 560 724 Antum ſupinus ſorbeas, Princeps, probrum?
88 712 570 739 Tam inſignqe, tam palmare? ASrA. Mer?
204 738 343 761 Regi velis
8 755 509 787 Obſtare, quodq́ue graviùs extimulat. Patri?
74 782 557 808 ROAN. Regem putaris nulla cui conſtat fides?
1 805 563 831 5 5 AST. Imperia Regum quâ cadunt, faciunt fidem.
1 828 573 856 RxA. Ea juſſa debent cadere, quò inclinat fides.
3 851 572 885 5AST. Inclinnt arbitrium omne quo Reges trahunt.
75 875 574 899 ROX. Et quo trabuntur; ſervinnt queis imperant.
1 896 570 923 !AST. Servire veſtrum eſt: quidlibet Reges velint.
1 919 571 950 ROx. Sed honeſta, ſed non varia momento velint.
75 943 522 969 AST. Conſtanter eadem velle privatum puta.
1 960 538 992 ROx. Regale magis eſt velle conſtanter bona.
1 988 573 1020 5 AST. Ire in Senatum juſſeram? ROx. Qui te locus
76 1011 554 1036 Regemq́ue haberet. AST. Iuſſa ſecretus dedi.
1 1024 572 1060 5 ROX. Coram parente. AST. Potuit inflecti rigor
1 1050 468 1083 ! Privatâ in aulâ: tu tibi reliqua imputa-
1 1079 561 1106 5 RO. Sed dum hic ſedemus, pateris infami rogo
74 1104 449 1129 Vetuſta gentis nomina in cineres agi?
75 1124 505 1152 Tam fida Regi pectora? hen, Princeps, tibi
1 1146 452 1174 !0 Tot amica perdi capita ? ſubtexi vides
1 1169 445 1198 Vndante ſumoſydema illacmmabilis?
657 1168 705 1210 1
480 1189 573 1217 Aſt5t&
