654 1291
16 54 533 82 SAPOR ADMONITVSTRA. 215
1 100 525 140 A 2 V LAN IVS.
252 102 483 119 55 5 4 5
31 163 447 196 A R VMENTVM.
176 225 525 261 Oc50 igitur ſuper
219 256 521 290 câ re in urbe Concilio,
76 285 524 331 alternautibuſq, ſenten-
121 320 523 358 tiis, tandem decernitur,
66 351 524 384 cùm duos formâ & ha-
16 381 520 417 bitu ſimillimos Reges eſſe conſtaret,
18 414 521 448 eum qui triumphans in urbem admiſ-
22 444 521 479 ſus eſſet, dolo aliquo improviſo ten-
22 475 521 510 tandum. Itaque per ſpeciem negorii
25 507 520 541 publici in Senatum venire rogatus
25 538 520 573 Princeps Perſatum Angelus, bellè fu-
28 570 519 605 cum facit. Nam pluribus argumentis,
27 602 520 640 tanquàm ignatus ſe probari, poſt-
31 633 520 665 quam egregiè ſatisfecit, ſine cuncta-
33 665 521 698 tione ullâ Rex & Sapor, verus, ger-
38 696 567 730 manus à Patribus ſalutatur: alius au-
38 727 518 765 tem Magus, hoſtis, & perduellionis
38 758 570 791 reus judicatur. Sine morâ in Senatum
27 789 519 823 catenis onuſtus rapitur Sapor; ubi Su-
41 822 518 855 rena capitis ſententiam in cum pro-
44 852 516 888 nunciat, & ſupplicii exigendi curam
46 884 515 918 Artavaſdi demandat. Hic Sapor cum
47 915 517 950 omnes ſibi ad vitam præcluſos aditus
48 945 516 981 ſentit, citcunſpicere ſe tandemq́ue
1 978 519 1011 humani â ſe nihil alienum putares
49 1009 517 1042 Adeſt opportunè Amyntas qui eum
51 1037 518 1073 ſalubri palinodiâ ad anterroris ſuper-
1 1070 518 1103 biæ deteſtationem adduxit. Vix ſe ſub
55 1103 516 1137 potenti Dei manu humiliavit, cùm
33 1134 517 1176 ccce Princeps Perſarum, iam ſuâ, ia
307 1166 530 1198 S 2. Angeli
