1000 1743
330 68 541 118 COECUS
587 68 741 118 AMOR

140 77 156 114 32

392 133 396 161 E
432 133 662 161 UGENIIS.

176 154 251 217 Patrem
292 154 334 217 vidi
367 154 451 217 modo,
488 154 521 217 ſed
553 154 567 217 de
595 154 633 217 iſtâ
665 154 814 217 profectione
837 154 921 217 nullum

135 203 231 237 omnino
256 203 344 237 verbum
374 203 440 237 fecit.

412 243 650 271 IRENEUS.

167 275 259 323 Nullum
287 275 391 323 prorſus?
419 275 455 323 non
483 275 642 323 profieiſcetur
662 275 722 323 ergo.
758 275 782 323 At
806 275 826 323 at
846 275 926 323 videris

138 313 184 354 mihi
211 313 283 354 valere
314 313 383 354 minus
402 313 463 354 bene.
502 313 563 354 Pallet
578 313 651 354 facies,
670 313 785 354 languent
804 313 873 354 oculi,
896 313 927 354 de-

129 351 206 400 fluunt
229 351 301 400 genæ,
328 351 382 400 lubat
412 351 496 400 eervix,
519 351 603 400 vacillat
626 351 714 400 corpus,
741 351 756 400 &
779 351 809 400 vix
828 351 924 400 pedibus

141 386 219 426 nſiſtit.
267 386 354 426 Ægrotas
371 386 497 426 profectò,
531 386 627 426 Eugeni-

398 426 666 453 EUGENIUS.

175 457 235 493 Valeo
259 457 355 493 nimiùm
379 457 451 493 bene.

404 500 644 532 IRENÆUS.

176 525 280 570 Quorſum
304 525 336 570 iſta
360 525 443 570 ſpectat
471 525 551 570 oratio?
579 525 634 570 quid
654 525 754 570 obvertis
774 525 822 570 ora?

391 572 396 604 E
433 572 660 604 UGENIUS.

170 601 189 633 Ah

408 642 646 673 IRENÆUS.

170 672 278 717 Suſpiras.
314 672 358 717 Quis
382 672 454 717 novus
478 672 566 717 ſuſpiria
590 672 646 717 elicit
670 672 746 717 dolor?
778 672 862 717 tametſi
886 672 922 717 no-

134 714 169 755 vus
188 714 226 755 non
257 714 291 755 eſt.
326 714 345 755 Ex
368 714 410 755 quo
433 714 506 755 ferme
525 714 540 755 in
571 714 624 755 hane
651 714 724 755 urbem
758 714 823 755 veni,
858 714 873 755 &
900 714 911 755 in

129 750 183 792 iſtam
210 750 279 792 intuli
298 750 374 792 pedem
409 750 520 792 domum,
554 750 570 792 te
604 750 696 792 mœrore
723 750 799 792 confici
818 750 837 792 &
857 750 910 792 luctu

131 788 241 835 tabeſcere
263 788 362 835 adverti.
406 788 486 835 Cauſam
519 788 596 835 rogare
622 788 659 835 ſum
699 788 794 835 veritus,
824 788 842 835 at
860 788 919 835 nune

128 821 184 858 fare,
216 821 295 858 quæſo.
327 821 378 858 quid
398 821 430 858 ſit.

391 863 657 889 EUGENIUS.

175 895 221 932 Ouin
244 895 320 932 potiùs
343 895 419 932 omitte
438 895 549 932 quærere.

399 935 639 971 IRENES.

166 961 190 1015 An
214 961 298 1015 refugit
314 961 406 1015 animus
426 961 486 1015 quod
510 961 574 1015 eelat,
598 961 618 1015 id
646 961 666 1015 me
690 961 754 1015 eoram
786 961 874 1015 eloqui?
890 961 910 1015 an

134 1004 209 1033 diffidit
242 1004 299 1033 mihi?

383 1045 387 1072 E
463 1045 655 1072 GENIUS.

165 1071 257 1113 Nemini
272 1071 307 1113 tam
326 1071 375 1113 ſidit
391 1071 482 1113 animus
501 1071 563 1113 quàm
582 1071 628 1113 tibi.
658 1071 757 1113 Sedenim
780 1071 834 1113 quid
845 1071 914 1113 prod-

131 1111 154 1159 eſt
189 1111 281 1159 dolorem
311 1111 434 1159 obductum
468 1111 556 1159 vulgare
583 1111 675 1159 verbis,
702 1111 709 1159 ſi
732 1111 809 1159 neque
835 1111 912 1159 dolebo

135 1149 216 1187 minùs,
249 1149 263 1187 &
282 1149 293 1187 tu
322 1149 406 1187 dolebis
436 1149 512 1187 magis.

398 1188 597 1214 IRENEU
628 1188 643 1214 S.

166 1217 206 1268 Erit
226 1217 266 1268 hoe
282 1217 350 1268 ſaltem
378 1217 474 1268 ſolatium
502 1217 514 1268 in
538 1217 614 1268 luctu,
642 1217 734 1268 amieum
762 1217 822 1268 quod
834 1217 918 1268 habeas

124 1257 164 1285 tuis
187 1257 347 1285 condolentem
384 1257 450 1285 malis.

390 1297 656 1323 EUGENIUS.

170 1327 242 1358 Durum
273 1327 288 1358 &
307 1327 365 1358 triſte
384 1327 506 1358 ſolatium.

396 1368 637 1394 IRENEUS.

174 1396 186 1447 Ut
207 1396 228 1447 ut
245 1396 282 1447 eſt,
311 1396 361 1447 age.
386 1396 494 1447 loquere.
527 1396 623 1447 Eugeni,
652 1396 673 1447 ne
698 1396 789 1447 verere,
810 1396 872 1447 quod
893 1396 910 1447 te

121 1434 224 1472 ſolticitat
246 1434 264 1472 &
286 1434 363 1472 crueiat
385 1434 422 1472 hoc
440 1434 517 1472 uperi,
547 1434 561 1472 &
583 1434 693 1472 conerede
719 1434 777 1472 mihi.

385 1475 653 1503 EGENIS.

160 1506 204 1545 Ahl
232 1506 303 1545 paterl
331 1506 390 1545 puter
