1000 1743
330 87 537 119 COECUS
580 87 733 119 AMOR

134 87 150 123 34

138 137 210 184 Verùm
233 137 249 184 an
276 137 291 184 tu
318 137 367 184 ſatis
383 137 444 184 filius
471 137 609 184 obſequens?
639 137 716 184 nonne
731 137 819 184 illorum
846 137 858 184 es
869 137 926 184 ado-

127 177 246 219 leſcentum
274 177 295 219 ex
316 177 431 219 numero,
449 177 484 219 qui
508 177 540 219 vix
550 177 575 219 ad
592 177 735 219 altitudinem
767 177 833 219 cubiti
854 177 924 219 excre-

134 212 193 256 vere,
226 212 263 256 cùm
292 212 321 256 ſui
343 212 398 256 juris
417 212 453 256 eſſe
479 212 567 256 volunt,
593 212 607 256 &
622 212 695 256 agunt
721 212 791 256 omnia
813 212 915 256 arbitratu

134 248 176 292 ſuo.
229 248 344 292 Parentum
379 248 482 292 conſilia,
517 248 594 292 monita
624 248 690 292 nihili
716 248 816 292 faciunt,
854 248 927 292 rident

135 284 193 325 etiam
220 284 277 325 quaſi
296 284 331 325 jam
358 284 396 325 ipſi
415 284 500 325 ſapiant
523 284 645 325 plurimùm
676 284 691 325 &
714 284 810 325 delirent
837 284 925 325 patres?

127 322 149 365 ac
171 322 193 365 ne
211 322 273 365 plura
295 322 430 365 interrogem
470 322 547 365 nonne
565 322 620 365 facto
639 322 730 365 aliquo,
759 322 788 365 vel
814 322 873 365 dicto
887 322 920 365 pa-

129 357 214 404 ternum
246 357 363 404 offendiſti
378 357 499 404 animum,
532 357 546 404 &
561 357 579 404 ab
605 357 681 404 amore
703 357 725 404 ad
751 357 820 404 odium
846 357 923 404 tradu-

135 396 200 424 xiſti?

393 434 659 461 EUGENIUS.

176 465 232 508 Deum
260 465 332 508 luctûs
360 465 396 508 mei
412 465 519 508 conſeium
543 465 623 508 teſtor,
643 465 699 508 nihil
714 465 782 508 feciſſe
806 465 830 508 me
854 465 918 508 ſeien-

131 505 186 550 tem,
219 505 248 550 vel
270 505 354 550 dixiſſe,
384 505 446 550 quod
464 505 574 550 tantillùm
604 505 732 550 offenderet
750 505 846 550 patrem.
871 505 919 550 Imò

129 542 184 589 nihil
206 542 265 589 omiſi
287 542 327 589 quo
345 542 480 589 benevolum
510 542 597 589 facerem
638 542 689 589 mihi.
725 542 835 589 Blanditus
857 542 915 589 ſum,

131 578 254 615 obſecutus
269 578 281 615 in
315 578 434 615 omnibus;
461 578 526 615 ſlevi,
553 578 680 615 ſuſpiravi;
706 578 837 615 blanditias,
864 578 921 615 obſe-

132 614 191 654 quia,
220 614 297 654 fletus,
327 614 418 654 ſuſpirias
440 614 572 654 contempſit
602 614 649 654 mea.
682 614 719 654 Ille
741 614 770 654 vix
796 614 818 654 me
844 614 921 654 digna-

128 651 161 692 tur
180 651 275 692 alloqui.
308 651 377 692 Filium
403 651 501 692 appellat
523 651 651 692 nunquam.
691 651 754 692 Usquè
772 651 827 692 adeo
849 651 914 692 patris

128 688 165 733 non
191 688 256 733 ſolùm
293 688 359 733 mores
381 688 395 733 &
414 688 534 733 animum,
567 688 596 733 ſed
618 688 637 733 &
655 688 721 733 ipſum
750 688 827 733 nomen
863 688 914 733 velle

131 724 219 765 videtur
245 724 370 765 deponere.

401 761 642 788 IRENEIS.

163 793 195 832 Sic
212 793 275 832 ſunt,
300 793 321 832 ut
341 793 422 832 amici,
446 793 471 832 ita
492 793 565 832 patres
586 793 670 832 quidam
698 793 712 832 in
732 793 834 832 amiando
855 793 911 832 ſeve-

129 831 206 878 riores,
234 831 356 878 blunditias
377 831 450 878 neqne
464 831 589 878 adhibent,
617 831 687 878 neque
704 831 847 878 adinittunt:
872 831 910 878 ſive

127 867 147 904 ita
170 867 212 904 fert
227 867 365 904 ingenium,
391 867 433 904 ſive
453 867 476 904 ita
499 867 571 904 ſuadet
594 867 659 904 ratio.

391 905 395 933 E
471 905 655 933 GENIS.

167 938 209 986 Non
236 938 259 986 ita
274 938 313 986 fert
328 938 446 986 ingenium
473 938 549 986 patris.
595 938 698 986 Philotam
725 938 809 986 fratrem
843 938 904 986 meum

127 975 193 1015 hobet
212 975 223 1015 in
256 975 351 1015 deliciis,
384 975 446 1015 geſtat
465 975 479 1015 in
509 975 589 1015 oculis,
615 975 703 1015 palpat,
729 975 861 1015 blanditur,
883 975 915 1015 pe-

129 1013 232 1060 cuniam,
258 1013 338 1060 veſtes,
371 1013 386 1060 &
404 1013 492 1060 quidem
525 1013 668 1060 ſplendidas,
697 1013 788 1060 largitur
814 1013 913 1060 afſatim,

131 1049 238 1086 quodque
260 1049 289 1086 his
304 1049 370 1086 lonęè
392 1049 461 1086 pluris
483 1049 549 1086 facio,
575 1049 670 1086 amorem
703 1049 751 1086 huic
777 1049 843 1086 totum
876 1049 912 1086 im-

125 1087 190 1122 pertit
212 1087 288 1122 ſuum.

405 1119 642 1150 IRENEIS.

160 1155 237 1201 Sentio
256 1155 275 1201 te
294 1155 367 1201 parum
390 1155 481 1201 liberali
496 1155 527 1201 uti
546 1155 619 1201 patre;
649 1155 668 1201 at
691 1155 726 1201 non
752 1155 802 1201 ideo
825 1155 905 1201 patrem

124 1194 191 1223 odiſſe
211 1194 239 1223 fas
262 1194 298 1223 eſt.

384 1231 650 1268 EUGENIUS.

168 1265 248 1309 Oderim
274 1265 354 1309 patrem
398 1265 486 1309 potiùs,
504 1265 537 1309 ali
559 1265 629 1309 potiùs
647 1265 727 1309 oderim
749 1265 819 1309 lucem
859 1265 907 1309 amo

122 1302 222 1337 patrem,
246 1302 342 1337 Irenæe,
369 1302 395 1337 vel
422 1302 515 1337 durum,
538 1302 568 1337 vel
585 1302 764 1337 inelementem,
791 1302 818 1337 vel
834 1302 908 1337 infen-

123 1336 160 1381 ſum
197 1336 251 1381 mihi.
288 1336 354 1381 Amo,
372 1336 445 1381 neque
463 1336 540 1381 amare
566 1336 668 1381 deſinam.
701 1336 741 1381 Sed
760 1336 792 1381 heu
840 1336 898 1381 quàm

131 1373 226 1417 miſerum
255 1373 277 1417 eſt
321 1373 376 1417 quàm
405 1373 526 1417 acerbum,
555 1373 602 1417 odio
624 1373 672 1417 eſſe,
701 1373 741 1417 cum
774 1373 858 1417 diligas,
891 1373 906 1417 &

120 1409 150 1446 illi
169 1409 208 1446 eſſe
227 1409 276 1446 odio
296 1409 299 1446 à
319 1409 361 1446 quo
384 1409 445 1446 diligi
472 1409 560 1446 maximè
586 1409 644 1446 velis.
674 1409 739 1446 Verba
758 1409 831 1446 ultima
850 1409 862 1446 fir
873 1409 908 1446 an-

125 1445 182 1480 gunru
218 1445 362 1480 ſigultibus,
402 1445 415 1480 &
438 1445 531 1480 deſinunt
548 1445 558 1480 in
588 1445 708 1480 lucras,
731 1445 745 1480 &
771 1445 861 1480 debeas.

396 1482 635 1510 IRENEUUS.

163 1517 281 1559 Compeſee
300 1517 423 1559 lacrmas,
453 1517 556 1559 Eugeni:
587 1517 732 1559 calamitatem
759 1517 812 1559 tuam
843 1517 904 1559 reſpi-

954 1715 978 1740 i
