1000 1743
313 87 738 119 COECUS AMOR
122 87 168 123 4
93 137 984 184 Verùm an tu ſatis filius obſequens? nonne illorum es ado-
123 177 985 219 leſcentum ex numero, qui vix ad altitudinem cubiti excre-
125 212 986 256 vere, cùm ſui juris eſſe volunt, & agunt omnia arbitratu
127 248 985 292 ſuo. Parentum conſilia, monita nihili faciunt, rident
125 284 983 325 etiam quaſi jam ipſi ſapiant plurimùm & delirent patres?
125 322 983 365 ac ne plura interrogem, nonne facto aliquo, vel dicto pa-
124 357 982 404 ternum offendiſti animum, & ab amore ad odium tradu-
124 396 202 424 xiſti?
380 434 662 461 EUGENIUS.
161 465 977 508 Deum luctſs mei conſcium teſtor, nihil feciſſe me ſcien-
125 505 982 550 tem, vel dixiſſe, quod tantillùm offenderet patrem. Imò
124 542 982 589 nihil omiſi quo benevolum facerem mihi. Blanditus ſum,
125 578 925 615 obſecutus in omnibus; flevi, ſuſpiravi; blanditias, obſe-
123 614 924 654 quia. fletus, ſuſpiria contempſit mea. Ille vix me digna-
123 651 980 692 tur alloqui. Pilium appellat nunquam. Usquè adeo patris
123 688 980 733 non ſolùm mores & animum, ſed & ipſum nomen velle
122 724 374 765 videtur deponere.
396 761 649 788 IRENÆUS.
159 793 918 832 Sic ſunt, ut amici, ita patres quidam in amando ſeve-
121 831 978 878 riores, blanditias neque adhibent, neque adinittunt: ſive
121 867 667 904 ita fert ingenium, ſive ita ſuadet ratio.
369 905 658 933 EUGENIUS.
161 938 977 986 Non itafert ingenium patris. Philotam fratrem meum
122 975 919 1015 habet in deliciis, geſtat in oculis, palpat, blanditur, pe-
124 1013 976 1060 cuniam, veſtes, & quidem ſplendidas, largitur affatim,
122 1049 971 1086 quodque his lonè pluris facio, amorem huie totum im-
120 1087 297 1122 pertit ſuum.
397 1119 645 1150 IRENÆUS.
154 1155 974 1201 Sentio te parum liberali uti patre; at non ideo patrem
117 1194 304 1223 odiſſe fas eſt.
374 1231 658 1268 EUGENIUS.
155 1265 976 1309 Oderim patrem! potiùs, ah! potiùs oderim lucem! amo
119 1302 913 1337 patrem, Irenæe, vel durum, vel inclementem, vel infen-
118 1336 976 1381 ſum mihi. Amo, neque amare deſinam. Sed leu! quàm
118 1373 975 1417 miſerum eſt! quàm acerbum, odio eſſe, cum diligas, &
117 1409 969 1446 illi eſſe odio à quo diligi maximè velis. Verha nltima fran-
115 1445 870 1480 Puntur ſingultibus, d deſinuut in lacrymas, & debeas,
387 1482 638 1510 IRENÆUS.
145 1517 972 1559 Compeſce lacrmas, Rugeni: calamitatem tuam reſpi-
1 1697 109 1741 t
855 1715 997 1740 il
