1000 1743
300 72 735 121 cOECUS AMOR
111 76 149 115 4.
309 122 718 169 CASTOROPOLA.
123 159 917 213 Omnino. Alterum poſtulaſti nudum & inornatum, den,
111 196 980 253 ſum & bene ſtipatum, qui ætatem & ſenium ferre poſſit;
52 231 278 272 hic talis eſt.
364 276 671 314 PaYRICIUS.
115 306 665 346 He! fortaſſe quidem. Alter verò...
317 347 714 387 CASTOROPOLA
145 379 916 432 Alterum voluiſti nitidum, elegantem, & ſplendidè or
55 414 576 461 atum. Talem iſtum exhibeo.
358 458 668 496 PTRICIUS.
145 487 657 534 legantius quid volui & ſplendidius.
311 530 714 566 CASTOROPOLA.
132 556 982 615 Nihil in urbe, vel in aulâ elegantius videris aut ſplen,
107 593 909 645 didius. Iſtam intuere criſtam mollem, patulam, coman-
106 635 982 692 tem, niveam, iſtum contemplare limbum auro contextum
103 669 913 721 puriſſmo, punctis diſtinctum eminentibus, & opere hiſpa-
104 705 613 749 nico denticulatum. An non probas?
299 744 660 782 PATRICIUS.
141 776 980 836 Non planè improbo; ſed vereor ne iſte pileus ornand
104 813 606 859 Philotæ capiti non ſit idoneus ſatis.
255 854 705 898 CASTOROPOLA.
139 888 788 932 Ne verere: ſi dubitas, in ejus capite experire.
320 923 664 968 PATRICIUS.
140 960 976 1013 Hn meo priùs experiar capite. Petaſum ſuo imponit capi
101 994 889 1049 ij. Quid cenſes, Irenæe? an iſte petaſus me ornat ſatis?
329 1038 630 1077 IRENÆUS.
136 1066 548 1113 Quin imò te ornat nimis.
312 1106 660 1147 PATRICIUS.
135 1140 914 1189 Cum effem junior, gaudebam iſtis elegantibus capitis
93 1179 971 1224 rnamentis; hunc igitur petaſum Philotæ, illum Eugenio
97 1211 900 1262 trade, Caſtoropola. Utriusque pretium ſubinde accipies.
97 1260 884 1314 &a a x aa,.! x x
221 1301 716 1360 SCENA IV.
169 1357 817 1401 PATRICIUS, IRENÆUS.
366 1414 618 1444 IRENÆUS.
90 1440 896 1494 PATUEinter liberos ſtatuis diſcriminis, Patrici
99 1473 894 1535 ut alteri ſplendidum ac ſuperbum capitis tegmen, al
86 1513 643 1560 teri nudum ac prope ſordidum deſtines.
847 1710 998 1740 tâ
150 1709 261 1736 t&
