1000 1743
319 72 729 121 COECISAMOR

128 76 128 115 1

322 122 325 169 C
355 122 709 169 ASTOROPOLA.

164 159 267 213 Omnino.
297 159 397 213 Alterum
420 159 538 213 poſtulaſti
553 159 633 213 nudum
660 159 675 213 &
691 159 843 213 inornatum,
862 159 908 213 den-

118 196 158 253 ſum
186 196 202 253 &
222 196 278 253 bene
298 196 422 253 ſtipatum,
442 196 478 253 qui
506 196 577 253 ætatem
609 196 625 253 &
645 196 725 253 ſenium
753 196 813 253 ferre
833 196 909 253 poſfit:

116 231 151 272 hic
169 231 214 272 talis
236 231 272 272 eſt.

378 276 664 314 PATRICIIS.

158 306 198 346 Hel
226 306 318 346 fortafſe
338 306 438 346 quidem.
466 306 526 346 Alter
550 306 662 346 verò...

330 347 711 387 CASTOROPOLA.

151 379 251 432 Alterum
281 379 373 432 voluiſti
388 379 507 432 nitidum,
534 379 675 432 elegantem,
702 379 717 432 &
732 379 851 432 ſplendidè
878 379 908 432 or.

115 414 206 461 natum.
244 414 301 461 Talem
328 414 389 461 iſtum
420 414 530 461 exhibeo.

368 458 372 496 P
398 458 657 496 ATRICIS.

158 487 287 534 Elegantius
304 487 358 534 quid
383 487 441 534 volui
466 487 479 534 &
500 487 654 534 ſpolendidius.

322 530 705 566 CASTOROPOLA.

150 556 211 615 Nihil
230 556 245 615 in
268 556 337 615 urbe,
368 556 398 615 vel
417 556 429 615 in
456 556 501 615 aulâ
528 556 654 615 elegantius
677 556 757 615 videris
773 556 811 615 aut
834 556 903 615 ſplen-

118 593 195 645 didius.
227 593 286 645 Iſtam
307 593 401 645 intuere
422 593 503 645 criſtsm
541 593 642 645 mollem,
670 593 782 645 patulam,
813 593 901 645 coman-

110 635 170 692 tem,
191 635 296 692 niveam,
313 635 376 692 iſtum
404 635 562 692 contemplare
579 635 670 692 limbum
691 635 747 692 auro
765 635 894 692 contextum

113 669 243 721 puriſſimo,
270 669 362 721 punctis
385 669 511 721 diſtinctum
534 669 702 721 eminentibus,
725 669 741 721 &
756 669 817 721 opere
833 669 901 721 hiſpa-

110 705 160 749 nico
183 705 363 749 dentieulatum.
390 705 413 749 An
443 705 482 749 non
509 705 604 749 probas?

363 744 366 782 P
393 744 607 782 ATRICIU
637 744 656 782 S.

147 776 189 836 Non
216 776 277 836 planè
296 776 422 836 improbo;
449 776 483 836 ſed
510 776 587 836 vereor
606 776 629 836 ne
648 776 682 836 iſte
701 776 774 836 pileus
797 776 900 836 ornando

118 813 206 859 Philotæ
229 813 293 859 capiti
316 813 354 859 non
381 813 400 859 ſit
423 813 518 859 idoneus
537 813 598 859 ſatis.

312 854 316 898 C
345 854 613 898 ASTOROPO
646 854 701 898 LA.

143 888 175 932 Ne
199 888 287 932 verere:
315 888 322 932 ſi
350 888 448 932 dubitas,
472 888 486 932 in
514 888 556 932 ejus
577 888 643 932 capite
668 888 783 932 experire.

363 923 657 968 PATRICIUS.

146 960 158 1013 Hn
192 960 234 1013 meo
253 960 315 1013 priùs
334 960 433 1013 experiat
456 960 532 1013 capite.
571 960 659 1013 Petaſum
682 960 712 1013 ſuo
731 960 823 1013 imponit
846 960 888 1013 capi

107 994 127 1049 ti.
169 994 218 1049 Quid
241 994 326 1049 eenſes,
352 994 448 1049 Irenæe?
475 994 490 1049 an
517 994 555 1049 iſte
574 994 662 1049 petaſus
689 994 712 1049 me
735 994 796 1049 ornat
815 994 876 1049 ſatis?

412 1038 576 1077 RENEU
602 1038 621 1077 S.

157 1066 199 1113 Quin
224 1066 266 1113 imò
291 1066 307 1113 te
328 1066 391 1113 ornat
407 1066 491 1113 nimis.

359 1106 649 1147 PATRICIUS.

148 1140 192 1189 Cum
221 1140 276 1189 eſfem
302 1140 393 1189 junior,
430 1140 547 1189 gaudebam
580 1140 624 1189 iſtis
653 1140 792 1189 elegantibus
822 1140 895 1189 capitis

120 1179 267 1224 rnamentis;
293 1179 351 1224 hune
370 1179 443 1224 igitur
461 1179 556 1224 petaſum
586 1179 688 1224 Philotæ,
706 1179 765 1224 illum
794 1179 890 1224 Eugenio

104 1211 176 1262 trade,
215 1211 364 1262 Caſtoropola.
414 1211 529 1262 Utriusque
556 1211 648 1262 pretium
675 1211 767 1262 ſubinde
782 1211 893 1262 aeeipies.

171 1260 561 1314 At*.A.*XX..*X
626 1260 626 1314 .
656 1260 847 1314 XXXXXXX

294 1301 300 1360 S
372 1301 587 1360 CENA
671 1301 719 1360 IV.

189 1357 513 1401 PATRICIUS.
554 1357 817 1401 IRENÆUS.

372 1414 614 1444 IRENAUS.

142 1440 311 1494 ANTMNE
330 1440 388 1494 inter
411 1440 491 1494 liberos
518 1440 594 1494 ſtatnis
613 1440 767 1494 diſeriminis,
797 1440 874 1494 Patrici

151 1473 174 1535 ut
193 1473 259 1535 alteri
278 1473 423 1535 ſplendidum
446 1473 469 1535 ae
488 1473 607 1535 ſuperbum
637 1473 714 1535 capitis
733 1473 836 1535 tegmen,
859 1473 875 1535 al

92 1513 131 1560 teri
150 1513 230 1560 nudum
257 1513 280 1560 ac
299 1513 368 1560 prope
387 1513 498 1560 ſordidum
529 1513 636 1560 deſtines.

41 1696 67 1741 i
