1000 1743
358 79 627 110 PATRUM.
855 83 888 121 9I
81 127 892 169 prout hæc vel illa facies obvertitur: egregiè philoſopharis,
12 168 840 204 & peritè. Vis ergo amari filium qui non ſit amabilis.
326 205 613 241 IRENÆUS.
121 239 892 276 Annon hac ipsâ re amabilis eſt quod filius eſt? non ſatis
16 276 893 319 eſt miſerum adoleſcentem ſuis onerari vitiis, & ſæpe qui-
13 297 893 354 dem à parente transmiſſis, Patricius aperit caput, gra-
88 350 893 399 tias agit, quaſi hæc verba ad ſe pertineant, niſi parentis
89 389 272 417 odio laboret.
308 425 646 453 PATRICIUS.
123 462 895 506 Filius oneratur vitiis à parente transmiſſis. Egregiis me
13 490 368 539 ſanè ornas laudibus.
363 535 613 563 IRENÆUS.
125 569 895 611 Quæ dico, ea de te vel de Eugenio cave dicta exiſtimes.
89 606 950 646 Habet ille profectò, quod ametur; neque adoleſcentem
91 642 901 685 alium facilè reperias quem blandiore oculo natura reſpe-
92 680 171 706 xerit.
340 716 653 746 PATRICIUS.
131 749 531 781 Non ceſſabis laudare vitium?
374 791 624 818 IRENÆUS.
131 821 904 861 Virtutem laudo. Sed noli efferveſcere; amas Philotam
94 859 196 889 nonne?
339 898 652 929 PATRICIUS.
135 933 902 975 Amo certè, & eſt amore dignus adoleſcens. Adoleſcens
99 968 903 1009 nimirum! adoleſcens. Vah! illum peræque tibi ac mihi
100 1006 388 1041 notum eſſe oportuit.
377 1045 630 1074 IRENÆUS.
137 1076 904 1118 Mihi fortaſſe magis notus eſt quàm tibi, quid autem
103 1111 868 1156 in illo tam eximium vides, quod in Eugenio requiras?
340 1152 650 1182 PATRICIUS.
135 1185 905 1226 Video... video... omnia. Elegans eſt, urbanus, co-
105 1221 906 1271 mis, lepidus, ingenioſus. Amat me præterea. Amat...
106 1255 375 1293 oh! nihil ſupra.
385 1297 640 1326 IRENÆUS.
145 1327 935 1369 Amore illi non concedit Eugenius, hoc certò affirma-
109 1364 222 1393 re licet.
355 1406 664 1435 PATRICIUS.
145 1435 908 1479 Eugenius nempe, Eugenius. Num ſemel amplexus pe-
113 1471 632 1507 tiit meos? num hlanditus eſt? num?.
379 1513 633 1540 IRENAUS.
147 1544 912 1587 Ouomodo blandiatur vel tuos amplexus petat quem ad
1 1686 69 1741 ât
852 1715 997 1740 i
