1000 1743
376 79 626 110 PATRUM.

860 83 881 121 9I

88 127 153 169 prout
172 127 218 169 hæe
241 127 272 169 vel
291 127 321 169 illa
344 127 410 169 facies
433 127 575 169 obvertitur:
601 127 686 169 egregiè
701 127 889 169 philoſopharis,

91 168 107 204 &
127 168 207 204 peritè.
255 168 283 204 Vis
302 168 350 204 ergo
370 168 442 204 amari
458 168 526 204 filium
554 168 589 204 qui
613 168 649 204 non
673 168 693 204 ſit
713 168 833 204 amabilis.

366 205 605 241 IRENÆUS.

127 239 204 276 Annon
231 239 265 276 hac
284 239 326 276 ipsâ
349 239 364 276 re
384 239 491 276 amabilis
513 239 536 276 eſt
559 239 620 276 quod
640 239 693 276 ſilius
712 239 750 276 eſt?
781 239 815 276 non
838 239 884 276 ſatis

95 276 117 319 eſt
146 276 238 319 miſerum
263 276 432 319 adoleſcentem
457 276 498 319 ſuis
520 276 611 319 onerari
637 276 710 319 vitiis,
736 276 754 319 &
772 276 827 319 ſæpe
842 276 890 319 qui-

95 297 132 354 dem
157 297 161 354 à
179 297 271 354 parente
293 297 439 354 transmiſſis,
479 297 585 354 Patricius
600 297 673 354 aperit
695 297 764 354 cuput,
794 297 815 354 &
845 297 885 354 gra-

94 350 130 399 rias
149 350 204 399 agit,
233 350 288 399 quuſi
336 350 350 399 æc
372 350 431 399 verba
460 350 482 399 ad
508 350 523 399 ſe
545 350 691 399 pertineant,
728 350 765 399 niſi
790 350 890 399 parentis

94 389 142 417 odio
164 389 266 417 laboret.

347 425 643 453 PATRICIIS.

133 462 195 506 Filius
214 462 321 506 oneratur
340 462 401 506 vitiis
420 462 420 506 à
443 462 539 506 parente
562 462 703 506 transmiſſis.
738 462 837 506 Egregiis
868 462 891 506 me

92 490 137 539 ſanè
160 490 221 539 ornas
240 490 361 539 laudibus.

369 535 605 563 IRENÆUS.

144 569 184 611 Quæ
208 569 264 611 dieo,
296 569 308 611 ea
336 569 352 611 de
376 569 392 611 te
408 569 440 611 vel
460 569 476 611 de
504 569 604 611 Eugenio
624 569 672 611 eave
696 569 744 611 dicta
772 569 892 611 exiſtimes.

98 606 164 646 Habet
186 606 222 646 ille
244 606 365 646 profectò,
398 606 457 646 quod
482 606 592 646 ametur;
625 606 694 646 neque
716 606 881 646 adoleſcentem

93 642 155 685 alium
180 642 243 685 faeilè
268 642 367 685 reperiass
396 642 454 685 quem
487 642 608 685 blandiore
637 642 699 685 oculo
718 642 794 685 natura
820 642 889 685 reſpe-

99 680 164 706 xerit.

350 716 649 746 PATRICIUS.

137 749 179 781 Non
210 749 298 781 ceſſabis
313 749 405 781 laudare
432 749 523 781 vitium?

380 791 616 818 IRIENEUS.

145 821 244 861 Virtutem
271 821 347 861 laudo.
378 821 412 861 Sed
435 821 481 861 noli
508 821 668 861 efferveſcere;
691 821 752 861 amas
779 821 886 861 Philotam

102 859 188 889 nonne?

349 898 645 929 PATRICIUS.

140 933 195 975 Amo
217 933 283 975 certè,
312 933 331 975 &
345 933 371 975 eſt
389 933 466 975 amore
484 933 565 975 dignus
583 933 726 975 adoleſcens.
755 933 894 975 Adoleſcens

106 968 228 1009 nimiruml
255 968 397 1009 adoleſeens.
451 968 477 1009 Vah
527 968 585 1009 illum
619 968 723 1009 peræque
746 968 784 1009 tibi
799 968 822 1009 ac
849 968 899 1009 mihi

105 1006 193 1041 notum.
208 1006 245 1041 eſſe
266 1006 380 1041 oportuit.

383 1045 623 1074 IRENÆUS.

142 1076 201 1118 Mihi
223 1076 315 1118 fortaſſe
340 1076 402 1118 msgis
424 1076 494 1118 notus
523 1076 545 1118 eſt
575 1076 630 1118 quàm
662 1076 714 1118 tibi,
743 1076 794 1118 quid
824 1076 890 1118 autem

108 1111 119 1156 in
145 1111 185 1156 illo
204 1111 240 1156 tam
266 1111 372 1156 eximium
402 1111 475 1156 vides,
504 1111 563 1156 quod
581 1111 596 1156 in
625 1111 728 1156 Eugenio
746 1111 860 1156 requiras:

350 1152 642 1182 PATRICIUS.

151 1185 272 1226 Video..
298 1185 418 1226 video...
444 1185 524 1226 omnia.
557 1185 648 1226 Elegans
670 1185 711 1226 eſt,
729 1185 842 1226 urbanus,
868 1185 897 1226 eo-

120 1221 162 1271 mis,
179 1221 284 1271 lepidus,
305 1221 448 1271 ingenioſus.
487 1221 549 1271 Amat
577 1221 598 1271 me
619 1221 734 1271 præterea.
780 1221 881 1271 Amat.

116 1255 151 1293 ohl
177 1255 235 1293 nihil
250 1255 330 1293 ſupra.

424 1297 637 1326 RENÆIUS.

150 1327 235 1369 Amore
257 1327 290 1369 illi
312 1327 348 1369 non
381 1327 484 1369 coneedit
517 1327 641 1369 Eugenius,
667 1327 707 1369 hoc
729 1327 780 1369 eertò
802 1327 901 1369 affirma-

118 1364 132 1393 re
150 1364 215 1393 licet.

365 1406 657 1435 PATRICIUS.

154 1435 268 1479 Eugenius
286 1435 381 1479 nempe,
414 1435 531 1479 Eugenius.
564 1435 615 1479 Num
645 1435 711 1479 ſemel
732 1435 853 1479 amplexus
872 1435 905 1479 pe-

131 1471 145 1507 it
177 1471 240 1507 meos?
271 1471 317 1507 num
341 1471 457 1507 hlanditus
478 1471 513 1507 eſt?
537 1471 625 1507 num?.

384 1513 629 1540 IRENUS.

161 1544 284 1587 Ouomodo
303 1544 437 1587 blandiatur
460 1544 487 1587 vel
506 1544 556 1587 tuos
575 1544 698 1587 amplexus
717 1544 775 1587 petat
802 1544 863 1587 quem
882 1544 909 1587 ad
