1000 1743
291 62 724 119 COECUS AMOR
103 86 138 117 92
101 124 982 166 te non ſinis accedere? quod ad mores attinet, nihil di.
99 164 980 202 cam gravius, nunc dico tamen: optandum ut Philotas tam
99 201 900 238 ſit vitæ integer quàm Eugenius. Qui enim nimiùm aman-
99 237 850 273 tur à parentibus, amant ſe ipſi vulgò nimium, &...
341 275 651 304 PATRICIUS.
107 310 899 346 Auſeulta, ſi placet. Iocone an ſeriò iſta dicas, neſcio.
97 344 978 383 Diſplicet ſanè multum oratio tua, & niſi amicus eſſes & aſ-
97 383 900 424 finis... parco pluribus. Caput aperit quaſi abiturus ægrè
95 421 463 462 ſe retineri patitar. Vale.
367 457 619 489 IRENÆUS.
103 482 975 531 Manedum, Patrici, ego tibi moleſtus eſſe nequaquam
98 529 978 567 volo. Id unum volo, ea ne ignores quæ tuâ intereſt ſcire
98 567 518 602 & ibi aperias oculos, ubi...
349 605 649 631 PATRICIUS.
104 639 837 676 Aperti ſunt ſatis. Tu claude tuos, ſi quid diſplicet.
365 678 614 704 IRENÆUS.
133 711 897 743 TEne tam diu amore vel odio excæcatum; nihil in li-
96 746 977 786 berorum vitâ & moribus diſpicere, & vel odiſſe, vel amare
95 784 896 819 ſine ratione & modo? verùm eſto ſanè. Si nihil ad te,
88 819 555 860 quid ad me? Fingit abire ſe velle.
246 857 751 886 PATRICIUS Irenæum retinens.
128 893 754 934 Age tandem quid eſt in quo Philotam arguas.
367 931 616 960 IRENÆUS.
128 966 500 999 Nihil; ne fortè ſuccenſeas.
338 1005 645 1036 PATRICIUS.
129 1042 289 1072 Dic tamen.
340 1076 608 1114 IRENÆUS.
126 1104 442 1147 Diſpliceret oratio mea.
336 1150 641 1178 PATRICIUS.
126 1183 631 1217 Obſecro te, ne me ſilentio torqueas.
358 1221 607 1251 IRENÆUS.
126 1245 886 1296 Illud quodcumque eſt, malim te ex aliis, quàm ex me
89 1294 249 1331 gnoſcere.
332 1328 642 1362 PATRICIUS.
122 1361 632 1403 Cognoſcam modò. Heus Dolophile!
238 1395 735 1433 DOLOPHILUS in poſt- ſcenio.
123 1436 380 1474 Quid jubes, here?
336 1474 639 1503 PATRICIUS.
122 1508 262 1542 Adeſdum.
852 1715 997 1740 il
