1000 1743
308 62 724 119 eOECUSAMOR

111 86 132 117 92

107 124 123 166 te
142 124 180 166 non
207 124 257 166 ſinis
272 124 394 166 aecedere?
425 124 482 166 quod
505 124 532 166 ad
566 124 631 166 mores
654 124 754 166 attinet,
788 124 841 166 nihil
872 124 895 166 di-

107 164 142 202 cam
173 164 274 202 gravius,
292 164 351 202 nune
376 164 421 202 dico
435 164 526 202 tumen:
557 164 676 202 optandum
700 164 721 202 ut
746 164 836 202 Philotas
850 164 885 202 tam

105 201 125 238 ſit
148 201 193 238 vitæ
209 201 297 238 integer
320 201 377 238 quàm
415 201 530 238 Eugenius.
572 201 603 238 Qui
622 201 671 238 enim
698 201 794 238 nimiùm
821 201 897 238 aman-

104 237 137 273 tur
152 237 156 273 à
178 237 327 273 parentibus,
353 237 433 273 amant
452 237 466 273 ſe
481 237 521 273 ipſi
543 237 605 273 vulgò
627 237 741 273 nimium,
773 237 843 273 &.

352 275 648 304 PATRICIUS.

142 310 262 346 Auſeulta,
282 310 294 346 ſi
310 310 389 346 plaeet.
437 310 517 346 Jocone
537 310 553 346 an
581 310 637 346 ſeriô
660 310 692 346 iſta
720 310 788 346 dicas,
812 310 896 346 neſeio.

111 344 214 383 Diſplicet
233 344 279 383 ſanè
306 344 394 383 multum
421 344 490 383 oratio
509 344 555 383 tua,
581 344 600 383 &
616 344 654 383 niſi
665 344 750 383 amicus
769 344 818 383 eſſes
837 344 857 383 &
868 344 895 383 a-

102 383 168 424 finis.
208 383 208 424 ·
230 383 292 424 pareo
307 383 417 424 pluribus.
457 383 515 424 Cuput
530 383 596 424 aperi:
610 383 669 424 quaſi
684 383 786 424 abiturus
819 383 822 424 &
844 383 888 424 ægre

105 421 117 462 ſe
143 421 238 462 retineri
257 421 349 462 patitur.
398 421 455 462 Vale.

374 457 612 489 IRENUS.

138 482 286 531 Manedum,
314 482 401 531 Patriei,
429 482 469 531 ego
489 482 529 531 tibi
561 482 661 531 moleſtus
685 482 720 531 eſſe
740 482 884 531 nequaquam

104 529 162 567 volo.
200 529 219 567 Id
242 529 304 567 unum
338 529 399 567 volo,
422 529 434 567 ea
457 529 480 567 ne
499 529 591 567 ignores
610 529 656 567 quæ
679 529 710 567 tuâ
729 529 817 567 intereſt
840 529 894 567 ſcire

105 567 121 602 &
141 567 169 602 ibi
189 567 272 602 aperias
296 567 384 602 oculos,
411 567 483 602 ubi.·

359 605 641 631 PATRICIUUS.

139 639 219 676 Aꝑerti
235 639 283 676 ſunt
303 639 359 676 ſatis.
395 639 411 676 Tu
439 639 515 676 claude
531 639 591 676 tuos,
615 639 627 676 ſi
647 639 699 676 quid
719 639 831 676 diſplicet.

370 678 607 704 IRENEUS.

151 711 201 743 Tẽne
224 711 258 743 tam
285 711 312 743 diu
338 711 415 743 amore
442 711 472 743 vel
503 711 549 743 odio
579 711 729 743 excæcatum;
755 711 813 743 nihil
832 711 843 743 in
870 711 889 743 li-

101 746 204 786 berorum
230 746 270 786 vitâ
292 746 306 786 &
332 746 424 786 moribus
449 746 566 786 diſpicere,
588 746 603 786 &
625 746 654 786 vel
669 746 749 786 odiſſe,
771 746 801 786 vel
811 746 888 786 amare

100 784 141 819 ſine
166 784 251 819 ratione
276 784 291 819 &
320 784 393 819 modo?
426 784 496 819 verùm
533 784 569 819 eſto
595 784 650 819 ſanè.
697 784 712 819 Si
734 784 789 819 nihil
807 784 833 819 ad
855 784 873 819 te

118 819 152 860 uid
167 819 194 860 ad
221 819 259 860 me?
298 819 363 860 Fingit
378 819 440 860 abire
455 819 470 860 ſe
490 819 551 860 velle.

256 857 479 886 PATRICIUS
512 857 608 886 Irenæum
638 857 741 886 retinens.

135 893 179 934 Age
199 893 283 934 tandem
311 893 363 934 quid
383 893 407 934 eſt
419 893 435 934 in
463 893 503 934 quo
527 893 631 934 Philotam
655 893 747 934 arguas.

372 931 609 960 IRENÆOS.

136 966 211 999 Nihil;
236 966 261 999 ne
281 966 335 999 fortè
352 966 493 999 ſuccenſeas.

349 1005 639 1036 PATRICIUS.

140 1042 172 1072 Die
191 1042 282 1072 tamen.

367 1076 518 1114 IRENE
557 1076 557 1114 U
585 1076 601 1114 S.

140 1104 266 1147 Diſpliceret
289 1104 358 1147 oratio
388 1104 438 1147 mea.

346 1150 638 1178 PATRICIUS.

141 1183 232 1217 Obſecro
249 1183 277 1217 te,
305 1183 330 1217 ne
354 1183 379 1217 me
396 1183 484 1217 ſilentio
505 1183 624 1217 torqueas.

363 1221 403 1251 IR
436 1221 520 1251 ENE
556 1221 556 1251 U
589 1221 604 1251 S.

132 1245 190 1296 Illud
209 1245 373 1296 quodeumque
400 1245 435 1296 eſt,
473 1245 534 1296 malim
561 1245 576 1296 te
599 1245 618 1296 ex
633 1245 695 1296 aliis,
729 1245 786 1296 quàm
813 1245 832 1296 ex
855 1245 878 1296 me

130 1294 245 1331 gnoſcere.

343 1328 347 1362 P
375 1328 639 1362 ATRICIUS.

137 1361 265 1403 Cognoſeam
301 1361 373 1403 modò.
413 1361 469 1403 Heus
497 1361 617 1403 Dolophile

248 1395 511 1433 DOLOPHILUS
538 1395 545 1433 in
580 1395 618 1433 pſſt
648 1395 728 1433 ſcenis.

141 1436 189 1474 Quid
210 1436 284 1474 iubes,
309 1436 374 1474 here?

347 1474 633 1503 PATRICIUS.

131 1508 255 1542 Adeſdum.
