1000 1743
308 61 313 111 C
352 61 521 111 OECUS
569 61 719 111 AMOR

115 70 154 109 100

375 107 669 152 PATRICIUS.

154 148 177 184 At
196 148 222 184 eſt
238 148 314 184 honus
337 148 379 184 vir,
409 148 444 184 &.

383 189 650 220 PHILOTAS.

159 222 181 258 Et
203 222 276 258 bonus
306 222 346 258 vir,
375 222 445 258 hmo
478 222 607 258 maledieus.

368 256 664 296 PATRICIIS.

153 287 293 335 Maledieat;
325 287 376 335 quid
396 287 456 335 tum?
484 287 496 335 ſi
516 287 552 335 non
579 287 651 335 habeo
671 287 751 335 ſidem?

378 336 644 366 PHILOTAS.

152 368 198 416 Non
225 368 290 416 habes
313 368 374 416 fidem
408 368 481 416 modò,
508 368 542 416 ſed
561 368 653 416 habebis
668 368 749 416 poſteà.
779 368 806 416 Sic
825 368 863 416 ego
882 368 913 416 in-

122 405 184 452 vidiæ
206 405 225 452 &
247 405 364 452 calumniæ
386 405 430 452 telis
448 405 536 452 ſemper
551 405 631 452 patebo
653 405 723 452 miſer,
756 405 822 452 Flerum
851 405 910 452 ſimu-

118 442 143 489 lat
165 442 187 489 &
206 442 224 489 ſic
250 442 301 489 ridet
323 442 341 489 ut
367 442 473 489 ſpectaror
499 442 558 489 riſum
587 442 690 489 adrertat
708 442 759 489 quem
803 442 855 489 Pater
880 442 913 489 fie-

119 482 155 533 rum
181 482 350 533 iuterpretatur.
383 482 401 533 Et
419 482 467 533 quia
489 482 625 533 ſuſpieioſus
650 482 661 533 eſ
683 482 760 533 amor,
790 482 826 533 quò
848 482 911 533 amas

128 515 202 554 magis.
227 515 268 554 hòc
293 515 319 554 me
337 515 462 554 ſuſpectum
495 515 557 554 magis
579 515 685 554 habebis.

367 554 665 587 PATRICIS.

162 587 212 644 Cave
235 587 327 644 dixeris.
358 587 454 644 Nemini
477 587 538 644 eredo
561 587 580 644 de
603 587 630 644 te,
657 587 688 644 his
707 587 791 644 tantum
818 587 902 644 eredam

120 622 208 670 ocuhis..
256 622 332 670 Patrem
351 622 490 670 amplectere
501 622 621 670 antequam
643 622 790 670 ingrediatur
808 622 907 670 viam...

113 661 220 706 irerum.
238 661 260 706 .
282 661 315 706 vix
333 661 418 706 pofſum
440 661 516 706 tenere
535 661 656 706 laerrmas.
681 661 766 706 Heu.
828 661 905 706 hoi..

382 700 648 736 PHILOTAS.

158 728 211 788 Flere
238 728 300 788 meum
326 728 361 788 eſt,
384 728 453 788 pater.
480 728 526 788 Nam
549 728 583 788 qui
599 728 679 788 potero
702 728 756 788 ferre
775 728 901 788 deſiderium

118 771 154 815 rui.
190 771 245 815 Heu:
273 771 372 815 hoi..

364 807 658 837 PATRICIS.

166 840 181 887 Ut
196 840 269 887 amatl
300 840 410 887 Abſtergit
433 840 487 887 fctaos
517 840 598 887 Pbiloiæ
621 840 735 887 lacmas.
789 840 846 887 Parce
880 840 903 887 Ee-

115 879 185 922 tibus,
215 879 275 922 oeule
302 879 335 922 mi,
365 879 425 922 patre
445 879 482 922 non
511 879 595 922 carebis
618 879 661 922 dĩu.

372 913 639 954 PIILOTAS.

165 952 264 999 Quoniam
297 952 366 999 vetas,
388 952 425 999 non
454 952 524 999 flebo,
557 952 582 999 vel
604 952 670 999 fletus
692 952 798 999 occulam.
838 952 890 999 Vale.

368 990 666 1022 PATRICIS-

162 1018 211 1068 Vive
232 1018 302 1068 patris
334 1018 428 1068 memor,
460 1018 537 1068 dilecte
565 1018 593 1068 fili
673 1018 673 1068 t
691 1018 750 1068 amat
792 1018 810 1068 ut
831 1018 890 1068 amat

130 1061 172 1114 Quis
199 1061 222 1114 me
249 1061 333 1114 felicior
363 1061 448 1114 viveret
475 1061 547 1114 patet,
582 1061 593 1114 ſi
612 1061 689 1114 præter
712 1061 769 1114 hune
796 1061 899 1114 Philotam

116 1096 171 1138 nulla
197 1096 252 1138 foret
274 1096 362 1138 ſoboles
391 1096 450 1138 mihi,
479 1096 512 1138 ſed
523 1096 666 1138 ablegandus
688 1096 754 1138 domo
780 1096 904 1138 Eugenius.

121 1130 137 1180 &
152 1130 179 1180 ad
198 1130 286 1180 aliquot
301 1130 378 1180 annos
389 1130 466 1180 aliquò
493 1130 657 1180 deportandus.
715 1130 814 1180 Quamdiu
849 1130 898 1180 enim

120 1169 153 1222 erit
179 1169 252 1222 domi,
282 1169 344 1222 erunt
366 1169 454 1222 ſemper
487 1169 601 1222 mslevoli,
630 1169 663 1222 qui
692 1169 780 1222 Philotæ
799 1169 894 1222 amorem

113 1202 239 1246 invideant
267 1202 348 1246 meum,
376 1202 393 1246 &
414 1202 470 1246 bene
484 1202 565 1246 agenti
596 1202 743 1246 maledicant.

123 1249 198 1299 t.*.A.
228 1249 888 1299 ...A......A.....

295 1291 300 1328 S
375 1291 480 1328 C.
505 1291 529 1328 N
589 1291 594 1328 A
674 1291 729 1328 XI.

186 1338 190 1391 E
229 1338 484 1391 UGENIUS,
522 1338 844 1391 PATRICIUS.

363 1386 657 1421 PATRICIS.

146 1417 216 1491 QIS
335 1417 405 1491 ſores?
443 1417 459 1491 Tu
486 1417 513 1491 ne
529 1417 604 1491 aetum
642 1417 679 1491 ili?

374 1461 642 1498 EUGENIS.

146 1491 210 1548 Non,
238 1491 298 1548 pater
318 1491 458 1548 ſuaviſſime,
486 1491 522 1548 non
550 1491 626 1548 filius,
642 1491 678 1548 ſed
702 1491 818 1548 Eugenius.
850 1491 902 1548 Jam-

108 1524 130 1573 ne
149 1524 199 1573 liect
214 1524 321 1573 inredi?
