1000 1743
291 61 726 111 COECUSAMOR
106 70 164 109 o
362 107 676 152 PAT RICIUS.
136 148 501 184 At eſt bonus vir, &...
326 189 657 220 PHILOTAS.
146 222 621 258 Et bonus vir, homo maledicus.
358 256 703 296 PATRICIUS.
102 287 794 335 Maledicat; quid tum? ſi non habco fidem?
322 336 652 366 PHILOTAS.
134 368 981 416 Non habes fidem modò, ſed habebis poſteà. Sic ego in-
113 405 984 452 vidiæ & calumniæ telis ſemper patebo miſer, Fletum ſimu-
112 442 984 489 lat ſic ridet ut ſpetator riſum advertat quem Pater fle-
113 482 985 533 tum interpretatur. Et quia ſuſpicioſus eſamor, quò amas
112 515 690 554 magis, hòc me ſuſpectum magis habebis.
357 554 670 587 PATRICICS.
148 587 983 644 Cave dixeris. Nemini credo de te, his tantum credam
111 622 915 670 oculis.,. Patrem amplectere antequam ingrediatur viam...
97 661 913 706 iterum... viæ pofſum tenere lacrrmas. Heu!... hoi...
326 700 655 736 PHILOTAS.
113 728 982 788 Flere meum eſt, pater. iam qui potero ferre deſiderium
111 771 387 815 tui. Heu! hoi..
300 807 692 837 PATRICIS.
148 840 976 887 Ut amat! Abſtergit fictas Pbilotæ lacmas. Parce le-
112 879 670 922 tibus, ocle mi, patre non carebis diu.
297 913 647 954 PHILOTAS.
134 952 894 999 Quoniam vetas, non flebo, vel fletus occulam. Vale.
358 990 674 1022 PATRICIS.
151 1018 972 1068 Vive patris memor, dilecte fli. Ct amat! ut amat!
112 1061 979 1114 Quis me felicior viveret patet, ſi præter hunc Philotam
111 1096 971 1138 nulla foret ſoboles mihi, ſed ablegandus domo Eugenius.
111 1130 979 1180 & ad aliquot annos aliquò deportandus. Quamdiu enim
111 1169 979 1222 erit domi, erunt ſemper malevoli, qui Philotæ amorem
112 1202 748 1246 invideant meum, & bene agenti maledicant.
110 1249 978 1299 ..,,
347 1292 449 1311 D
282 1291 734 1328 S E.NA XI.
154 1338 849 1391 EUGENIUS, PATRICIUS.
265 1386 665 1421 PTRICIUS.
109 1417 679 1491 O Pulſt fores? Tu nc etum fli!
364 1461 647 1498 EUGENICS.
143 1491 977 1548 Non, pater ſuaviſſime, non filius, ſed Eugenius. am-
105 1524 382 1573 ne licct ingredi?
1 1696 264 1741 e u
812 1706 997 1740 aæ
