1000 1743
328 75 411 119 COOE
328 75 452 119 C
498 75 539 119 VS
585 75 734 119 AMOR

123 81 162 114 102

168 113 206 164 Quòô
235 113 260 164 me
289 113 368 164 mittis,
397 113 476 164 pater,
505 113 538 164 quò
571 113 596 164 vis
613 113 742 164 proſiciſei?

378 159 669 199 PTRICIUS.

168 190 249 240 Omitte
272 190 389 240 quærere,
420 190 434 240 &
452 190 501 240 iuſſa
524 190 614 240 faceſſe.

385 231 390 270 E
462 231 651 270 GENIUS.

159 265 200 319 Ahl
230 265 288 319 pater
309 265 417 319 intelligo
437 265 492 319 quid
512 265 571 319 velis,
600 265 629 319 vis
654 265 679 319 me
695 265 803 319 ablegare
828 265 912 319 domo.

369 309 659 347 PATRICIUS.

162 329 274 393 Intelligis
302 329 358 393 quod
377 329 414 393 eſt,
442 329 461 393 &
479 329 498 393 eô
521 329 605 393 quidem
638 329 657 393 te
675 329 825 393 amandabo,
853 329 913 393 unde

119 377 192 417 neque
215 377 299 417 facilis,
326 377 399 417 neque
422 377 544 417 promptus
563 377 586 417 ſit
605 377 701 417 reditus.

233 414 237 458 E
266 414 438 458 OGENIUS
467 414 493 458 ad
514 414 580 458 patris
606 414 661 458 genua
686 414 796 458 accidens.

162 451 231 500 Pater,
253 451 392 500 dilectiſſime
411 451 484 500 pater,
510 451 546 500 ego
561 451 575 500 te
590 451 627 500 per
649 451 707 500 Deum
729 451 909 500 immortalem,

117 486 150 530 per
169 486 224 530 illam
253 486 308 530 quam
341 486 417 530 dediſti
439 486 520 530 vitam,
545 486 578 530 per
600 486 633 530 has
651 486 776 530 lacrymas,
794 486 831 530 per
849 486 904 530 quic-

119 523 168 570 quid
189 523 305 570 paternum
336 523 427 570 flectere
455 523 557 570 animum
588 523 672 570 poteſt,
700 523 749 570 oro,
777 523 798 570 ne
830 523 854 570 me
879 523 910 570 ex-

115 558 181 599 pellas
206 558 338 599 domo...
364 558 489 599 Patere..

149 595 369 644 PATRICIUS
404 595 486 644 ſurgit,
512 595 563 644 ilum
585 595 723 644 proſequiiur
758 595 874 644 Eugenius,

345 635 421 678 iterum
445 635 469 678 ad
489 635 533 678 eius
549 635 609 678 pedes
633 635 721 678 accidit.

163 664 180 705 Te
202 664 306 705 nimiui
323 664 392 705 patior
418 664 461 705 diu.

224 706 419 750 EUGENIUS
445 706 468 750 ad
487 706 552 750 patris
571 706 632 750 pedes
647 706 796 750 prouoluius.

153 741 223 779 Patere
251 741 276 779 me
293 741 353 779 apud
374 741 391 779 te
412 741 500 779 potiùs,
527 741 587 779 quàm
615 741 667 779 alibi
699 741 790 779 miſerum
821 741 905 779 vivere.

112 777 154 822 Non
181 777 231 822 peto
250 777 387 822 blanditias,
414 777 468 822 quas
487 777 521 822 non
559 777 628 822 merui.
670 777 850 822 Quanquàm..
869 777 903 822 ſed

106 812 155 857 illas
167 812 232 857 habet
251 812 332 857 frater;
355 812 389 857 non
416 812 539 857 invidebo,
562 812 635 857 neque
658 812 819 857 expoſtulabo.
845 812 903 857 Quòd

109 846 120 892 ſi
138 846 230 892 qiando
248 846 351 892 querelas
373 846 446 892 invito
464 846 581 892 extorſerit
607 846 677 892 dolor,
702 846 720 892 de
750 846 772 892 me
790 846 834 892 uno
852 846 904 892 que-

111 889 156 931 rar,
188 889 254 931 unum
296 889 317 931 me
338 889 449 931 aeeuſabo
477 889 533 931 quod
557 889 659 931 parentis
686 889 767 931 optimi
795 889 889 931 amorem

107 921 154 962 arte
173 921 231 962 nullâ
257 921 363 962 demereri
384 921 479 962 unquam
505 921 644 962 potuerim.

365 962 655 1001 PATRICIUS.

147 994 227 1036 Surge,
255 994 275 1036 &
295 994 315 1036 ne
347 994 391 1036 mihi
407 994 475 1036 aures
499 994 603 1036 obtunde
623 994 735 1036 ampliùs.

374 1035 646 1070 EU0ENIUS.

153 1065 209 1100 Pater
233 1065 353 1100 eariſſime.

356 1105 652 1141 PATRICIUS.

142 1124 188 1171 Non
215 1124 230 1171 tu
257 1124 272 1171 te
291 1124 414 1171 amovebis
429 1124 525 1171 iſthine.

313 1177 569 1216 EUGENIUS
605 1177 701 1216 ſurgens.

144 1210 286 1248 Memineris
304 1210 319 1248 te
337 1210 435 1248 patrem.

353 1248 649 1283 PATRICIUS.

146 1282 177 1325 Per
196 1282 299 1325 ſuperos,
326 1282 364 1325 niſi
383 1282 512 1325 abeeſſeris,
543 1282 577 1325 ego
608 1282 726 1325 maledicam
753 1282 806 1325 tibi.

190 1319 387 1362 EUGENIUS
424 1319 592 1362 comnintione
621 1319 687 1362 Pairis
705 1319 815 1362 perculſus

327 1357 418 1396 titubat,
442 1357 460 1396 ac
481 1357 544 1396 propè
568 1357 659 1396 corruit.

144 1378 189 1422 A.

356 1430 650 1464 PATRICIUS.

148 1460 200 1506 Euge
223 1460 303 1506 oerùs.

21 1696 64 1741 E
