1000 1743
359 76 609 109 PATRUM.

832 88 869 113 107

274 127 534 159 PHILOSTO
564 127 694 159 RGUS.

118 160 160 201 Non
184 160 205 201 id
230 160 284 201 dolet
309 160 371 201 mihi,
400 160 459 201 quùd
479 160 562 201 unicus
579 160 600 201 ſit
616 160 687 201 filius:
712 160 729 201 at
749 160 816 201 ſilium
837 160 874 201 qui

79 195 163 238 unieus
183 195 219 238 eſt,
247 195 283 238 non
314 195 354 238 eum
382 195 418 238 eſſe
442 195 498 238 quem
534 195 614 238 velim,
641 195 657 238 id
681 195 757 238 doleo,
781 195 801 238 id
821 195 869 238 que-

85 236 127 278 ror.
157 236 199 278 Ahl
226 236 234 278 ſi
257 236 333 278 ſcires,
364 236 402 278 Hic
421 236 536 278 erumpunt
559 236 673 278 lacrymæ.

359 274 512 302 IRENAÆ
580 274 599 302 S.

128 308 216 346 Contine
239 308 362 346 laerymas,
404 308 557 346 Philoſtorge,
584 308 675 346 peeearo
698 308 863 346 adoleſcentem

85 342 141 385 nihil
165 342 233 385 mirum
265 342 297 385 eſt.
320 342 396 385 Multa
416 342 452 385 fert
472 342 540 385 ſecum
560 342 731 385 adoleſeentia,
755 342 795 385 quæ
819 342 871 385 ratio

84 381 247 431 poſtmodùm,
283 381 371 431 ætasque
395 381 526 431 corrigunt.

268 410 688 452 PHILOSTORGUS.

120 451 135 492 In
158 451 200 492 filio
220 451 273 492 nihil
296 451 350 492 ratio
373 451 480 492 corrigit,
507 451 553 492 imo
572 451 676 492 creſeunt
695 451 745 492 vitia
768 451 810 492 eum
837 451 875 492 æta-

86 488 112 532 te,
143 488 158 532 &
181 488 342 532 corroboratur
361 488 372 532 in
407 488 445 532 dies
460 488 495 532 jam
518 488 590 532 adulta
613 488 766 532 improbitas.

342 527 632 565 PATRICIUS.

122 564 176 606 Illud
203 564 252 606 ſæpe
272 564 363 606 audivi,
394 564 417 606 ut
440 564 547 606 arbores,
573 564 596 606 ſie
619 564 719 606 liberos,
749 564 799 606 tales
822 564 872 606 eſſe,

86 601 159 635 quales
177 601 194 635 ab
222 601 264 635 ortu
288 601 396 635 ſinxeris.

271 631 672 669 PHILOSTORGUS

123 673 185 712 Rectè
207 673 269 712 dicis;
295 673 364 712 idque
386 673 426 712 ſum
455 673 561 712 expertus
580 673 594 712 in
627 673 671 712 filio
697 673 755 712 quem
781 673 872 712 lenitate

91 707 111 743 &
127 707 243 743 blanditiis
271 707 319 743 malè
339 707 443 743 perdidi.

362 748 598 785 IRENEUS.

129 774 208 811 Audis,
241 774 333 811 Patrici.

339 812 629 849 PATRICIUS.

135 847 231 893 Optimè;
258 847 338 893 putrem
369 847 434 893 coram
461 847 537 893 liberis
556 847 652 893 ſeverum
682 847 770 893 oportet
789 847 839 893 eſſe.

278 892 700 927 PAIILOSTORGUS.

133 926 210 964 Patrem
231 926 283 964 quid
308 926 343 964 eſſe
364 926 447 964 deceat,
475 926 510 964 non
535 926 636 964 attendit
653 926 793 964 imprudens
803 926 877 964 amor.

94 956 160 1001 Hune
179 956 240 1001 ſolum
271 956 374 1001 habebam
401 956 481 1001 flium.
527 956 577 1001 Quid
596 956 708 1001 facerem?
734 956 750 1001 in
777 956 815 1001 hoc
834 956 880 1001 ſolo

94 1000 153 1037 totus
175 1000 237 1037 eram.
274 1000 328 1037 Cœpi
343 1000 471 1037 indulgens
486 1000 603 1037 blandiri,
628 1000 683 1037 nihil
705 1000 775 1037 facere
800 1000 829 1037 vel
855 1000 877 1037 di-

93 1035 135 1074 eere
156 1035 216 1074 quod
230 1035 380 1074 adoleſcentis
401 1035 527 1074 offenderet
537 1035 656 1074 animum,
681 1035 744 1074 nullis
761 1035 880 1074 laboribus

93 1070 132 1111 pro
153 1070 184 1111 eo,
212 1070 279 1111 nullis
300 1070 426 1111 ſumptibus
447 1070 544 1111 pareere.
583 1070 674 1111 Interim
698 1070 751 1111 ſæpe
768 1070 877 1111 admone-

93 1108 146 1135 baent
163 1108 239 1135 amiei.

338 1146 638 1186 PATRICIUS.

138 1179 187 1210 Bene
218 1179 353 1210 monebant.

281 1218 702 1246 PIILOSTORGUS.

142 1247 158 1291 Et
177 1247 338 1291 clamitabant:
365 1247 415 1291 quid
430 1247 491 1291 agis,
518 1247 675 1291 Philoſtorge,
694 1247 821 1291 corrumpis
832 1247 882 1291 ado-

102 1287 235 1326 leſcentem;
262 1287 339 1326 perdis
354 1287 434 1326 filium.
465 1287 480 1326 Si
500 1287 584 1326 perdo,
614 1287 660 1326 mihi
676 1287 764 1326 perdo,
790 1287 882 1326 reſpon-

107 1323 173 1361 debam
198 1323 253 1361 illis,
282 1323 301 1361 &
315 1323 377 1361 aures
396 1323 451 1361 bene
476 1323 623 1361 monentibus
645 1323 802 1361 obſtruebam.

342 1363 636 1394 PATRICIUS.

149 1391 245 1428 Debuiſti
261 1391 394 1428 attendere.

283 1431 704 1467 PHILOSTORGUS.

139 1466 253 1505 Sperabam
282 1466 363 1505 ſcilicet
388 1466 410 1505 me
429 1466 458 1505 tot
476 1466 586 1505 beneſicia
608 1466 692 1505 ponere
707 1466 765 1505 apud
787 1466 886 1505 gratum.

111 1501 123 1543 &
149 1501 264 1543 memorem
291 1501 406 1543 animum.
436 1501 494 1543 Hæc,
517 1501 666 1543 inquiebam,
692 1501 769 1543 reſeret
788 1501 891 1543 aliquan-

951 1698 988 1718 ri

41 1683 63 1740 i

949 1718 952 1740 t
