1000 1743
306 83 744 120 COECUSAMOR
127 92 198 120 I0s
124 137 987 177 do cum gratiâ. Erit ſenectæ dulce ſolatium meæ: in ejus
122 175 922 219 amore ſuaviter conquieſcam. O ſpes fallaces! ò expecta-
118 210 986 253 tionem parentum irritam! jam oblitus eſt ingratus quanto
120 247 924 290 labore adoleſcentiam educaverim ſuam. Vix me reſpicit,
122 285 990 329 nilil veretur. Maleficia pro beneficiis, contumelias pre
122 320 781 360 blanditiis, odium pro amore rependit perſidus.
363 360 685 399 PATRICIUS.
139 390 958 433 am intelligo quis tibi debitor, & quâ in re fidem fe-
121 429 924 466 fellerit. Sed dignam meritis ercedem tuliſti Aliter in-
123 466 821 506 ſtituendus erat filius, nec amore malo perdendus.
230 504 809 544 IRENÆUS, à parte, ad Phiioſtorgum.
143 531 922 575 Ocœcitatem animi! verùm an cæteris rebus ſatisfacit?
123 574 330 612 an probè vivit?
307 616 734 645 PHILOSTORGUS.
156 650 919 691 Imò, nec rei, nec famæ parcit, atque illud ipſum eſt,
121 685 920 728 quod me eruciat maximè. Quamdiu fuit ætas tenerior,
122 721 920 763 ſemina virtutum neglexi animo ejus immittere, ratus id
121 758 920 798 me commodiùs facturum, cùm adoleviſſet; veritus præ-
121 796 919 838 terea, ne, quod aiunt fieri, præmatura virtus vim hebe-
121 830 338 870 taret ingenii.
384 870 637 908 IRENÆUS.
153 902 919 942 Ouaſi verò noceat ingenio virtus, neque altera cum al-
118 941 982 980 tero poſſit in adoleſcente conſiſtere; ſed nihil egiſti quod
117 976 919 1017 non parentes faciant plerique. Liberorum corpora magis
116 1013 980 1055 curant, quàm ingenium, ingenium, magis quàm mores.
116 1047 917 1091 A teneris unguiculis formatur puer ad molle quoddam, &
116 1085 519 1124 effœminatum vivendi genus.
359 1125 664 1153 PATRICIUS.
151 1156 283 1187 Attendis.
297 1197 725 1226 PHILOSTORGUS.
149 1228 271 1271 Attendo.
392 1270 644 1298 IRENÆUS.
125 1300 914 1342 Vix pedibus inſiſtit, vix balbutit, cum jam docetur
70 1338 913 1381 blanditias dicere, lepidè garrire, molliter cantitare, mul-
109 1374 976 1416 ta quærere, multa audire. Parco pluribus... Interea
106 1411 912 1450 virtutum nulla ſit mentio. Et miramur quid ſit quòd ado-
104 1446 911 1476 leſcentes hodie ſint vitioſiores ante duodecimum ætatis an-
104 1484 909 1521 num, quàm olimi ante vigeſimum forent. Facit hoc non
99 1518 909 1557 ingenium maturius, ut vulgò creditur, ſed inſtitutio pejor.
896 1685 997 1718 Æ
1 1697 104 1741 t
859 1715 997 1740 i
