1000 1743
323 83 540 120 COECUS
589 83 743 120 AMOR

134 92 172 120 108

133 137 155 177 do
173 137 214 177 cum
243 137 320 177 gratiâ.
364 137 404 177 Erit
423 137 514 177 ſenectæ
536 137 595 177 dulce
617 137 716 177 ſolatium
756 137 811 177 meæ:
837 137 848 177 in
877 137 921 177 ejus

124 175 201 219 amore
219 175 318 219 ſuaviter
343 175 512 219 conquieſeam.
566 175 574 219 O
596 175 640 219 ſpes
658 175 760 219 fallacesl
793 175 793 219 ô
815 175 914 219 expecta-

126 210 206 253 tionem
234 210 349 253 parentum
377 210 458 253 irritam
503 210 538 253 jum
569 210 649 253 oblitus
670 210 695 253 eſt
709 210 814 253 ingratus
834 210 915 253 quanto

125 247 202 290 labore
221 247 396 290 adoleſcentiam
426 247 565 290 educaverim
594 247 660 290 ſuam.
711 247 744 290 Vix
773 247 799 290 me
813 247 916 290 reſpicit,

128 285 183 329 nihil
208 285 304 329 veretur.
348 285 461 329 Maleficia
491 285 527 329 pro
546 285 674 329 beneſiciis,
703 285 861 329 eontumelias
879 285 916 329 pr0

127 320 263 360 blanditiis,
292 320 361 360 odiuim
387 320 423 360 pro
442 320 518 360 amore
537 320 642 360 rependit
661 320 774 360 perſidus.

374 360 666 399 PATRICIS.

165 390 203 433 Jam
226 390 333 433 intelligo
352 390 398 433 quis
418 390 456 433 tibi
479 390 578 433 debitor,
609 390 624 433 &
644 390 682 433 quâ
705 390 720 433 in
755 390 770 433 re
793 390 858 433 fidem
893 390 920 433 fe-

126 429 218 466 fellerit.
262 429 302 466 Sed
324 429 408 466 dignam
444 429 525 466 meritis
550 429 664 466 mercedem
689 429 759 466 tuliſti
799 429 868 466 Aliter
883 429 916 466 in-

127 466 257 506 ſtituendus
278 466 320 506 erat
337 466 407 506 ſilius,
435 466 470 506 nec
494 466 568 506 amore
599 466 648 506 malo
669 466 816 506 perdendus.

235 504 437 544 IRENÆUS,
466 504 466 544 à
492 504 562 544 parie,
580 504 606 544 ad
639 504 803 544 Pliiioſtorgum.

172 531 175 575 O
200 531 318 575 cœcitatem
343 531 412 575 animi
454 531 524 575 verùm
555 531 573 575 an
611 531 691 575 eæteris
712 531 772 575 rebus
789 531 897 575 ſatisfacit

125 574 143 612 an
165 574 235 612 probè
257 574 323 612 vivit?

316 616 725 645 PHIILOSTORGUS.

161 650 220 691 Imò,
249 650 286 691 nec
308 650 344 691 rei,
374 650 410 691 nec
429 650 487 691 famæ
509 650 590 691 parcit,
615 650 681 691 atque
703 650 758 691 illud
780 650 842 691 ipſum
875 650 916 691 eſt,

125 685 185 728 quod
213 685 237 728 me
265 685 346 728 erueiat
377 685 475 728 maximè.
535 685 633 728 Quamdiu
664 685 703 728 fuit
734 685 773 728 ætas
797 685 913 728 tenerior,

126 721 207 763 ſemina
235 721 339 763 virtutum
367 721 458 763 neglexi
475 721 552 763 animo
577 721 618 763 ejus
636 721 779 763 immittere,
814 721 870 763 ratus
891 721 912 763 id

134 758 158 798 me
178 758 324 798 commodiùs
344 758 470 798 facturum,
500 758 540 798 cùm
570 758 719 798 adoleviſſet;
759 758 839 798 veritus
879 758 912 798 ræ-

125 796 192 838 terea,
220 796 258 838 ne,
286 796 345 838 quod
363 796 426 838 aiunt
446 796 506 838 fieri,
530 796 663 838 præmatura
691 796 761 838 virtus
781 796 816 838 vim
844 796 911 838 hebe-

126 830 177 870 taret
195 830 294 870 ingenii.

393 870 629 908 IRENÆIS.

164 902 224 942 Ouaſi
245 902 286 942 verò
311 902 391 942 noceat
408 902 506 942 ingenio
534 902 614 942 virtus,
642 902 715 942 neque
733 902 796 942 altera
823 902 862 942 cum
883 902 911 942 al-

121 941 169 980 tero
189 941 253 980 poſſit
269 941 281 980 in
305 941 452 980 adoleſcente
472 941 608 980 conſiſtere;
640 941 672 980 ſed
692 941 747 980 nihil
771 941 831 980 egiſti
851 941 911 980 quod

121 976 156 1017 non
184 976 289 1017 parentes
307 976 387 1017 faciunt
404 976 516 1017 plerique.
572 976 694 1017 Liherorum
722 976 813 1017 corpora
844 976 911 1017 magis

125 1013 213 1055 curant,
239 1013 297 1055 quàm
327 1013 462 1055 ingenium,
488 1013 624 1055 ingenium,
660 1013 719 1055 magis
741 1013 800 1055 qudm
836 1013 913 1055 mores.

122 1047 129 1091 A
155 1047 235 1091 teneris
254 1047 389 1091 unguieulis
404 1047 518 1091 formatur
540 1047 591 1091 puer
606 1047 631 1091 ad
661 1047 716 1091 molle
738 1047 870 1091 quoddam,
895 1047 914 1091 &

123 1085 286 1124 effœminatum
316 1085 409 1124 vivendi
433 1085 512 1124 genus.

369 1125 661 1153 PATRICIUS.

157 1156 275 1187 Attendis.

307 1197 721 1226 PHILOSTORGUS.

154 1228 267 1271 Attendo.

399 1270 640 1298 IRENÆUS.

160 1300 189 1342 Vix
214 1300 309 1342 pedihus
331 1300 426 1342 inſiſtit,
459 1300 492 1342 vix
518 1300 627 1342 balbutit,
664 1300 704 1342 cum
741 1300 777 1342 jam
814 1300 905 1342 docetur

112 1338 236 1381 blanditius
262 1338 343 1381 dieere,
368 1338 441 1381 lepidè
467 1338 562 1381 garrire,
591 1338 683 1381 molliter
708 1338 829 1381 cantitare,
858 1338 906 1381 mul-

113 1374 124 1416 ta
155 1374 264 1416 quærere,
302 1374 358 1416 multa
382 1374 473 1416 audire.
525 1374 585 1416 Pareo
609 1374 780 1416 pluribus.
818 1374 899 1416 Interea

115 1411 218 1450 virtutum
247 1411 302 1450 nulla
328 1411 350 1450 ſit
379 1411 464 1450 mentio.
500 1411 515 1450 Et
544 1411 647 1450 miramur
669 1411 720 1450 quid
742 1411 764 1450 ſit
783 1411 838 1450 quòd
849 1411 908 1450 ado-

106 1446 157 1476 Ieſce
166 1446 214 1476 ntes
233 1446 299 1476 hodie
321 1446 359 1476 ſiut
381 1446 507 1476 vitioſiores
526 1446 577 1476 ante
596 1446 757 1476 duodecimum
788 1446 845 1476 ætatis
864 1446 902 1476 an-

108 1484 174 1521 num,
204 1484 261 1521 quàm
294 1484 344 1521 olimi
361 1484 411 1521 ante
438 1484 564 1521 vigeſimum
598 1484 681 1521 forent.
731 1484 784 1521 Facit
801 1484 844 1521 hoe
858 1484 895 1521 non

104 1518 137 1557 ing
152 1518 218 1557 enium
251 1518 367 1557 maturius,
389 1518 411 1557 ut
433 1518 495 1557 vulgò
517 1518 627 1557 ereditur,
649 1518 682 1557 ſed
696 1518 813 1557 inſtitutio
831 1518 901 1557 pejor.

66 1697 66 1741 i

941 1715 978 1740 ii
