1000 1743
339 79 339 132 C
376 79 572 132 OECUS.
588 79 657 132 AM
694 79 736 132 OR

145 98 178 131 12

413 139 654 168 IRENEUS.

182 175 244 212 Bene,
270 175 362 212 nihilne
382 175 504 212 præterea:

394 214 683 249 PATRICIUS.

187 238 287 288 Quosdam
317 238 352 288 eſſe
379 238 478 288 moleſtos
497 238 616 288 homines.
647 238 678 288 qui
701 238 785 288 alienis
816 238 877 288 rebus
904 238 931 288 te-

151 285 200 323 mere
220 285 245 323 ſe,
276 285 294 323 &
314 285 450 323 importunè
471 285 624 323 admiſceant.

442 321 650 349 RENEUS.

190 349 281 398 Optimè.
327 349 346 398 At
373 349 450 398 nonne
480 349 541 398 docet
568 349 637 398 eadem
672 349 775 398 quosdam
802 349 840 398 eſſe
859 349 932 398 patres

139 392 206 432 nimis
233 392 273 432 erga
296 392 379 432 liberos
399 392 476 432 amore
506 392 576 432 miſerè
599 392 716 432 excæcatos

393 431 680 457 PATRICIUS.

194 462 227 507 Tu,
252 462 289 507 qui
307 462 344 507 tam
373 462 476 507 oculatus
498 462 527 507 es,
549 462 612 507 lege,
641 462 656 507 &
674 462 722 507 uter
740 462 839 507 noſtrum
868 462 934 507 cæcu-

143 503 177 538 tiat
200 503 253 538 vide.
303 503 383 538 Irenæo
406 503 473 538 tradit
496 503 612 538 epiſtolam.

413 540 654 583 IRENÆUS.

186 577 262 605 Placet.

398 612 692 640 PATRICIS.

186 637 219 688 Sed
244 637 261 688 eâ
286 637 432 688 eonditione,
465 637 486 688 ut
506 637 519 688 ſi
536 637 590 688 hane
623 637 735 688 epiſtolam
769 637 856 688 Philotæ
881 637 931 688 falss

141 686 271 730 attributam
301 686 437 730 oſtendero,
461 686 601 730 palinodiam
637 686 710 730 canas.

422 722 613 750 IRIENEU
644 722 658 750 S.

189 746 245 795 Volo.
289 746 397 795 Legamus
417 746 553 795 (Epiſtolam
581 746 681 795 recipit.)
737 746 749 795 Te
773 746 829 795 amo,
857 746 933 795 ribique

148 792 258 831 grotulor,
292 792 408 831 Pumplile,
428 792 482 831 quòd
502 792 595 831 pteruæ
612 792 752 831 auctoritatis
772 792 782 831 ju
802 792 838 831 gum
865 792 935 831 excuſ-

142 828 202 867 ſeris;
229 828 285 867 putre
335 828 388 867 ruum
415 828 528 867 admiror,
571 828 585 867 &
605 828 678 867 rideo,
704 828 738 867 qui
761 828 797 867 ribi
827 828 930 867 moderari

146 863 191 902 velit
212 863 230 902 id
258 863 331 902 ætatis,
352 863 387 902 qus
418 863 436 902 ui
457 863 509 902 juris
534 863 569 902 eſſe
597 863 670 902 debeas.
715 863 806 902 Euidem
834 863 845 902 ſi
866 863 876 902 vi
890 863 932 902 geſi-

148 901 182 942 mun
215 901 325 942 attigiſſem
348 901 444 942 annuum,
471 901 517 942 meus
537 901 601 942 ſciret
611 901 670 942 puter
690 901 767 942 quibus
787 901 886 942 teriniiis
900 901 930 942 pa-

147 936 199 978 cernu
232 936 338 978 deſiniatur
356 936 485 978 auctoritas.
529 936 591 978 Gratia
613 936 708 978 Superis,
730 936 752 978 eſt
763 936 796 978 ille
815 936 881 978 bonuus
910 936 932 978 ir.

398 975 688 1010 PATRICIS.

196 1011 245 1050 Quid
270 1011 295 1050 me
320 1011 423 1050 reſpicis?

425 1048 661 1076 IRENÆUUS.

200 1075 263 1123 Gratia
292 1075 387 1123 Superis,
417 1075 435 1123 et
464 1075 494 1123 ille
516 1075 582 1123 bonus
607 1075 651 1123 vir,
677 1075 695 1123 &
736 1075 750 1123 oc
776 1075 816 1123 uno
842 1075 934 1123 moleſtus

143 1117 199 1155 quod
229 1117 249 1155 me
269 1117 383 1155 hlanditiis
403 1117 493 1155 oneret,
519 1117 536 1155 ac
556 1117 619 1155 propè
646 1117 709 1155 enecet
733 1117 783 1155 ſuis.
829 1117 936 1155 Ferendus

148 1155 207 1195 tamen
235 1155 267 1195 eſl,
295 1155 330 1195 dum
357 1155 385 1195 vel
413 1155 434 1195 me
452 1155 480 1195 illi
501 1155 602 1195 fortunu,
630 1155 658 1195 vel
675 1155 728 1195 illum
756 1155 801 1195 mibi
822 1155 878 1195 uors
899 1155 930 1195 au-

145 1190 209 1228 ferat.
249 1190 385 1228 Profecturus
405 1190 429 1228 eſt
445 1190 505 1228 hodiè
529 1190 593 1228 neſcio
617 1190 661 1228 quò.
689 1190 729 1228 Hon

396 1229 687 1256 PATRICIUS.

194 1263 244 1301 Quid
266 1263 347 1301 hæres?

418 1299 663 1328 IRENUS.

190 1327 323 1370 Profecturus
348 1327 369 1370 eſt
389 1327 448 1370 hodiè
468 1327 535 1370 neſcio
556 1327 602 1370 quò.
643 1327 685 1370 Eius
710 1327 818 1370 profectio
843 1327 934 1370 conſiliis

144 1370 199 1410 favet
225 1370 276 1410 meis.
309 1370 328 1410 Si
342 1370 372 1410 res
390 1370 437 1410 bene
456 1370 595 1410 proceſierit,
617 1370 672 1410 ſcies.
712 1370 723 1410 Iu
749 1370 789 1410 cape
811 1370 925 1410 exemplum

147 1407 161 1446 de
191 1407 227 1446 me,
253 1407 264 1446 ſi
285 1407 347 1446 ſapis,
377 1407 395 1446 &
413 1407 468 1446 vale.

391 1443 683 1471 PATRICIUS.

182 1467 218 1520 Iam
246 1467 266 1520 ne
290 1467 350 1520 vides
370 1467 429 1520 quàm
453 1467 553 1520 temere,
585 1467 597 1520 &
621 1467 705 1520 injuriâ
732 1467 832 1520 Philtam
864 1467 876 1520 in
904 1467 932 1520 ſu-

142 1514 260 1550 ſpicionem
291 1514 433 1550 adduxeri?

885 1539 885 1592 I

942 1718 952 1740 it
