1000 1743
271 79 816 132 c O ECUS.AMOR
133 98 185 131 I42
334 139 662 168 IRNÆUS.
168 175 512 212 Bene, nihilne præterea?
376 214 687 249 PATRICIUS.
169 238 992 288 Quosdam eſſe moleſtos homines, qui alienis rebus te-
136 285 635 323 mere ſe, & importunè admiſceant.
407 321 686 349 IRENÆUS.
141 349 992 398 Optimè. At nonne docet eadem quosdam eſſe patres
136 392 738 432 nimis erga liberos amore miſerè excæcatos?
383 431 737 457 PATRICIUS.
137 462 990 507 Tu, qui tam oculatus es, lege, & uter uoſtrum cæcu-
140 503 621 538 tiat vide. Irenæo tradit epiſtolam.
407 540 669 583 IRENÆS.
172 577 269 605 Placet.
388 612 699 640 PATRICIUS.
136 637 988 688 Sed eâ conditione, ut ſi hanc epiſtolam Philotæ fadsâ
124 686 715 730 attributam oſtendero, palinodiam canas.
404 722 665 750 IRLNÆUS.
138 746 988 795 Volo. Legamus (Epiſtolam recipit.) Te amo, tibique
135 792 986 831 gratulo, Pamphile, quòd pateruæ auctoritatis jugum excuſ-
129 828 989 867 ſeris,; patrea tuum admiror, & rideo, qui tibi moderari
138 863 985 902 velit id ætatis, quo tui juris eſe debeas. Equidem ſi vigeſi-
135 901 985 942 mum attigiſſem anum, metus ſciret pater quibus termis pa-
138 936 984 978 erna definiatur auctoritas. Gratia uperis, eſt ille honus ir.
350 975 695 1010 PATRICIUS.
175 1011 448 1050 Quid me reſpicis?
419 1048 669 1076 IRENÆUS.
180 1075 985 1123 Gratia Superis, eſt ille bonus vir, & hoc ano moleſtus
139 1117 984 1155 quod me blanditis oneret, ac propè enecet ſuis. Ferendus
140 1155 984 1195 tamen eſt, dum vel me illi fortuna, uel illum mibi mors au-
134 1190 756 1228 ferat. Profecturas eſt hodi neſcio quò. Hon!
383 1229 694 1256 PATRICIUS.
175 1263 349 1301 Quid hæres?
413 1299 667 1328 IRENÆUS.
173 1327 983 1370 Profecturus eſt hodiè neſcio quò. Eus profectio conſliis
128 1370 983 1410 favet meis. Si res bene procejjerit, ſcies. ſu cape exemplum
134 1407 475 1446 de me, ſi ſapis, & vale.
381 1443 687 1471 PTICIUS.
143 1467 982 1520 Iam ne vides quàm temere, & injuriâ Philotam in ſu-
135 1514 441 1550 ſpicionem adduxerit?
813 1539 982 1592 1x
1 1695 263 1741 t
813 1710 922 1735 ttn
875 1718 997 1740 i
