1000 1743
342 54 520 90 PATRU
554 54 593 90 M.

827 67 873 95 1I5:

344 114 461 140 IREN
505 114 545 140 EU
571 114 590 140 S.

112 147 195 187 Utinam
216 147 241 187 ſic
253 147 266 187 in
295 147 374 187 Philotâ
391 147 453 187 fallar
474 147 528 187 ego,
544 147 565 187 ut
582 147 590 187 tu
611 147 698 187 falleris
711 147 723 187 in
753 147 865 187 Eugenio:

308 187 568 213 PATRICI
595 187 614 213 S.

116 221 150 264 Quò
178 221 264 264 pergis?

339 259 588 286 IRENES.

115 294 214 332 Quoniam
239 294 276 332 per
294 294 386 332 tempus
404 294 470 332 licet,
496 294 551 332 unas
573 294 610 332 aut
632 294 694 332 binas
716 294 786 332 ſeribo
804 294 863 332 domi

65 319 161 375 litteras,
187 319 241 375 quas
264 319 302 375 tibi
322 319 460 375 profecturo
479 319 582 375 tradam.

314 371 610 397 PATRICIUS.

107 403 174 444 Binas,
202 403 289 444 ternas,
317 403 453 444 qunternas,
480 403 491 444 ſi
508 403 585 444 lubet,
606 403 679 444 ſeribe
697 403 707 444 in
735 403 777 444 hoe
794 403 861 444 ſeere-

67 438 123 484 tiore
147 438 259 484 conelavi,
287 438 329 484 nam
357 438 375 484 te
389 438 462 484 abeſſe
483 438 553 484 nolo,
578 438 595 484 te
616 438 644 484 rei
669 438 739 484 teſtem
770 438 837 484 volo.

341 481 580 509 IRENÆUS.

100 517 173 544 Adero
191 517 285 544 lubens.

167 543 315 584 3
198 543 380 584 X
291 543 505 584 4
323 543 512 584 4
354 543 603 584 4
577 543 577 584 X
609 543 609 584 X
640 543 640 584 4
672 543 672 584 X
703 543 703 584 X
768 543 768 584 X
798 543 863 584 XR4

123 568 123 596 X
402 568 402 596 4

616 593 646 609 V

233 594 316 627 SC
383 594 388 627 E
440 594 466 627 N
528 594 533 627 A
616 594 719 627 XVI.

284 638 572 676 PATRICIUS
600 638 668 676 ſolus.

130 673 178 713 UID
200 673 277 713 capiam
310 673 390 713 conſilii
434 673 471 713 aut
493 673 544 713 quas
559 673 585 713 ad
603 673 662 713 artes
691 673 713 713 me
735 673 867 713 conferam?

140 709 154 746 Si
176 709 319 746 fingerem..
334 709 334 746 ·
348 709 389 746 non
414 709 495 746 placet.
531 709 582 746 Quid
601 709 656 746 ſi...
674 709 747 746 neque
769 709 798 746 res
809 709 872 746 bene

74 714 264 796 procederet..
281 714 302 796 at
323 714 378 796 enim
407 714 534 796 poſſum..
576 714 614 796 non
652 714 707 796 malè.
749 714 808 796 Illud
829 714 875 796 qui-

77 783 115 822 dem
143 783 248 822 comicum
269 783 290 822 ac
310 783 419 822 ludicrum
450 783 488 822 eſt,
509 783 541 822 ſed
558 783 666 822 idoneum
694 783 719 822 ad
739 783 792 822 rem.
827 783 869 822 Fin-

77 820 112 862 gam
161 820 213 862 rimò
234 820 293 862 hon,
318 820 381 862 hon,
402 820 458 862 hon.
496 820 583 862 Singula
608 820 646 862 quæ
671 820 747 862 cogitat
765 820 870 862 numerat

78 857 151 893 digitis
169 857 190 893 d&
207 857 319 893 imitando
340 857 451 893 exprimit.
490 857 612 893 Deinde...
626 857 685 893 hon,
713 857 780 893 hon.
818 857 818 893 .
839 857 874 893 in-

74 890 130 938 terim
155 890 270 938 latitabo,
294 890 354 938 hon,
375 890 465 938 hon...
490 890 525 938 ubi
546 890 637 938 tempus
658 890 706 938 erit,
727 890 871 938 prodibo...

72 930 135 971 hon,
153 930 212 971 hon,
230 930 282 971 hon.
310 930 419 971 Irenæum
440 930 576 971 advocabo,
604 930 667 971 hon,
685 930 744 971 hon,
765 930 853 971 hon..

75 966 145 1003 bene,
163 966 296 1003 ingeniosè.
341 966 390 1003 Pol
425 966 509 1003 magnas
526 966 638 1003 utilitates
656 966 722 1003 habet
740 966 876 1003 ingenium.

78 999 209 1039 Ingenioſis
224 999 366 1039 hominibus
385 999 438 1039 nihil
454 999 550 1039 arduum
580 999 611 1039 eſt.
649 999 741 1039 Superil
772 999 810 1039 quâ
829 999 879 1039 per-

79 1037 159 1076 fundar
177 1037 265 1076 lætitiâ,
302 1037 342 1076 cum
375 1037 481 1076 Irenæum
514 1037 594 1076 erroris
624 1037 763 1076 convieero,
799 1037 817 1076 &
836 1037 858 1076 lin

84 1075 137 1117 guam
164 1075 203 1117 ipſi
225 1075 348 1117 oceluſero.
371 1075 478 1117 Ignoſce,
516 1075 612 1117 Philota,
643 1075 704 1117 quod
723 1075 796 1117 faciam
815 1075 880 1117 amo-

80 1111 106 1147 ris
124 1111 249 1147 perieulum
271 1111 311 1147 tui.
344 1111 370 1147 Eſt
385 1111 421 1147 ille
440 1111 528 1147 quidem
557 1111 605 1147 mihi
619 1111 689 1147 notus
707 1111 722 1147 &
737 1111 879 1147 perſpectus,

80 1147 171 1182 ſedenim
196 1147 230 1182 qui
248 1147 325 1182 amant
349 1147 367 1182 &
384 1147 496 1182 redamari
513 1147 531 1182 ſe
545 1147 643 1182 putant,
667 1147 688 1182 id
712 1147 758 1182 verò
775 1147 821 1182 aliis
842 1147 877 1182 du-

81 1181 135 1223 bium
165 1181 200 1223 eſſe
219 1181 341 1223 nequeunt
360 1181 418 1223 pati:
448 1181 486 1223 rem
509 1181 681 1223 aggrediamur
700 1181 811 1223 impigrè.
850 1181 884 1223 At-

85 1221 136 1270 enim
158 1221 268 1270 adjutore
293 1221 315 1270 eſt
341 1221 407 1270 opus.

180 1255 180 1280 X
274 1255 586 1280 XX4
468 1255 532 1280 XX
372 1255 776 1280 4
594 1255 620 1280 4
658 1255 658 1280 4
810 1255 810 1280 3

122 1264 144 1292 X

639 1278 673 1293 R

234 1300 311 1345 SC
376 1300 382 1345 E
442 1300 464 1345 N
524 1300 753 1345 AXVII.

624 1301 671 1318 V

117 1335 502 1382 DOLOPIILUS,
545 1335 873 1382 PATRICIUS.

132 1379 349 1416 DOLOPHILUS
377 1379 391 1416 in
419 1379 521 1416 tbentrum
552 1379 626 1416 prodit
647 1379 703 1416 quſi
720 1379 766 1416 auſu
787 1379 853 1416 gieus,

307 1417 370 1452 neque
403 1417 640 1452 Paticiun
562 1417 676 1452 ddverrens.

246 1450 868 1529 XXXXXXXXX

693 1526 705 1552 H
737 1526 737 1552 2

96 1523 156 1564 a,
179 1523 198 1564 ah

980 1699 989 1719 .

952 1715 975 1740 i
