1000 1743
353 86 603 116 PATRIM.

827 95 867 122 I1I7

293 132 337 171 DO
373 132 641 171 LOPHILU3.

99 170 139 212 Me
163 170 223 212 voeat
250 170 378 212 Eugenius.

312 213 616 240 PATRICIUS.

107 249 158 287 Cave
176 249 322 287 reſpondeas.
359 249 472 287 Sequere,
491 249 604 287 propera.

327 288 601 315 EUGENIDS.

103 324 173 359 Hens,
207 324 346 359 Dolophile.

322 372 355 392 XX

146 383 587 416 4X
529 383 529 416 R
722 383 722 416 R

192 418 272 455 SC
339 418 425 455 EN
486 418 486 455 A
578 418 743 455 XVIII.

122 478 126 517 E
158 478 326 517 UGENIUS
357 478 393 517 cum
417 478 493 517 rculâ
513 478 569 517 quam
600 478 660 517 geſtat
680 478 712 517 ſub
736 478 820 517 aoæilld.

112 522 219 560 BIlates?
250 522 334 560 nemo-
353 522 376 560 ne
399 522 422 560 eſt
445 522 480 560 qui
506 522 526 560 de
549 522 633 560 Irenæo
663 522 686 560 me
713 522 805 560 doceat?
832 522 870 560 nbi

123 560 157 596 nt,
183 560 253 596 utrum
290 560 346 596 verba
376 560 396 596 de
423 560 446 596 me
469 560 509 596 cum
536 560 596 596 patre
616 560 712 596 fecerit,
735 560 785 596 quid
802 560 819 596 ab
845 560 865 596 eo

66 594 166 637 reſponſi
185 594 277 637 tulerit,
304 594 342 637 hoc
365 594 380 637 ſe
403 594 595 637 renuneiaturum
621 594 771 637 promiſerat.
805 594 870 637 Nihil

68 633 150 674 retulit.
189 633 241 674 Quid
262 633 353 674 putem?
379 633 418 674 ahl
444 633 539 674 nimium
565 633 686 674 intelligo.
730 633 790 674 Nihil
816 633 873 674 egit,

65 671 109 708 imò
131 671 193 708 quod
211 671 299 708 noluit,
329 671 387 708 quod
406 671 486 708 neſeit,
516 671 563 708 mihi
585 671 673 708 exilium
695 671 872 708 acceleraverit.

71 705 111 746 Heu
147 705 251 746 mel...
287 705 338 746 Ergo
362 705 498 746 adornanda
526 705 641 746 profectio
665 705 701 746 eſt,
733 705 873 746 colligendæ

68 743 116 784 ſunt
137 743 265 784 ſarcinulæ,
295 743 346 784 quas
372 743 383 784 in
412 743 448 784 hac
474 743 591 784 recondam
620 743 715 784 areulâ;
741 743 759 784 &
788 743 862 784 mocum

66 780 179 819 auſeram.
227 780 337 819 Colligere
355 780 392 819 non
421 780 487 819 fuerit
513 780 594 819 longus
619 780 696 819 labor;
726 780 748 819 ex
770 780 873 819 paternis

69 817 134 859 rehus
150 817 245 859 auferam
272 817 337 859 nihil,
368 817 448 859 præter
467 817 559 859 odium,
594 817 674 859 grande
697 817 766 859 onus,
797 817 812 859 &
827 817 862 859 jam

74 854 96 888 diu
121 854 235 888 collectum
264 854 319 888 mihi.
356 854 378 888 Ex
400 854 502 888 maternis
521 854 598 888 opibus
616 854 675 888 nihil
697 854 774 888 mecum
796 854 873 888 aſpor-

70 887 118 938 tabo
140 887 220 938 præter
235 887 294 938 hane
312 887 407 938 pixidem
440 887 565 938 (Pixidem
598 887 667 938 everit
689 887 700 938 in
726 887 766 938 qud
792 887 865 938 depicta

78 926 147 976 miatris
166 926 238 976 imago
257 926 299 976 eſt.)
318 926 330 976 in
364 926 402 976 quâ
433 926 502 976 matris
525 926 605 976 depicta
628 926 708 976 imago
731 926 765 976 eſt.
807 926 872 976 Dulee

73 963 169 1003 Pignusl
197 963 293 1003 pretioſa
317 963 393 1003 imago
413 963 449 1003 ſed
477 963 525 1003 meis
545 963 649 1003 quotidie
661 963 745 1003 aſperſa
765 963 785 1003 ae
805 963 877 1003 prope

76 998 138 1037 deleta
164 998 325 1037 laerymis.
369 998 373 1037 O
402 998 461 1037 mater
512 998 582 1037 dilecta
622 998 696 1037 materl
729 998 740 1037 ſi
762 998 795 1037 qua
820 998 876 1037 tibi,

70 1034 118 1075 poſt
146 1034 230 1075 mortem
266 1034 294 1075 tui
326 1034 370 1075 eura
398 1034 494 1075 Eugenii
514 1034 614 1075 ſupereſt
638 1034 678 1075 (&
698 1034 754 1075 certè
774 1034 878 1075 ſupereſt

70 1071 162 1113 aliqua)
182 1071 238 1113 illum
270 1071 369 1113 reſpice,
393 1071 473 1113 ſortem
505 1071 545 1113 ejus
577 1071 692 1113 miſerere.
712 1071 732 1113 ..
748 1071 784 1113 hei
812 1071 872 1113 mihil

72 1108 88 1146 tu
116 1108 188 1146 quoad
208 1108 292 1146 vixiſti,
320 1108 396 1146 aderas
416 1108 540 1146 ſolatium,
564 1108 712 1146 præſidium,
732 1108 748 1146 &
768 1108 836 1146 ſalus.
856 1108 872 1146 ··

73 1143 96 1183 At
115 1143 230 1183 poſtquam
261 1143 276 1183 te
307 1143 353 1183 mihi
383 1143 456 1183 miſero
479 1143 601 1183 immatura
628 1143 682 1183 mors
697 1143 808 1183 abſtulit,
831 1143 877 1183 quæ

81 1179 106 1220 me
128 1179 209 1220 deinde
238 1179 307 1220 manus
326 1179 413 1220 ſervare
432 1179 519 1220 poteſt?
552 1179 611 1220 cujus
636 1179 691 1220 opem
720 1179 856 1220 implorabo

125 1220 125 1277 .
185 1220 253 1277 ,,
273 1220 863 1277 *XaXXXXXXXxx

392 1230 425 1247 XE
457 1230 489 1247 X4
520 1230 520 1247 Y
617 1230 617 1247 X
649 1230 649 1247 X
682 1230 682 1247 X
714 1230 744 1247 XX
777 1230 777 1247 X

231 1276 237 1309 S
311 1276 311 1309 C
379 1276 469 1309 EN
528 1276 533 1309 A
639 1276 723 1309 XIX.

627 1276 630 1294 V

204 1327 204 1343 T
233 1327 233 1343 I

241 1325 463 1366 ILOTAS,
512 1325 555 1366 EU
599 1325 806 1366 GENIUS.

340 1369 613 1404 PIILOTAS.

106 1401 183 1448 νSM
213 1401 229 1448 te
255 1401 405 1448 quærebam,
443 1401 539 1448 Eugeni,
573 1401 616 1448 dum
650 1401 719 1448 nemo
750 1401 788 1448 nos
807 1401 880 1448 audit,

120 1445 193 1483 paucis
215 1445 229 1483 te
251 1445 313 1483 volo.

347 1484 355 1511 E
387 1484 619 1511 UUGENIUS.

131 1520 180 1566 Quid
199 1520 238 1566 eſt,
267 1520 349 1566 frater

724 1556 728 1591 3
