1000 1743
330 96 741 135 COECUSAMOR

135 104 173 140 11S

398 149 671 189 PHILOTAS.

177 186 241 232 Iſtud
265 186 369 232 depone,
401 186 461 232 quod
489 186 541 232 geris
565 186 629 232 onus,
661 186 677 232 &
693 186 749 232 audi
777 186 813 232 me,
841 186 873 232 jam
905 186 929 232 diu

136 225 199 263 video
223 225 241 263 &
262 225 352 263 ſummo
380 225 419 263 em
454 225 527 263 dolore
558 225 618 263 video
646 225 712 263 tecum
747 225 813 263 agere
834 225 936 263 patrem,

132 261 169 307 non
195 261 216 307 ut
238 261 297 307 deeet
315 261 417 307 patrem,
439 261 476 307 ſed
494 261 648 307 inclementer
666 261 812 307 admodum.
841 261 863 307 Id
885 261 936 307 certè

133 301 186 338 tuli,
217 301 232 338 &
251 301 301 338 fero
327 301 449 338 ægerrimè.

403 338 407 373 E
442 338 675 373 UGENIUS.

168 370 271 410 Multùm
294 370 332 410 tibi
359 370 420 410 debet
439 370 566 410 Eugenius,
596 370 654 410 quòd
673 370 688 410 te
715 370 811 410 miſereat
834 370 872 410 ſui.
907 370 937 410 Fa-

136 409 163 453 xit
186 409 247 453 Deus,
270 409 309 453 pro
328 409 366 453 iſtâ
385 409 420 453 tuâ
439 409 451 453 in
481 409 565 453 fratrem
592 409 772 453 benevolentiâ,
803 409 822 453 ut
849 409 937 453 ſemper

132 447 256 490 propitium
282 447 363 490 habeas
381 447 484 490 patrem.

402 485 673 510 PHILOTAS.

166 517 235 562 Malis
255 517 297 562 tuis
316 517 423 562 indolere
442 517 519 562 parum
549 517 584 562 eſt:
603 517 634 562 his
649 517 710 562 etiam
749 517 825 562 mederi
844 517 936 562 eogito.

395 559 399 584 E
435 559 625 584 UGENIU
654 559 672 584 S.

164 584 236 636 Mitte
264 584 424 636 cogitationem
452 584 528 636 iſtam,
556 584 635 636 frater,
663 584 679 636 &
703 584 727 636 me
747 584 867 636 calamitati
887 584 935 636 per-

136 632 206 660 mittas
239 632 298 660 meæ.

400 668 676 702 PHILOTAS.

175 693 195 744 Te
211 693 211 744 ·
227 693 251 744 ne
275 693 343 744 patiar
367 693 447 744 iniquâ
467 693 547 744 tamdiu
570 693 682 744 ſervitute
710 693 826 744 opprimi,
862 693 898 744 nec
918 693 934 744 te

124 739 161 767 illâ
186 739 252 767 coner
274 739 390 767 eximere?

390 778 394 813 E
432 778 669 813 UGENIUS.

171 806 217 855 Vani
240 806 305 855 erunt
328 806 423 855 eonatus
446 806 488 855 tui,
515 806 595 855 patrem
634 806 653 855 ex
679 806 771 855 infenſo
798 806 878 855 reddes
901 806 935 855 in-

127 846 291 880 fenſiſſimum,
321 846 361 880 hoc
383 846 463 880 eſficies
485 846 573 880 unum.

397 887 669 922 PHILOTAS.

172 907 202 962 Vis
227 907 277 962 ergo
297 907 356 962 patre
377 907 464 962 ſemper
485 907 543 962 irato
564 907 623 962 firui,
648 907 664 962 &
677 907 718 962 hoe
735 907 814 962 lentus
831 907 935 962 videaml

396 959 400 985 E
476 959 669 985 GENIIS.

163 987 183 1036 Ah
239 987 319 1036 frater,
347 987 399 1036 non.
414 987 506 1036 videbis
526 987 566 1036 diu.
602 987 658 1036 Patre
678 987 733 1036 irato
749 987 825 1036 fruar,
853 987 889 1036 ſed
897 987 933 1036 ab-

126 1029 198 1063 ſente.

397 1069 401 1096 P
430 1069 620 1096 HILOTA
653 1069 672 1096 S.

181 1097 229 1140 Quid
250 1097 293 1140 iu?

394 1140 397 1177 E
436 1140 665 1177 UGENIIS.

170 1162 227 1212 Paulò
247 1162 369 1212 antequm
396 1162 411 1212 in
438 1162 487 1212 viam
518 1162 529 1212 ſe
556 1162 613 1212 daret
632 1162 705 1212 pater,
739 1162 823 1212 vocavit
850 1162 888 1212 me,
915 1162 930 1212 &

135 1211 212 1251 minaci
230 1211 282 1251 voce
300 1211 348 1251 para
373 1211 403 1251 te,
432 1211 524 1251 inquit,
546 1211 571 1251 ad
593 1211 802 1251 proſiciſcendum.
843 1211 879 1251 Quò
905 1211 931 1251 me

135 1246 211 1291 mittis,
234 1246 349 1291 inquam?
387 1246 425 1291 Eò,
452 1246 570 1291 reſpondit
589 1246 635 1291 ille,
662 1246 723 1291 unde
742 1246 819 1291 neque
845 1246 914 1291 facilis

126 1284 196 1320 neque
217 1284 343 1320 proimptus
360 1284 381 1320 ſit
406 1284 507 1320 reditus.

330 1323 664 1356 rPHIIIOTAS.

159 1350 251 1396 Superil
283 1350 379 1396 hoecine
399 1350 423 1396 eſt
443 1350 527 1396 patrem
555 1350 603 1396 eſſe,
631 1350 671 1396 nee
695 1350 707 1396 tu
743 1350 783 1396 tale
803 1350 931 1396 prævertas

131 1393 229 1435 malum?

391 1431 391 1456 E
467 1431 665 1456 GENIUS.

160 1464 210 1501 Nam
240 1464 294 1501 quid
321 1464 343 1501 me
366 1464 393 1501 vis
408 1464 488 1501 agere?

394 1499 398 1529 P
467 1499 662 1529 IIOTAS.

168 1523 251 1572 Operam
286 1523 332 1572 mihi
359 1523 447 1572 mutuam
475 1523 597 1572 pollicere,
624 1523 666 1572 hoe
687 1523 750 1572 unum
785 1523 848 1572 volo.

841 1710 926 1735 eXXX2

940 1718 991 1740 iH
