1000 1743
328 77 541 112 COECUS
589 77 744 112 AMOR

129 82 167 106 I22

399 130 675 166 PHILOTAS.

174 165 226 218 Quid
252 165 338 218 ploras,
373 165 468 218 Eugeni,
503 165 550 218 quid
576 165 654 218 eiulas?
684 165 788 218 nondum
818 165 931 218 audiviſti

125 202 179 244 quid
198 202 236 244 iſte
259 202 312 244 caſus
332 202 503 244 importaverit
534 202 587 244 mali.

394 242 398 273 E
474 242 666 273 GENIUS.

169 275 269 318 Oecidit,
293 275 405 318 inquam,
433 275 509 318 pater,
541 275 629 318 oecidit.
665 275 701 318 Hei
733 275 781 318 mihi

389 316 661 351 PIILOTAS.

171 337 217 388 Quin
242 337 254 388 tu
283 337 375 388 narrare
391 337 483 388 pergis:

354 391 700 431 DOLOFHILUS.

157 424 231 465 Statim
255 424 381 465 accurrunt
402 424 444 465 cum
472 424 559 465 famulo
576 424 685 465 homines
699 424 734 465 qui
754 424 870 465 cadentem
894 424 922 465 vi-

124 459 208 504 derant.
245 459 392 504 Deſcendunt
410 459 425 504 in
454 459 545 504 foſſam,
567 459 677 504 aſflictum
710 459 725 504 &
747 459 853 504 jacentem
886 459 923 504 eri-

127 498 190 542 gunt,
211 498 337 542 ſuſcipiunt
358 498 473 542 manibus,
498 498 585 542 vicinam
610 498 624 542 in
652 498 736 542 domum
760 498 921 542 transferunt,

119 534 149 579 ihi
163 534 222 579 lecto
237 534 372 579 imponitur
387 534 548 579 ſemianimis,
566 534 606 579 ſine
632 534 698 579 voce,
716 534 760 579 ſine
786 534 855 579 motu,
877 534 921 579 ſine

118 569 206 615 halitu,
232 569 254 615 ut
272 569 312 615 pro
342 569 426 615 mortuo
440 569 532 615 habitus
550 569 576 615 ſit.
605 569 693 615 Nullum
722 569 792 615 tamen
821 569 920 615 exſtabat

119 607 203 651 vulnus
220 607 231 651 in
262 607 349 651 capite,
370 607 408 651 aut
426 607 440 651 in
468 607 555 651 reliquo
576 607 681 651 corpore.
719 607 806 651 Malum
834 607 918 651 quipe

115 646 182 687 totum
213 646 255 687 erat
276 646 346 687 intus.
392 646 482 687 Tandem
510 646 577 687 variis
598 646 706 687 exeitatus
734 646 800 687 modis
821 646 877 687 redit
891 646 916 687 ad

115 680 129 723 ſe
150 680 286 723 paululùm,
314 680 401 723 attollit
426 680 502 723 caput,
534 680 565 723 vos
582 680 663 723 ambos
690 680 764 723 vocat.

388 722 661 752 EGENIUS.

150 754 192 793 Me
215 754 291 793 vocat?
318 754 333 793 ah
360 754 372 793 ſi
402 754 425 793 me
448 754 547 793 noviſſet
570 754 647 793 pater,
673 754 807 793 amaviſſot;
842 754 857 793 &
876 754 914 793 no-

119 788 182 822 verit,
210 788 221 822 ſi
242 788 312 822 vivet.

348 823 696 866 DOLOPHILUS.

149 852 193 906 Ahl
215 852 252 906 non
277 852 343 906 vivet.
369 852 428 906 Mox
450 852 534 906 cervice
549 852 600 906 laſsâ
626 852 699 906 ægrum
721 852 816 906 reponit
838 852 915 906 caput,

116 900 189 938 graves
212 900 227 938 &
246 900 334 938 longos
353 900 391 938 ciet
414 900 525 938 gemitus,
559 900 663 938 morienti
686 900 781 938 ſimilis,
812 900 827 938 &
850 900 911 938 morti

111 937 246 972 Ioximus.

288 973 490 1017 EUGENIUS
525 973 609 1017 repente
639 973 742 1017 ſurgens.

146 1010 196 1043 Ibo,
230 1010 294 1043 certe,
321 1010 370 1043 ibo.

376 1051 642 1082 PHILOTAS.

157 1081 260 1121 Quorſum
286 1081 340 1121 ibis?

376 1116 652 1153 EUGENIUUS.

141 1150 195 1198 Ibo;
226 1150 241 1198 &
264 1150 379 1198 extremos
398 1150 494 1198 ſpiritus
521 1150 640 1198 morientis
655 1150 747 1198 legam.

335 1195 381 1234 DO
415 1195 458 1234 LO
492 1195 683 1234 PHILIS.

145 1215 193 1268 Siſte
221 1215 317 1268 Eugeni,
345 1215 405 1268 ſiſte;
433 1215 493 1268 priùs
513 1215 589 1268 vivere
617 1215 705 1268 deſierit
729 1215 805 1268 pater,
841 1215 901 1268 quàim

98 1262 124 1300 ad
146 1262 212 1300 ipſum
241 1262 387 1300 perveneris.

365 1305 640 1336 EUGENIS.

135 1324 212 1376 Saltem
233 1324 362 1376 amplectar
390 1324 522 1376 mortuum,
550 1324 610 1376 quem
634 1324 742 1376 amplecti
763 1324 833 1376 vivum
858 1324 893 1376 non

99 1370 171 1410 licuit.
207 1370 246 1410 Duc
278 1370 314 1410 me,
350 1370 481 1410 Dolophile.

366 1414 635 1442 PHILOTAS.

149 1443 186 1489 Quo
215 1443 273 1489 ruis,
302 1443 383 1489 frater,
408 1443 423 1489 tu
460 1443 481 1489 ne
507 1443 562 1489 luctu
595 1443 701 1489 perditus
726 1443 785 1489 exeas
818 1443 898 1489 domo,

99 1472 118 1520 &
137 1472 214 1520 urbem
244 1472 325 1520 ululatu
363 1472 485 1520 compleas?

368 1524 634 1554 EUGENIUS.

135 1549 206 1603 Sinite
227 1549 231 1603 (
248 1549 339 1603 contur
360 1549 372 1603 ſe
393 1549 526 1603 fubducere,
547 1549 617 1603 fratri
638 1549 659 1603 d&
676 1549 780 1603 famulo.)
813 1549 892 1603 Patrem

957 1685 974 1719 r
