1000 1743
341 66 589 102 PATRUM.

818 71 861 109 129

332 118 530 150 IRENEU
558 118 578 150 S.

86 162 132 209 Non
159 162 236 209 omnes
255 162 327 209 eodem
350 162 396 209 ſunt
415 162 515 209 ingenio
526 162 698 209 adoleſcentes.
717 162 790 209 Multi
802 162 851 209 ſunt

57 202 108 245 quos
130 202 233 245 parentes
258 202 332 245 amare
353 202 463 245 poſſunt,
485 202 573 245 absque
595 202 708 245 perieulo.
749 202 793 245 Nee
811 202 855 245 un-

54 238 114 286 quam
142 238 222 286 lileros
240 238 341 286 amando
358 238 432 286 perdit
453 238 526 286 pater,
551 238 589 286 eùm
617 238 743 286 prudenter
760 238 834 286 amat.

308 284 608 326 PATRICIUS.

102 320 151 375 Doce
168 320 239 375 igitur
264 320 318 375 quid
335 320 355 375 ſit
376 320 505 375 prudenter
522 320 613 375 amare,
643 320 688 375 nam
718 320 767 375 ego.
788 320 805 375 ·.

332 372 576 401 IRENEUS.

92 414 134 455 Non
161 414 176 455 is
195 414 234 455 ego
253 414 291 455 ſum
314 414 371 455 alios
394 414 428 455 qui
451 414 570 455 edoeeam.
600 414 661 455 Illud
684 414 753 455 tamen
787 414 848 455 dieam

61 451 118 495 quod
145 451 184 495 ipſa
218 451 295 495 natura
322 451 467 495 præſeribit,
506 451 525 495 &
552 451 605 495 ratio
636 451 785 495 comprohat.
831 451 862 495 Sit

65 488 161 531 æqualis,
194 488 223 531 vel
248 488 300 531 certè
325 488 424 531 videatur
464 488 545 531 æqualis
571 488 582 531 in
618 488 695 531 omnes
717 488 801 531 liberos
823 488 864 531 pa-

60 526 137 567 ternus
151 526 224 567 amor.
270 526 301 567 Ne
322 526 343 567 ſit
367 526 455 567 ſeverus
483 526 563 567 nimis,
588 526 626 567 aut
647 526 717 567 nimis
738 526 857 567 remiſſus;

62 562 138 608 pareus
157 562 237 608 nimis,
263 562 299 608 aut
318 562 383 608 nimis
402 562 522 608 prodigus.
570 562 643 608 Atque
668 562 690 608 ut
723 562 782 608 multa
811 562 855 608 uno

68 599 130 640 verbo
156 599 306 640 complectar,
332 599 416 640 liberos
434 599 471 640 non
500 599 596 640 propter
618 599 632 640 ſe
651 599 720 640 ipſum
746 599 805 640 amet
827 599 860 640 pa-

64 633 108 673 ter,
137 633 170 673 ſed
188 633 283 673 propter
298 633 371 673 ipſos,
404 633 418 673 &
437 633 458 673 id
484 633 543 673 curet
568 633 590 673 ut
608 633 711 673 amando
729 633 795 673 faciat
824 633 857 673 me-

60 671 137 713 liores.
188 671 225 713 Ego
250 671 265 713 te
291 671 382 713 nimium
426 671 507 713 moror.
554 671 594 713 Has
620 671 704 713 litteras
719 671 814 713 aceipe,
843 671 862 713 &

65 706 100 749 ubi
127 706 302 749 Rothomagum
337 706 486 749 perveneris,
516 706 574 749 ipſe,
600 706 639 749 niſi
673 706 784 749 moleſtum
818 706 860 749 eſt,

67 743 158 791 amicis,
185 743 269 791 quibus
285 743 399 791 inſeriptæ
418 743 480 791 ſunt,
510 743 590 791 redde.

323 787 619 827 PATRICIUS.

106 829 198 876 Aecipio
218 829 310 876 lubens,
342 829 357 876 &
377 829 465 876 reddam
493 829 585 876 ſedulò,
613 829 644 876 ſed
664 829 704 876 non
732 829 864 876 proficiſcar

97 861 157 918 odit.

351 886 592 943 IRENES.

115 938 195 987 Eequid
219 938 283 987 eauſæ
303 938 327 987 eſt
351 938 383 987 eur
407 938 535 987 deſtinatum
563 938 603 987 iter
623 938 731 987 omittas?

323 990 617 1019 PATRICIUS.

110 1029 132 1074 Ita
158 1029 195 1074 ſum
231 1029 279 1074 æger
301 1029 381 1074 animo
403 1029 422 1074 &
444 1029 553 1074 eorpore,
579 1029 601 1074 ut
623 1029 660 1074 non
693 1029 755 1074 auſim
788 1029 861 1074 pedem

79 1068 156 1109 efferre
178 1068 252 1109 domo.
285 1068 303 1109 Et
328 1068 376 1109 malè
405 1068 490 1109 metuo,
508 1068 530 1109 ne
559 1068 603 1109 mala
629 1068 687 1109 tuſſis
702 1068 786 1109 redeat.
805 1068 871 1109 Hon,

78 1109 134 1156 hon,
162 1109 214 1156 hon.
266 1109 346 1156 Leſtum
374 1109 442 1156 peto.

354 1151 553 1178 IRENEU
584 1151 599 1178 S.

117 1190 190 1232 Abjiee
217 1190 301 1232 omnem
328 1190 401 1232 animi
435 1190 615 1232 ægritudineim,
657 1190 753 1232 Patrici,
787 1190 806 1232 &
833 1190 871 1232 tibi

88 1228 196 1293 gratulare
216 1228 276 1293 quòd
292 1228 436 1293 ſimulando,
460 1228 472 1293 &
492 1228 548 1293 quaſi
572 1228 704 1293 Comœdiam
728 1228 876 1293 agendo.·

334 1274 626 1303 PATRICIUS.

123 1316 182 1358 Hon.
240 1316 315 1358 Qualem
352 1316 481 1358 Comœdium

357 1364 598 1390 IRENÆS.

135 1398 177 1446 Tibi
204 1398 323 1446 gratulare,
346 1398 457 1446 inquam,
488 1398 549 1446 quòd
568 1398 626 1446 illud
657 1398 837 1446 deprehenderis
860 1398 871 1446 in

23 1435 131 1482 lquo
149 1435 257 1482 parentes
281 1435 351 1482 errant
372 1435 491 1482 plerique,
519 1435 631 1482 quatenus
655 1435 693 1482 ſint
721 1435 760 1482 cari
788 1435 879 1482 liberis,

97 1473 109 1528 &
129 1473 249 1528 quomodo
269 1473 305 1528 ipſi
321 1473 417 1528 amandi
437 1473 477 1528 ſint
493 1473 565 1528 liberi.
621 1473 677 1528 Vale.

941 1698 953 1718 r

991 1718 991 1740 H
