1000 1743
249 66 640 102 PATRUM.
748 71 862 109 29
277 118 613 150 IRENÆUS.
15 162 858 209 .Nonomnes eodem ſunt ingenio adoleſcentes. Multi ſunt
15 202 863 245 quos parentes amare poſſunt, absque periculo. Nec un-
15 238 842 286 quam lileros amando perdit pater, cùm prudenter amat.
249 284 666 326 PATRICIS.
14 320 862 375 Doce igitur quid ſit prudenter amare, nam ego...
325 372 607 401 IRENÆUS.
17 414 925 455 Non is ego ſum alios qui edoceam. Illud tamen dicam
16 451 866 495 quod ipſa natura præſcribit, & ratio comprobat. Sit
16 488 868 531 æqualis, vel certè videatur æqualis in omnes liberos pa-
17 526 865 567 ternus amor. Ne ſit ſeverus nimis, aut nimis remiſſus;
16 562 863 608 parcus nimis, aut nimis prodigus. Atque ut multa uno
18 599 864 640 verbo complectar, liberos non propter ſe ipſum amet pa-
18 633 865 673 ter, ſcd propter ipſos, & id curet ut amando faciat me-
18 671 866 713 liores. Ego te nimium moror. Has litteras accipe, &
17 706 891 749 ubi Rothomagum perveneris, ipſe, niſi moleſtum eſt,
18 743 625 791 amicis, quibus inſcriptæ ſunt, redde.
310 787 626 827 PATRICIUS.
99 829 872 876 Accipio lubens, & reddam ſedulò, ſed non proficiſcar
20 861 161 918 hodit.
299 886 689 943 IREÆUS.
104 938 762 987 Ecquid cauſæ eſt cur deſtinatum iter omittas?
313 990 624 1019 PATRICIUS.
105 1029 935 1074 Ita ſum æger animo & corpore, ut non auſim pedem
19 1068 875 1109 efferre domo. Et malè metuo, ne mala tuſſis redeat. Hon,
19 1109 444 1156 hon, hon. Lectum peto.
347 1151 603 1178 IRENÆUS.
111 1190 879 1232 Abjice omnem animi ægritudinem, Patrici, & tibi
20 1228 879 1293 gratulare quòd ſimulando, & quaſi Comœdiam agendo...
323 1274 629 1303 PATRICIUS.
115 1316 509 1358 Hon. Qualem Comœdiam!
350 1364 602 1390 IRENÆUS.
117 1398 883 1446 Tibi gratulare, inquam, quòd illud deprehenderis in
22 1435 893 1482 quo parentes crrant plerique, quatenus ſint cari liberis,
22 1473 688 1528 & quomodo ipſi amandi ſint liberi. Vale.
1 1695 264 1741 t
813 1710 928 1735 mesr-
875 1718 997 1740 i
