587 963
196 22 417 49 (0
98 32 134 51 I4
93 57 584 89 rmum. Ap. i ſimillinm. Ch. E Eil. Ni-
94 82 584 114 hil τinus. Ap. nihil certius. Cbr. & Bil. ni-,
93 107 584 133 il inus. Ap. uihil certius; appello ad om-
93 132 584 158 nes pictores. Cbrem. & ego ad omnes licto-
93 157 584 183 res. Ap. eſt ectypon tuum veriſſimum. Cbr.]
93 181 584 207 E Bil. faſiſſimum. Ap. veriſſimum. Cbr. ,
93 206 584 233 Fl falſiſſimum, falſiſſimum. Doryl. ſimus bo-
93 233 545 258 ni. IItraque pars recte dicit in ſuo ſenſu.
92 257 544 284 Et ego ſentio cum vtroque, nempe pitnra,
92 281 543 304 t herus meus ſunt diſſimiliter ſimiles, & ſimi-
91 307 542 332 Iiter iſſimiles. Ap. non diſputabo vobiscum
91 331 543 358 pluribus, alios brevi teſtes habebo plurunos.
91 356 542 382 Cbrem. abi, abi tantum, & picturam tuam ad
90 381 541 406 Patrem refer. Ap, referam. Iu tamen ſole-
91 408 326 430 re debebis, velis nolis.
212 456 409 494 Scena Quinta.
91 496 392 521 Chremes. Filius. Dorylas.
114 535 539 559 Cbrem. Quanto labore ſtetit ſeprem floro-
47 560 540 584 nos in marſupio retinuiſſeI ſeptem forenos
87 583 538 610 pro una effigiel Quam impudentes lunt ita-
86 608 536 633 l pictores. Bil Faciunt, quod mercatores
86 634 537 659 ſubandi ſolent, duplo majus pretinm pro mer-
86 658 537 684 cibus ſuis exigunt. Sulphurati lign faſcicn-
85 684 536 711 lum quinque denariis pretio vendunt. Cbrem.
86 708 538 734 Caue puer, de majoribus tuis male loquaris.
46 733 538 759 Ponunt quidem ſabaudi, & ego ipſus exceſſi-
85 757 537 784 vum merci pretium, ſed ſi gnavum emptorem
85 783 538 808 Invenimus, demum ad infimum etiam pretium
86 807 564 833 deſcendimus. Dorl. Herel ſi pictorem cupis,
86 830 538 860 ſcio ego aliquem non italum, nec tam pretio-
78 854 538 883 ſum. Cbrem. quis iileI Doryl. in proximo
490 891 539 910 Pago
