573 960
185 37 368 68 R
468 43 501 62 1I
6 67 504 99 mos ſus arte illuſtruvit? Philipp. qut in ſcenis
5 97 504 124 ] etiam literaris laborat. Fil Qui veſpertilionem
3 123 505 150 pingit tam artlficiosè, vt in theatro Angolus ap-
4 149 546 174 pareat. Ap. Nolim cum cerdone certare. A
4 172 503 197 te ultimum quro. Effigiem tuam à Patre
6 196 503 224 meo elaboratam non ſolves Cbr. non ſol-
6 222 503 247 ]vam. Ap. Et ideo, quia non eſt vera effigie
5 246 503 272 tunI Cbν. Ita, quia non eſt, nullo modε eſt.
5 270 502 296 Neτo Diabulorum me in illa agnoſcret. Ap.
5 295 502 321 Dictorum teſtes vos omnes volo: attende tibi.
6 320 501 347 Cbr. Ita, uta. Teſtes hos omnes habeas, modò
6 345 533 373 ]abeas. Ap. Abeo. Sed attende tibi, C. Pn
6 370 501 398 quoquo nbeas, quolubet, Saxenhemum, vel
6 395 501 422 In Helvetiam, vel ad ſedem Apoſtolicem. N
7 419 500 447 ]hil mihi negotii cuo pictoribus, ſive Itali ſit,
7 445 501 473 ſive Germani, omnes ſuis laboribus ponot
7 470 500 497 ] enotmne pretium, & eonma omnem couſeien-
7 495 500 522 tiam. Sax. Facimus, vt vos ſabaudi merca-
6 520 500 546 tores. Fi. Veni ergò mecum ad Muatren, ro-
6 543 499 575 ſtant ibidem tibl perficiena. Sax. Luetur
6 569 160 605 riui.
165 604 366 634 Seena Sexta.
6 641 364 689 Chremes, Filius, Derlas.
44 687 499 717 Doryl. Heιel ſ tandeτ epigl eapis, &
5 712 497 740 qidem gratis, impono eg manum mean
5 737 499 768 r. Quid maoum tnaτo an pingere aliquan-
6 762 516 792 o didciſti? Doryl. etiam τarte proprio:
6 785 498 816 odò quidem hoe opificiom non amplius mul-
42 813 497 836 eum eercero ſoleo. Scis enlm me puerut
43 838 498 862 nm Pateo meo varios icnniſmos per pagos
4 861 498 894 cireumculiſſs, & vendidiſſe. Ex his iconiſmis
244 890 283 912 R3
469 886 499 906 ali-
