1056 1337
146 80 603 114 ACrVVS IV. SCENAV. a15
99 110 502 137 Taneæ ut procellæ ſolus objectes capue)
99 132 486 162 Seat ferre tecum quidquid eſt iſtuc rei,
91 154 500 182 Ant, nisi recuſas, antecedentem ſequas:
95 177 448 206 Aut, ſi tecnſas, antecedentem vide.
1 198 536 242 o idem requitunt proſpera, adverſa exigunt.
95 222 554 249 CRISP. Erpertus iſta teſtor. 6 fidum capue:
101 245 489 272 In rebus arctis cognitam Artemi fidem,
99 268 532 298 Veſtrmque laudo, milites, fidas manus,
66 288 593 323 Vorcque juxtâ: multa, quæ poſſim exſeq4ui,
47 312 527 345 Documenta veſtræ landis in memori ſedent
99 335 495 366 Aimo, nex illa tempus abolebit fugax.
98 358 502 386 Sed iſta, miles,. ſtudia nec præſens dies,
99 378 506 409 Nec res, nec uſus poſtulat: quidquid tibi
101 403 505 433 Pro mæ times, vel ſero vel fruſtra times.
47 425 524 456 2y0 e Ipero fruſtra: Cæſar accerſit domum:
107 447 553 475 Pater et & idem ; Cæſarem obſervo, patrem
50 469 492 496 Colo: vexeri mitte: qus ſingis metus!
108 491 448 519 Aut mue enur jura natumæ ſacra
86 513 512 545 Apud parentem; miles & fruſtra times:
65 536 504 569 5 Aut non mnentur: miles & fruſtra tegis.
111 559 477 589 Pietas inetmis eſſe ſecurum jubet:
59 580 483 612 Amaæa vix eſt tuma, nec culpâ vacat.
110 602 541 636 Quid me timendum facitis armatum patri?
109 626 558 659 Quid mihi timendum facitis inſonti patrem?
57 650 480 687 0 Ia patris hoſtes arma diſtringi decet.
110 674 504 705 Non in parentem. Si pater canſſæ favet;
112 698 462 726 Nolo timere: ſi pater cauſſæ nocet
114 721 445 749 Nolo timeri natus & miles patris.
114 684 667 817 enæ xusi0 prorisnis sin âm0ra ſnns
70 766 502 796 305 Perſtringit aures. Regis horreſco minas
117 789 469 816 Ardua jubentis: filij horreſco manus
117 811 501 840 eras patantis: proximum cerno nefas,
72 836 458 863 Niſi diſtinetur: omen avertat Deus.
117 855 567 897 nevvee grge.
71 884 492 909 20 bo, & furori primus opponam caput.
116 903 526 926 Stabo imer armma: filio edictum patrls
116 924 557 953 Effabor aoctr pacis, atque auctor necis.
115 950 443 974 i juſſs natris audiet natus pius;
115 968 522 1001 Rom qnod inſtat primus arcebo ſcelo:
61 992 519 1023 i i facinus urget impium; primus cadam.
241 1024 504 1052 E DI CT V .
113 1057 547 1090 Vicmaqne Criſui miles obvallas latus,
99 1081 521 1112 V Audi ouod orbis Rector edici jubet.
111 1105 485 1135 55jua Criſpo caſtra deſerto peris.
113 1126 517 1159 ratus urpe ni ctum exportas pedem,
60 1149 480 1183 Iiperia poſt audita confeſtim; loco
115 1171 476 1204 abebit hoſtis ipſe qui Cæſar jubes.
544 1156 672 1224 nn
