1145 2046
198 146 888 187 ACTVS PRIMVS. 195
74 204 699 253 Auraque ſemper leuior, & Ponti freto,
73 257 797 307 Quod feruet æſtu, & turbine, exundans magis.
72 308 819 359 Res magna, quam narrare non quiſquam queat,
74 363 663 407 Ventos laceſſens aquila, per cælum citis
73 415 618 462 Euecta pennis: coluber incedens leui
72 465 626 515 Per ſaxa lapſu, marmore in leui, ſui
73 517 658 565 Nullum relinquens corporis veſtigium:
73 572 714 619 Denique, per vndas pinus & ſpumas ruens
75 623 730 671 Pelagi tumenti. Sed quid haæc tandem tria
76 676 778 722 Vnam ad latentem, & penitus ignotam vian
75 727 641 776 Iuuenisprocacis, cuius occipiens modo
79 779 691 826 Ver molle, non dum flore veſtierit genass
79 831 828 880 Dificile quantum est regere iuuenilem impetum.
79 883 664 931 Vt ventum ad annos, eſſe quos iuris ſui
76 934 727 982 Putant iuuenci, & ruere certatim ſtudent,
75 989 698 1037 Nullo parentum, vel magiſtrorum metu,
74 1040 724 1087 Plerumque, qua facilior & praæceps via,
75 1093 640 1137 Trahit volentes, conſili expertes boni:
74 1143 667 1192 Niſi opprimatur illico exiſtens malum,
75 1197 590 1245 Ne longiore robur accipiat mora:
74 1248 745 1295 Primum eſſe tardus cœpit ad monitus meos,
75 1301 775 1346 ox inſolens, dein ſurdus:atque alias agens
74 1354 776 1401 Res, noſtra temnit verba:nec quidquam magi
79 1403 698 1451 Timere videor, quam malos hoſtis dolos,
78 1454 740 1504 Qui ſimplicem vſque captat adoleſcentiam,
79 1505 796 1552 VVt in barathrum, & Mortis imperium trahat.
80 1558 760 1607 Id ipſe metuens, & hominum moris memor,
79 1609 622 1660 PQui ſenſibus perſape ſe duci ſinunt,
565 1659 889 1713 N Velut
