1122 2046
534 142 869 177 ERGASTI
282 157 346 184 a0I
272 199 773 255 Fſte felices, memoreſque noſtri:
281 252 829 304 Supplices ſic vos homines precamur,
281 307 791 353 VVno vt exemplo polus atque tellus
554 359 743 394 Seruiat vni.
245 416 832 471 Tu potens rerum ſator, atque cuſtos,
253 470 830 522 Qui ſupra celſum reſides Olympum,
219 523 814 580 Cælitum cætus hominumque firmo
544 577 751 613 Fœdere vinci.
439 977 1079 1025 E PERne eamdem fabulam ſurdo cane,
439 1030 1028 1077 semper moleſtus, ſemper infeſtus mihit
439 1084 1106 1133 Numquam ne, per te, vtrique minueturlal
323 1135 908 1182 Iterata toties verba fundendi tibi,
320 1188 951 1234 Mihi audiendi? Tolle conſilium ac preces.
320 1239 1064 1294 Mitte iſta tandem dicta. ARis. Quin fratermnagi
320 1291 969 1340 Mitte iſta tandem facta. Si menti eſt graue
319 1346 953 1396 Audire me, te reſpice: haud dignus tuæ
326 1397 892 1445 Pueritiæ exitu hiic orſus adoleſcentiæ.
317 1449 848 1499 Quis te puer modeſtiors de quo fuit
317 1503 977 1556 Spes maior vmquam cuius incenſum magi
314 1553 892 1603 Ardore honeſti pectus? vnde iſtæc tibi,
291 1607 941 1658 Et tam repens mutatios Ad te ipſum redi.
1009 1673 1096 1710 ER.
