1124 2046
564 148 897 179 ER GASTI
277 156 369 188 2o
328 203 938 242 Redimita cultis collibus? videni vt viret
326 256 1035 301 Nemus omne, & illa e rupe montana cadit
331 308 959 357 Fons obſtrepens, ipſoque lucidior vitro?
327 355 959 411 VVt ad lapillos moliter frangens aquam,
325 413 925 464 Flexu recuruo, gramine in picto vocat
325 464 940 518 Placidum ſoporem? ſenſui vt ſemper ſua
331 516 1103 565 Omni eſt voluptas ARIS. Qualis hac ſpecie latet
326 570 1052 619 Et quanta peſtis. ERG. Sed voluptatem palam
323 623 923 672 Hic conſpicor: de peſte, ſi quando caput
324 676 996 724 Forte efferet, tunc videro. Haud deerit malo
321 728 954 777 Medicina aperto. Stultus eſt certus timor,
321 780 984 830 Ni certa paret cauſſa. Cur metuis roſas,
314 833 898 883 Timorque nullus ſentibus ab iſtis tuis,
319 877 1028 937 Qui ſe offerunt videntibus ARIS.Neſcis boni
294 938 1070 988 Sit quantum in illis. ERG. Neſcio: at acutis rubi
320 990 970 1041 Vepribus teguntur: denſa tribulorum ſeges
321 1045 950 1092 Cuſtodit aditum: & ſicut immitis canis,
319 1096 961 1147 Quam ſæua rabies improba inſtigat fame,
320 1151 872 1199 Hiante ſemper rictu, &exerta gula,
320 1202 924 1241 VVulnus minatur dentibus. At vni tibi,
233 1254 965 1304 Credo, hoſpiti, notoque, non parcet modo,
319 1306 936 1352 Sed lambet etiam crura: ſudabit ſtatim,
321 1362 916 1411 Vbi te te adeſſe ſenſerit, tellus, recens
319 1411 938 1460 Cum melle amomum:fiet extemplo roſa,
315 1466 913 1515 Quacumque lætum fixeris ſelix pedem.
261 1516 1059 1568 ARIs. VVin tu periclum faceres Milii certum eſt viam,
314 1570 1045 1619 Quamquam ardua eſt, tentare. Vin fraterducem
287 1623 951 1673 Me conſequi vel præire ductorem ſequar.
1018 1680 1096 1710 Hero-
