1123 2046
461 134 948 188 ERGASTI
231 158 353 204 oS
319 210 1044 262 Duce hoc, per ignes ibo, & horrentes nigræ
319 265 1020 314 ortis per vmbras, vlla nec metuam mala.
318 316 1066 369 Per horrida & inacceſſa mihi pandam exitum.
319 368 987 418 Sed quis, per hac dumeta, per ſpiſſum nemus
321 421 979 472 Ingreſſus eſt? Per inuium nulla eſt via.
320 473 935 522 Heu ſentibus conuulneror: ſanguis fluit.
319 526 934 584 Quam pæne pes immerſus euelli nequit.
265 578 1100 628 PA. Sine adiuuem te Ariſte. AR. Quæ vox hinc ſonatt
319 632 1007 682 Quis nominat? quid hominis ignotum mihis
266 683 937 733 PAN. Socius parentis, hoſpes antiqui laris.
266 735 1092 787 ARI. Nomen PA.Panurgus. AR. Omem auertat Deu.
320 789 1063 843 Vumquam ante viſus. PAN. VViſus at fratri tuo,
320 842 1005 893 Et ſæpe. Nam quæ vulnera abſterges manu?
267 895 1005 943 ARIS. Statui ſubire ad verticem. ſed me truces
319 947 974 997 Spinæ repelunt primo in aggreſſu. Tamen
315 1000 1104 1052 Semel eſt eundum. PA. Stulte, quo adſcenſumpari
315 1052 881 1094 An ad ruinam? Fallit incautum tua
317 1105 899 1154 Temens amice: ſeptus eſt omnis rubis,
315 1159 896 1212 Per crebra ſaxa, & inuias rupes, locus:
314 1211 903 1261 Et quo magis proceſſeris, clauſus magi,
315 1265 872 1314 Seſe inter implicantibus nexu graui
321 1316 896 1365 Cæcoque ſiluis: laqueus iniicitur pedi
321 1368 924 1419 Capitique, tortu vbique multiplicabili:
312 1419 1039 1471 Præcepſque lapſus vndique, & Mors imminet.
310 1473 1049 1523 Nam paululum ſi erraris, aut fallat gradus,
309 1526 946 1578 Actum eſt: periſti. Cernere hinc certe licet
310 1579 823 1628 Campos ſepultos inſepultis oſſibus
306 1631 1070 1685 Iuuenum, ſenumque, & magna cupientum virum,
972 1686 1090 1720 Amentis
