1147 2046
185 147 881 199 ACTVSSECVNDVS 2o3
1 200 552 252 Amentiæ dedere qui pœnam ſuæ.
24 255 743 314 RIS. Perinde loqueris, atque luſtrata hæc diu
63 309 674 360 Oculis fuiſſent omnia. Ecquando pedem
61 360 820 416 Tute intuliſti eloquere. PAN. en caſus iubes
58 413 871 469 Renouare acerbos? AR. te rogo. PAN. Et poſſim tibi
63 468 938 524 Quicquam roganti deeſſe? ARIs. Sed quorſum pedes
58 517 567 566 Talos ad imos veſte deducta tegi?
18 568 634 620 PAN. Fui, fui: nec quiſpiam ex illis fuit,
57 621 806 678 Quibus manere, aut ſcandere exin contigit.
61 673 471 725 Sedere ſede celſiori dignior.
57 724 690 778 Verum repenteexturbor: & fractus pedes,
64 778 785 829 Lſusquemembra, & ora turpatus luto,
4 825 719 882 Vallem ſub imam decidi, & nigrum lacum,
59 880 649 933 VVno impetu:quoque altior vertex erat,
53 934 637 984 Grauiora ſenſi. Parce cauſſam quærere,
50 985 670 1037 Alienaſed te exempla quid doceant vide.
49 1037 614 1090 Fruere Iuuentæ commodis: tas fugit
50 1089 641 1140 Amni fluenti ſimilis, atque vmbræ leui,
47 1142 758 1194 Reditura numquam. Viue, dum viuis, memot
45 1194 601 1244 ortis ruentis. VVnus eſt vitæ dies,
47 1247 729 1300 Neque ille longus: ſequitur aæternus ſopor,
49 1299 722 1349 Noxque vna Mortis. Multa quid cæcus breui
47 1351 612 1401 Iacularis æuos carpe præſentem diem:
53 1402 710 1455 Rofisque frontem incinge, ne areſcant prius.
44 1456 705 1508 Incerta certis, craſtina hodiernis, bonis
42 1504 682 1558 Mala anteferre, vanus & ſtultus labor.
49 1559 752 1612 Gaudere tantum eſt hominis: hoc potuit ſuum
39 1611 654 1665 Dixiſſe, quo latata mens hauſit ſemel.
563 1670 853 1721 O VViget
