1135 2046
169 147 874 199 ACTVSSECVNDVS. 213
5 205 600 258 Cui debeas ne turpe ludibrium caue.
2 254 868 314 RIS. emorem mones magiſter. Aſt illum tamen
1 310 838 360 allem incitatum. TRO. Forſitan doctus malo
1 360 621 414 Conſilia referet in melius: & te ſequi
53 414 750 462 Optabit vltro. Ærumna frangit ſpiritus.
19 467 688 514 lis. VVtinam Deusita faxit. errantem rege.
17 517 733 567 ToPH. Labor iſte meus Ariſte. Tu feliciter
49 570 731 621 Hoc age, quod agis. haud metue confſus Deo,
48 622 648 673 Qui pulthra ſemper molientes adiuuat,
52 674 576 723 Nec deſerit, niſi antea deſertus eſt.
46 727 668 773 Precare, & aude. Numen in dubiis voca:
17 778 742 829 Aderit rocanti. ARIS. Iunge tu noſtris tuat
48 832 597 882 Preces magiſter, optimo rerum Patri
45 881 710 933 Hoc gratior, quo melior. TRo. Ifauſto pede
49 936 726 986 Quo mens vocat Deuſque. non paruum feres
43 988 615 1036 Parui labori praæmium. Virtus viden
41 1041 645 1089 Quam glorioſa decora prtendit manu?
41 1091 748 1141 Quocumque vocitat illa, conuerte huc gradum
44 1143 718 1192 Celer, & vocanti obſequere: nec durum puta
42 1194 681 1247 Per confragoſa nemora & anfractus ſequi.
46 1248 523 1297 Spes præmij labori eſt ſolatium.
28 1301 604 1349 Extende greſſus ſtrenuos, lumen retro
41 1351 758 1403 Numquam reſlectens: ſpatia quæ reſtant, modo
39 1406 634 1454 Superare diſce. Nil yolenti eſt arduum.
39 1459 613 1508 Conare. Prima agoreſio eſt acerrima.
265 1493 362 1526 SS
189 1514 652 1559 ARIS T VS.
1 1570 846 1628 D Rsvinuoco te Rex Superum, & homini pares.
1 1619 828 1679 Durum. at ferendum. pungit. vrgendum eſtmagi.
546 1679 856 1736 O3 Ehe
