1131 2046
533 158 874 203 ERGASTI
254 171 312 201 2I4
309 215 979 265 Eheu premor. non opprimar. denſa hicſeges
276 270 902 317 Eſt veprium. calcentur.e plantis cruor,
254 319 873 379 Efronte ſudor liquitur. ſudor, cruor.
308 374 996 421 Labor, pericla, pulchri honoris præmium.
268 425 1002 474 Quamquam ille paruo conſtitit. nec caro emi
309 478 946 526 Eterna poſſunt. Morte renale eſt decus,
308 531 1007 580 Quo petitur Immortalitas. Clauſum eſt iter,
312 584 912 631 Omnisque ſeptus aditus. emergam. via
303 634 837 684 VVi fiet. Inuia nulla Virtuti eſt via.
309 689 999 737 Hic eſt vorago abrupta, & in præceps patens,
313 740 1023 789 Vix tranſitum dat. Quam prope a caſu abfuis
308 794 865 841 Sed quanta moles reſtat? enitar diu
307 845 917 894 Multumque, quod feciſſe ſi detur ſemel,
314 898 947 947 Semper iuuabit. Iamque deficiunt pedes,
307 952 996 1000 Vigorque. VVincit animus. At tandem tamen
306 1003 801 1051 Defeſſus hoc in rupis exeſæ cauo,
306 1056 883 1103 Medius labores inter exhauſtos modo,
232 1111 940 1156 Et hauriendos proxime, paruam moram
308 1160 944 1211 Traham ſedendo. Vtdulcis eſt feſſo quies.
474 1240 894 1310 AI O V S.
256 1348 889 1433 VLCIS malarum ſollicitudinum,
367 1397 978 1450 OSomne, portus, perfugium, &r quies,
278 1453 766 1511 Qui feſſa viuentum labore
303 1507 856 1553 embra leuas, animoſque curis.
248 1570 746 1621 Oluctuantis murmura pectoris
236 1618 864 1677 uræ benignæ munere qui premis,
