1119 2046
57 203 754 254 Dicam imminentes? Omnia expertus loquor.
202 136 869 199 τI V I ERII V S. I
64 258 716 312 Eſt temporis nunc tantulum, vt poſſim meo
65 310 655 352 Saltem arbitratu viuere abiecto metu.
57 360 680 416 Dum ſe Iuuenta pandit, & pingit roſas.
61 413 678 464 Eſtas ſequetur proxime, & ventus niſi
57 465 675 517 Afflarit ante meſſem, & interfecerit)
61 517 732 570 Erit opibus danda opera, nec deerunt graues
31 570 753 623 Eſtus laborum, &, læta qua numquam fuit,
64 623 648 673 Qox ambitus, & aula curarum ferax.
61 672 755 725 Nam quod Senectæ bruma, quod capitis niues
61 727 730 780 Frigus ferunt, geluque? quam noctes nigras,
65 779 639 828 Quam nube tectos, Sole viduatos dies?
62 829 646 880 Natura ſequitur dira, morborum feris
58 881 726 934 Succincta monſtris, fertque terriſicum manu
59 934 697 985 Vltrix flagellum, & aeris alieni admonet.
58 987 592 1038 Quod ni receptet illico, fenus petit.
55 1038 750 1093 Hinc luminum, illinc aurium, ſenſum exigit,
58 1089 724 1142 Illinc vtrumque: & ſæpe quos dudum dedit,
59 1141 668 1192 Artus repoſcit, donec vmbram mortui,
59 1195 685 1249 VViuum cadauer, reddat exanguem ſenem.
63 1245 615 1288 Hæc illa lux mortalium: hic vitæ dies
63 1297 639 1346 Inter ſonora nubila, & auaros Notos.
59 1348 659 1402 Hæc me viciſſim ſorte partita premunt.
62 1401 676 1456 Sed nimbus hinc detonuit:hinc alter legit
61 1455 638 1507 Ventos, vt imbre læta proſternat ſata.
57 1504 705 1560 Neque hoc ſereno, & tempore oblato fruars
57 1556 723 1614 Fruar. decet, libetque: nec quiſquam vetat.
430 1652 574 1692 O3
716 1646 858 1687 I
