1131 2046
524 145 862 180 ERGASTI
261 154 318 187 6
313 204 991 258 Ergaſte: quid adhuc metuis? hic adſum tuus
313 257 998 308 Magiſter ipſo in tempore. Abſcedat timor.
314 309 1071 363 Ergaſte. ER. Quis me ſuſcitat? quifemt opemt
222 361 1110 421 TRO. Iam me aſpice. ER. Heu magiſter, ingratum ſine
317 415 889 465 Viſuque cæli & lucis indignum frui,
315 469 1017 517 Sine me perire:monita qui temnens tua,
314 520 1004 569 Me perdidi. Abſque te fuiſſem, non forem.
316 573 980 621 Inuenta mors eſt, dum Voluptas quæritur.
317 625 1026 670 Mitte immerentem, mitte commeritum mori,
264 679 971 728 TRO. Nihil verere. Propter hoc dignum reor
318 731 962 781 Vita eſſe, quod te iudicas dignum nece.
316 783 1006 834 Spes magna veniæ, & grande ſolamen mali,
318 837 950 887 Culpam fateri. Eſt innocenti proximus,
319 889 981 940 Quem pœnitet peccaſſe. Nec mortem Deus
278 942 995 991 Cupit nocentum. Sceleris admiſſi dolor
317 992 1028 1047 Vitam impetrat. Tumi portus erranti optimus
317 1046 892 1096 Eſt conſili mutatio. Pœnæ eſt ſatis,
319 1100 873 1148 Si te facinoris ante commiſſi pudet.
265 1150 921 1202 ERG. Me cepit ætas: hoſtis acceſſit malus,
317 1204 994 1254 Fallaxque fandi fictor: hic mentem abſtulit.
268 1257 986 1307 TRO. Hac ipſa vidi, & nota iam pridem mihi
326 1308 915 1358 Pellacis ars, & pectus inſtructum dolis.
266 1362 974 1411 ERG. Sed, te volente, magne Regnator poli,
319 1414 895 1467 Qui te potentem maxime, clementia
319 1466 865 1518 Et ſontibus ſalute donanda, probas,
320 1517 997 1570 VVitium obtegam virtute, malefactum bono.
286 1572 978 1623 Nunc parce Genitor, parce. Peccaui miſer.
255 1620 1007 1677 TRo. Ergaſte, ſi mutanda mens olim tua
1067 1682 1114 1711 In
