1145 2046
73 225 724 276 tηmeliuν, mnam ob criminus culpam fuit:
187 169 887 222 ACTVS TERTIVS. 227
73 275 617 331 Tanti fuit peccaſſe. Placatur Deus
73 329 721 385 Precibus nocentum. Facta condemnas tua?
73 379 678 433 Condonat ille. Agnoſcis? ignoſcit malo.
4 433 832 488 ERG. Tu, qui mihi ſpem veniæ & indulgentis
52 485 657 534 Facis benigne, & rebus afflictum leuas,
51 541 673 587 Impone quæuis onera: perpetiar, feram.
52 592 607 637 Nec me grauabit vllus in vita labor.
52 637 650 698 Ego, te iubente, vel per Arctoas niues,
65 693 710 748 Per orbis hieme c nocte damnatas plagas,
67 742 615 798 Vel per peruſtas igne, & æſtu feruido
60 797 702 851 Nimium propinquaæ ſemper ætheriæ facis,
67 850 651 900 Intrepidus ibo, & oſeram morti caput.
63 901 736 955 Quocumque placeas, nulla parendi eſt mora.
19 952 755 1006 TRO. Sic polliceris. ERG. Ipſa res faciet fidem.
20 1005 656 1058 TRO. Non eſt neceſſe, t ſicca glacialis poli
59 1058 645 1111 Tranetur VVrſa, aut Solis ardeſcens via.
58 1111 697 1162 Hoc per iugum Virtutis audacem gradum
57 1162 654 1213 Molire promptus:nec refer retro pedem,
58 1215 573 1265 Ni fueris ante victor, & voti reus.
57 1266 665 1316 Frater præiuit, ſequere: tunc duplex erit
61 1318 666 1368 Vtrique cauſa vtriuſque lætandi bono.
58 1368 778 1426 Quid fluctuare? & lumina in montem iaciss
56 1421 704 1474 Sunt multa, quæ ſi grauia cum cœptes, tibi
55 1473 648 1525 Primo videntur, leuia ſucceſſus facit.
7 1523 808 1567 ERG.Iubes ne? Fiat. TRO. Inuoca vt debes Deum.
6 1572 736 1630 ERO. Ego vero, Olympi Rector, excelſum ſupra
48 1627 757 1683 Qui verticem altus ponis adſcenſum tuum,
566 1688 870 1723 P 2 Pro-
