1116 2046
184 149 861 197 ACTVS VARTVS. 235
63 202 577 253 VVndique laceſſit ebrias nares odor,
62 253 707 305 Præ quo Sabæum germen, & Cilicum ſeges,
62 306 729 356 Arabumque meſſis, nautea & putor grauis?
60 357 749 409 His capior, immo his paſcor: hic viuam libens:
59 409 701 463 Nec ſit moleſtum inemori hoc ſpectaculo.
59 460 645 512 Ariſte quo nunc raperis, obtutu & ſiles
58 512 805 568 Defixus vno? AR. Pulchra ſunt, pulchra hæc tibi
61 564 804 616 Germane, ſunt & ſuauia: at quantum putas
62 618 731 667 Et pulcher est, & ſuauis horum auctor Deus
62 668 703 721 Opera magiſtrum viſa nec viſum indicant.
37 751 839 804 ERGASTVS, HONOR, ARISTVS.
20 825 864 926 VISſtrepitus ille? Nam quis huc vertit gradum?
158 881 808 926 Quis ille comitum numerus obſedit virums
60 929 598 980 Regalis ipſa in fronte maieſtas ſedet.
62 982 693 1031 Quem ſeore fert & qualis inceſu venit?
61 1033 616 1082 Ardet ſalutare animus, at vox deficit.
15 1087 825 1132 HON. Par iuuenum amicum cuncta moderanti Deo,
62 1137 624 1188 Qui veſtra ſolus rexit huc veſtigia,
63 1189 522 1238 Veniſtis huc feliciter: felix vbi
20 1242 704 1293 Deo propinquam regiam Virtus tenet.
67 1293 674 1342 Ego ipſe vos excipio, & amplector libens.
15 1344 725 1397 ARIS. At quiſquis es, ſeuterra te talem tulit,
67 1397 627 1443 Siue ales es cæleſtis, & iuuenem nouo
61 1447 682 1498 Imitatus ore, noſtrum in occurſum venis,
60 1499 734 1547 Non abſque mente & numine æterni Patris:
60 1552 629 1600 VVterque, cum beatus hanc ſedem colas
61 1604 768 1659 Virtutis almæ, & pulchra ſit tecum cohors,
793 1668 859 1697 Iam
