1140 2046
531 156 865 203 ERGASTI
273 164 330 204 26
319 210 929 261 Iam te veremur ſupplices. Tu nos tuam,
321 261 929 316 Siiuſta petimus, accipe in certam ſidem.
270 312 1076 370 HoN. Ne petite meritis ante quod veſtris datum eſt,
319 367 976 419 Et ipſa Virtus præcipit. Non deſum Honor,
328 421 974 472 Ego ille, eodem pulchra quem partu tulit
322 475 871 523 Labori amicum cum pudica Gloria,
243 527 834 578 VVirtus, ab ipſis orbis incunabulis,
251 577 956 631 Sed necqueam, nec deeſſe ſi poßſim, velim,
327 629 1029 682 His, quos amicus ipſe commendat Labor,
322 682 862 736 Et qui ſacræ parentis affectu calent.
326 737 886 785 Laboris & Virtutis eſt merces honos,
328 790 890 840 Vitus honores & voluptatem parit
321 842 1005 893 Doctis viris, fortibus: quorum decus
327 892 1027 949 Celebreſque laudes, tempus vt nullum obruat
321 947 812 997 Obliuione ac nocte, ſed claro die
321 997 953 1052 Viſantur vſque, & conſecrentur poſteris:
321 1052 901 1103 Hæ, quas videtis ſponte ſeſe artes mihi
304 1106 842 1159 Iunxiſſe ſocias libero dignas viro,
326 1155 924 1209 Triſti e ſilentio eximunt: ſeu marmore
320 1210 904 1262 Atque aere viuas ducere eſſigies velint,
318 1261 888 1313 Seu liquidis coloribus: nec abeſt vetus
316 1316 977 1367 Hiſtoria, nec Memoria ſæclorum tenax:
317 1367 893 1418 Nec Suada dulcis, & venuſta Oratio:
272 1418 1060 1473 Nec quæ modisque & carmine, in cælum ferunt
318 1472 1062 1529 omina potentum, & facta ſapientum virum.
317 1524 1024 1574 Et Muſica & Poéſis. ER.Hei metuo dolos
318 1577 929 1631 Ariſte: nomen hoc Voluptatis mihi,
321 1630 1062 1685 Poeſeoſque & euſicæ, haud quaquam placet.
1043 1686 1115 1717 St
