1127 2046
51 203 616 254 Sateſ ſemel peccaſe: ſat fater ſemet
187 151 654 194 ACTVS VARTVS.
805 168 862 201 237
51 258 694 310 Modo non periſſe. Iam ſuo doctus malo
50 309 794 357 Piſcator ictus ſapiet. HON. At iuuenis metum
50 360 670 409 Pone, & moueri abſiſte. Non vlli hic doli,
50 415 572 466 Non vllus hic opertus inſidiis locus.
51 462 724 520 Hic caſta cuncta, nempe quæ Superis placent.
1 521 829 569 ERO. Numquam timere nocuit. H O. In rebus malis.
18 570 665 625 ER. Qui falſuseſt & ipſe permetuit lona.
52 624 586 674 Semelque captus ſæpe captari timet.
16 676 823 727 ho. Quid vana terrent? ER. Qui pauet vanos metus,
52 727 633 780 Veros cauet. Plerumque tempeſtas fera
17 780 618 831 Cælo ſereno oppreſſit ac merſit ratem.
13 833 850 887 hO. Nil audeat qui metuit. ERG. At ne erret quidem.
53 883 767 934 Timor eſt pater Prudentiæ. HO. Eſt idem comes
48 935 640 987 Inerti & Languoris. & par eſt malum
46 988 669 1043 Nihil timere, & omnia. In medio eſt ſita
48 1039 600 1091 Diuina Virtus: arcta cui placuit via:
53 1093 720 1148 Eademque recta: læua ne errantem auferat,
45 1143 709 1193 Nec dextra rurſum, limite vt recto nihil
45 1197 609 1247 Excedat, aut recedat. Vtroque in loco
48 1248 663 1298 Tu nimius es, iuſtoque nunc maior metus
50 1296 564 1352 Eſt iſte, fuerit ille cum iuſto minor.
49 1349 558 1401 Iniquus es, ſi regna Virtutis times.
46 1402 543 1454 Iter huc negata pæne tentaſti via,
42 1457 594 1508 Erroris error vt eſſet alterius graduss
28 1505 748 1560 Confide iuuenis, comprime affectum leuem.
1 1557 842 1616 ERG. Tandem iſta cunctum verba dempſerunt metum.
46 1610 636 1661 Et me doceri decuit, & dedo manus.
788 1675 846 1710 vbi
