<PcGts xmlns="http://schema.primaresearch.org/PAGE/gts/pagecontent/2019-07-15" xmlns:xsi="http://www.w3.org/2001/XMLSchema-instance" xsi:schemaLocation="http://schema.primaresearch.org/PAGE/gts/pagecontent/2019-07-15 http://schema.primaresearch.org/PAGE/gts/pagecontent/2019-07-15/pagecontent.xsd"><Metadata><Creator>User123</Creator><Created>2022-01-22T22:45:21</Created><LastChange>2022-01-22T22:45:21</LastChange></Metadata><Page imageFilename="0642.png" imageHeight="2046" imageWidth="1140"><TextRegion id="r0" type="paragraph" orientation="0.375"><Coords points="1,1 1138,1 1138,2044 1,2044"/><TextLine id="r0_l001"><Coords points="535,162 535,194 869,192 869,160 535,162"/><TextEquiv index="1"><Unicode>ER GASTI</Unicode></TextEquiv></TextLine><TextLine id="r0_l002"><Coords points="280,170 280,211 335,211 335,170 280,170"/><TextEquiv index="1"><Unicode>28</Unicode></TextEquiv></TextLine><TextLine id="r0_l003"><Coords points="327,220 328,269 971,265 970,216 327,220"/><TextEquiv index="1"><Unicode>Vbi ipſa Virtus H o N. In penetrali ſedet</Unicode></TextEquiv></TextLine><TextLine id="r0_l004"><Coords points="327,273 327,319 909,315 909,269 327,273"/><TextEquiv index="1"><Unicode>Intenta rebus, digna dum mortalibus</Unicode></TextEquiv></TextLine><TextLine id="r0_l005"><Coords points="327,325 327,368 863,365 863,322 327,325"/><TextEquiv index="1"><Unicode>Præmia laborum dat ſorori Gloriæ</Unicode></TextEquiv></TextLine><TextLine id="r0_l006"><Coords points="327,376 328,424 1002,420 1001,372 327,376"/><TextEquiv index="1"><Unicode>Tribuenda, &amp; ipſis addita eſt dudum comes,</Unicode></TextEquiv></TextLine><TextLine id="r0_l007"><Coords points="327,430 327,482 929,478 929,426 327,430"/><TextEquiv index="1"><Unicode>Quæ cuncta lance penſat, &amp; librapari,</Unicode></TextEquiv></TextLine><TextLine id="r0_l008"><Coords points="315,483 315,534 1126,529 1126,478 315,483"/><TextEquiv index="1"><Unicode>Iuſtitia: ſed mox aderit. ARIS. Hic quiddam cupis</Unicode></TextEquiv></TextLine><TextLine id="r0_l009"><Coords points="327,535 328,581 980,577 979,531 327,535"/><TextEquiv index="1"><Unicode>Scire animus, at retardat inuitum pudor.</Unicode></TextEquiv></TextLine><TextLine id="r0_l010"><Coords points="277,588 277,637 975,633 975,584 277,588"/><TextEquiv index="1"><Unicode>H ON. Rubens padoris vultus eſt ſignum tui,</Unicode></TextEquiv></TextLine><TextLine id="r0_l011"><Coords points="249,641 249,694 1047,688 1047,635 249,641"/><TextEquiv index="1"><Unicode>Et te tacente loquitur. Haud metuas licet,</Unicode></TextEquiv></TextLine><TextLine id="r0_l012"><Coords points="328,693 329,743 1099,738 1098,688 328,693"/><TextEquiv index="1"><Unicode>Eloquere. AR. Tuverba accipe in partem bonam,</Unicode></TextEquiv></TextLine><TextLine id="r0_l013"><Coords points="329,745 329,794 1055,789 1055,740 329,745"/><TextEquiv index="1"><Unicode>Nec curioſum dixeris. HON. Dic quod lubet,</Unicode></TextEquiv></TextLine><TextLine id="r0_l014"><Coords points="327,798 327,848 958,844 958,794 327,798"/><TextEquiv index="1"><Unicode>Libens petenti quodque reſponſum dabo.</Unicode></TextEquiv></TextLine><TextLine id="r0_l015"><Coords points="276,851 277,899 1015,895 1014,847 276,851"/><TextEquiv index="1"><Unicode>ARIS. Semper ne VVirtus dat labori præmia?</Unicode></TextEquiv></TextLine><TextLine id="r0_l016"><Coords points="276,904 276,955 1105,950 1105,899 276,904"/><TextEquiv index="1"><Unicode>HON. Quando eſt honeſtus, ſemper. Interdum tanen</Unicode></TextEquiv></TextLine><TextLine id="r0_l017"><Coords points="329,959 329,1008 902,1004 902,955 329,959"/><TextEquiv index="1"><Unicode>Vt ſit labor præclarus, &amp; notus magis</Unicode></TextEquiv></TextLine><TextLine id="r0_l018"><Coords points="240,1011 241,1060 1014,1055 1013,1006 240,1011"/><TextEquiv index="1"><Unicode>Pleno theatro, &amp; merita magnorum virum</Unicode></TextEquiv></TextLine><TextLine id="r0_l019"><Coords points="327,1065 327,1114 1014,1110 1014,1061 327,1065"/><TextEquiv index="1"><Unicode>Spectata creſcant, tempus in paruum volens</Unicode></TextEquiv></TextLine><TextLine id="r0_l020"><Coords points="297,1116 297,1166 1116,1161 1116,1111 297,1116"/><TextEquiv index="1"><Unicode>Differt, nec aufert. ARIS. Omnium expertos hale</Unicode></TextEquiv></TextLine><TextLine id="r0_l021"><Coords points="331,1169 332,1218 1117,1213 1116,1164 331,1169"/><TextEquiv index="1"><Unicode>Semper labores? HON. Omnium. Et in vnum refi</Unicode></TextEquiv></TextLine><TextLine id="r0_l022"><Coords points="331,1221 331,1269 993,1265 993,1217 331,1221"/><TextEquiv index="1"><Unicode>Volumen omnes, laude quos dignos probat,</Unicode></TextEquiv></TextLine><TextLine id="r0_l023"><Coords points="331,1276 331,1324 877,1320 877,1272 331,1276"/><TextEquiv index="1"><Unicode>Vt par labori præmium reſpondeat,</Unicode></TextEquiv></TextLine><TextLine id="r0_l024"><Coords points="332,1325 333,1375 981,1371 980,1321 332,1325"/><TextEquiv index="1"><Unicode>Amplæque merces gloriæ: ſeu ſint ſenes,</Unicode></TextEquiv></TextLine><TextLine id="r0_l025"><Coords points="328,1379 328,1427 1104,1422 1104,1374 328,1379"/><TextEquiv index="1"><Unicode>Iuuenes, viri, pueriue. ARIS. Perſcriptum ne habe</Unicode></TextEquiv></TextLine><TextLine id="r0_l026"><Coords points="331,1432 331,1478 977,1474 977,1428 331,1432"/><TextEquiv index="1"><Unicode>Etiam laborem ac præmia adoleſcentium,</Unicode></TextEquiv></TextLine><TextLine id="r0_l027"><Coords points="320,1485 320,1536 913,1532 913,1481 320,1485"/><TextEquiv index="1"><Unicode>Qui corda thyrſo Laudis ac Sapientiæ</Unicode></TextEquiv></TextLine><TextLine id="r0_l028"><Coords points="329,1536 329,1585 963,1581 963,1532 329,1536"/><TextEquiv index="1"><Unicode>Percuſſi, amare decora certatim ſtudent,</Unicode></TextEquiv></TextLine><TextLine id="r0_l029"><Coords points="329,1588 330,1638 1016,1634 1015,1584 329,1588"/><TextEquiv index="1"><Unicode>Et litterarum ſtudia? H oN. Nec ſane modo</Unicode></TextEquiv></TextLine><TextLine id="r0_l030"><Coords points="332,1642 332,1695 1033,1690 1033,1637 332,1642"/><TextEquiv index="1"><Unicode>Vulgari: habet præſcripta &amp; horum nomina.</Unicode></TextEquiv></TextLine></TextRegion></Page></PcGts>