1149 2046
154 159 863 201 ACTVS VINTVS. 247
52 214 778 271 Quod dedit oranti, pulchroque cupidine captos
55 268 670 316 VVirtutis vos tangit amor, nec longius ora
54 318 769 371 Eſt mihi fas hominum tectæ ſub imagine form
55 372 717 417 Induere, in tenues dilabar protinus auras.
56 422 767 471 Nec tamen abſcedens, ſolum te ergaſte relinquo.
56 473 670 525 Hærebo aſſiduus, fidusg per omnia cuſtos.
56 526 853 583 Quamquam oculi haud poterunt comitem ſpectare
160 584 346 630 ſequentem.
56 627 829 683 Nuſquam abero, & cæli tandem tein limine ſiſtam.
58 684 748 735 Vos, quibus e noſtro nuper lux fulſit Olympo,
57 737 748 785 Muneris accepti memores, dum vita manebit,
60 788 782 839 Eſte viri, & celebrate Dei immortalis honorem.
10 840 651 889 ERG. Quo fugis o comes, o meus arbiter
64 894 573 942 Vitæ, quo fugi & me in imagine
56 946 541 991 Formnæ humanæ, tempore decipis
58 994 701 1047 Tam longo? Heu miſer, heu quibus artibus,
58 1049 584 1095 Moribus heu quibus, infelix, tua
57 1098 611 1153 Læſi lumina, & aures. Heu miſer.
60 1152 497 1202 VVrbis ſidereæ o vetus incola.
62 1209 614 1257 Ciuis & inclyte, parce precor precor,
63 1257 595 1305 Inſpira bone tu mentem optimam,
67 1308 686 1355 Et quicquid cupio, affer opem, vt queam.
71 1360 676 1405 Sordet humus mihi: mens inhiat polum.
70 1411 558 1458 Tu te aſpectu e noſtro ſubtrahis.
67 1464 676 1510 Sed properanti porrige dexteram,
44 1513 569 1561 Nec me, quamuis dignum, deſere.
66 1566 553 1613 Hoc tua te pietas & amor iubet.
17 1611 778 1667 ARIS. Ingrata terra, o gentis humanæ ſtatus
538 1668 897 1705 A Amens,
520 1682 612 1719 A
