1125 2046
502 130 856 183 PR Æ MIA.
176 147 318 181 2SS
411 185 1064 236 LACTANTIVS Firmianus.
259 238 985 292 Accipe Lactanti quod tractes ſæpe volumen:
310 292 851 338 Hic Latias voces, ac pia dicta leges.
294 354 1052 404 . TVLLIIepiſtolæ ad familiares.
60 398 913 451 Cui dono aureolum nouum libellum?
310 455 766 511 An vero tibi, qui tuos ſodales
267 510 846 560 Viciſti ingenio, elegantiisquet
280 567 1088 617 P. OVIDIIFaſtorum, Triſtium, & de Ponto.
162 617 1043 671 Et facile, & caſtum hoc carmen ne ſperne poetæ.
287 670 892 722 Nullum aliu pueris aptius eſſe queat.
318 730 1038 778 M. TVLLIIepiſtolæ ad familiares.
254 780 896 827 Hic auctor recte ſcribendi Tullius, hic eſt.
231 831 983 882 Nil magis egregium Romula lingua tulit.
299 887 1092 956 CVRTIVS de rebus geſtis Alexandri
403 940 589 984 Magni.
250 986 1017 1039 Fortia Alexandri commendat prœlia Magni,
220 1038 880 1088 agnus & idem Curtius auctor.
251 1091 901 1141 Sic currit ſimilis fonti, fluuioque liquenti.
225 1145 768 1197 Sæpe hac te te prolue lympha.
442 1206 947 1246 VALERIVS Maximus.
213 1253 961 1305 Cur te præteream Valeri? Tu maximus ille es,
239 1304 1081 1358 Qui externam & noſtram ſcribendo commemora
359 1371 463 1395 rem.
302 1411 990 1462 Tucape, & his lectis, puer, oblectabere chartis.
919 1556 1109 1596 CBII
