567 963
89 22 403 48 4 a (0 e
110 58 543 86 Córvos, crabrones, paſſeres, patos quoqne
110 83 543 111 Chariſſimos eteſtor ternnm. Griſpil.
143 110 228 130 Bene eſt
111 133 543 160 Videamus. Deponit ollm E& inſpiciendm
138 160 277 187 reliquis offert.
112 183 542 210 hie quid ceruitis Philindus e
101 209 520 236 reliui exempto paſſerello Miraculum
112 234 489 254 Noviſſimum MiraeuluI Miracnluml
89 258 541 285 Paſſr. An capite pulſi puſſeres Pilid.
114 284 524 310 Coram vdes. Eximit ollo duos poſſeres.
89 310 564 342 Paſler. Stupeſco. Geneſ. Sed jem mortui ſunt.
138 336 282 361 Poſſer. Mortui
70 360 543 384 Vivlne ſint, non euro, dnmmodo cerebro
108 385 564 411 Eιverint, & naribus ſalvis. Eariſt. Tibi
115 410 564 436 Quam Paſſerelle gratulor Poſſer. & ego
139 438 188 457 mhi.
113 459 563 488 Iem viueulis me ſolvite, & tu. Ad Cbiro-
139 487 276 507 nell. um tuo
115 511 564 536 Recede eultro in ultimnm Thulen procul.
94 537 565 563 Cbiron. Fateor, potens hæc machins eſt,
101 563 255 582 cultro meo.
116 584 564 611 Felicior. Solvitur paſſerellus. Pbilind. Sto-
143 613 370 638 peſeo, nec præ gaudio
117 609 564 662 Me capio, dum te liberum tnto malol
113 661 562 690 Aſpicio, freter. Pallnad Sed cave, ne denuo
114 685 494 713 In illud aut in gravius incidas, fidei
114 706 562 739 Fallendo. Chiron. Tunc remedia non eſ-
140 739 241 763 ſent ſnper
117 759 455 787 Niſi τeus iſte eulter atque inciſio
226 796 414 823 Scena ultima.
102 826 560 866 Perſonis prioribus accedit Melindus.
93 863 560 892 Melind. Quàm pnlſat importunus ædium fores
500 888 562 921 E]
