1188 1984
273 149 878 211 5o8 MATHATHIAS
223 228 1007 279 Non hos in uſus provida induſit parens
222 279 1112 329 Natura lacrymas. Scelere quod ſtudeat dies
64 316 1175 398 Protrahere vecors, quod ſtatim ad mentem
894 382 1173 427 bonam
226 428 1019 483 Recipere ſeſe renuat, id flendum mihi,
225 478 1175 540 Et ́ure flendum. Cogorat, Nachor, nec id
224 530 1013 580 Aufim negarc, quas amor tacite ſtruit,
227 579 1181 644 Cavere fraudes: clanculum hic pectus ſubit,!
228 627 1070 680 Ac mollit iras. Æqua quod virtus tenet,
227 670 1179 735 Repetere medium conor: at renuens licet
229 726 943 779 Illuc relabor, unde contendi prius,
231 764 1181 826 Greſlum utretraherem. Varius huc, illuc feror:!
230 826 1181 889 Mecum ipſe pugno: frangit hos fluctus tamen,!
230 882 575 933 Subigitque ratio.
535 962 822 1005 NACHOR.
552 996 1185 1076 Rima, qua ſubeam patet)!
230 1065 1185 1130 Si fas precari eſt, ſequere naturam ducem,
232 1119 1172 1167 Tenerosque patrius quos amor motus ciet:
236 1154 1185 1218 Quos Dacus ipſe ſequitur, & ſparſus Scythes,!
234 1214 1185 1267 Potansque Tanain, Caſpium aut pontum
887 1262 1185 1311 Caccolens!
238 1307 1185 1372 Gens juris expers: ſequere Naturam ducem.!
491 1396 860 1441 MATHATHlAS.
234 1439 1184 1510 tſequar? Honeſte idfacere ſi poſſim, ſequar.!
553 1533 833 1576 NACHOR.
237 1587 989 1642 Permitte Natum thura mentito Deis
241 1634 1185 1682 Ofiertc cultu. Crimen autnullum, aut leve eſt
239 1689 1141 1733 Simulare crimen dummodo interius vacet
984 1736 1093 1778 Mens
