1188 1984
722 144 821 169 4
496 129 829 213 Æ(C0 x
271 160 347 213 1S2
231 222 1113 287 tuari cœptat: quod agre ferens Artabanus, lapi
234 222 1185 340 dem omnem moret, ut quisnam ſit, & ubi Evilmne-
235 307 1185 389 roeac, a Daniele exſculpat. At fruſtra: quam-
237 371 1107 439 obrem eum iu arctiſſimum carcerem coniici jubet.
241 371 1185 495 Epilyerodach interin, commentitio nomine Nadab
240 471 1185 539 appellatus, ut Danieli vita periclitanti conſulat,
241 520 1185 586 conditionem rtabano retegit: qui cum veterisſor-
243 561 1185 633 mæ ne veſtgium quidem in illo agnoſcat, verba
1 548 64 705 5
245 610 1185 678 illius, tan uam artificioſam adoleſcentis Durielem
248 661 1185 733 commiſerantis ſimuiationem accipit: tanto mgis,
247 719 1185 781 quod gravior ſic accipiendi cauſa accedit: nam iris-
10 728 68 792 I
251 762 1185 834 ba Evilmnerodach oli altor, e cuſtos, quui dmt
252 813 1185 884 hc geruntur, poſt diutarnam abſentiami Babyiorem
255 863 1185 927 redit, eum eſſe ſuum alumnum Artabano coraim ne-
253 909 1185 987 gat, && perneat. Quin Dane ipſe, de cjus vi-
257 950 1185 1031 ta tuenda agitur, ratioes onmnes, quibus Eviliue-
258 1004 1185 1079 rodach veritatem ſuadere conatur, ambiguis verbis re-
260 1060 1185 1124 tundit. ſebus :ta ſe habent bus Daniel cogitatione
260 1110 1185 1179 a Deo injecta intelligens Nabuchum in priſtam for-
261 1147 1185 1222 mam rcſtitutum, regalem in hortum non procul ab
267 1206 1185 1275 Vi be ſitum perveniſſe, Beradan ſequeſtre, & con-
265 1259 1185 1322 ciliatore uſus, Artabano pollicetur, ſed inde Eril-
267 1303 1185 1371 merodach, in aulam reducturum, ſi eo prociſcendi
266 1357 1185 1421 facultatem impetret. Aunuit Artabanus: hanc ta-
269 1408 1185 1463 men novam Danielis fallaciam eſſe ſuſpicatus
272 1456 1186 1523 illuc Aſaph cum ſorti militum manipulo mittit, ut
272 1506 1185 1561 Danielem in oculis omnium falſitatis couvictum, ca-
274 1554 1185 1620 qite plectat. Verum res longe ſecus, ae ipſe opina-
277 1602 1185 1664 batur, accidit. Ibi enim Nabuchus, & Evilmero-
15 1641 84 1697 !
278 1651 1185 1713 dach latis militum, populique geſtientis acclamatio-
45 1696 84 1727 5
277 1703 1185 1768 nibus excipiuntur. Ierum novitate territus flſaph,
1057 1767 1107 1793 ve
