1188 1984
280 138 888 195 1S3 EVILMERODAcH
236 220 1185 300 Totumque ramis arbor umbrabat nemus:
228 271 883 322 Corruere viſa, ſortis adverſlæ fuit
226 330 499 386 Verax imago.
565 390 771 436 ASAPH.
617 444 1185 514 Plura ſic forte accidunt;
230 502 968 556 t illa credat quisque conſilio regi.
230 549 1005 612 Projecta caſu nonne, quem luſor cupit,
231 581 1185 661 Polcitque numetum, teſſera interdum exhibet
232 647 1185 710 Facic ſupina! Sed ut ut hæc fuerint, moras
232 694 972 759 Abrumpe citius. Plebis inſanæ favor
232 750 932 800 Se vertit ana levior: actutum cape
231 780 1185 863 Imperi habenas. Properus abſcedo: ſtatim
234 846 957 908 In de cogam principes regni vitos,
234 898 947 961 Qui more patrio inaugurent Regem.
477 984 863 1036 ARTABANVS.
977 1034 1186 1105 Inſtrue
235 1089 984 1156 Sic res; ut omen noctis infauſtæ leves
246 1142 1040 1204 Abeat in auras. Militum in cœtu palam
239 1193 960 1260 Sæpius id inſta: in regna fatales vices
239 1240 976 1307 Invehere Regem. qui ſit inviſus Deis.
242 1289 989 1350 Nabuchus odio fuerit an ſuperis, ſatis
240 1337 1185 1400 Inſueta docuit pœna: nemo eſt quod ſciam,
242 1386 1141 1447 Verſus ferina in ora. Metuendum adiice,
8 1414 76 1473 i
247 1437 1060 1506 Ne pœnam candem Patris imitator ferat,
244 1493 1020 1558 Pariterque Natus ungula humentes agros
242 1538 967 1609 Signet biſulca. Natus at certo diem
9 1562 77 1670 5
245 1572 1185 1653 Obiit ſupremum: quippe cum Genitor fuga
246 1647 1010 1706 E:ipcret odiis ſeſe, & armatas, petens
248 1684 1179 1750 Nemorum receſſus, plebis effugeret manus,
11 1753 76 1787 I
997 1730 1071 1773 Diſ-
