1188 1984
355 127 952 186 Acrus urus. 2i
118 207 999 265 Mca regna vertit? Cautus ah poteram, niſi
113 257 999 313 Mihi læva mens fuiſſet, impendens malum
116 307 922 365 Vitare facile! Talia quid amens loquor?
113 355 949 409 ,,Sibi non caventi inane ſolamen mali eſt
115 404 935 459 ,, Potuiſſe. Saltem redimat errorem illico
114 455 968 518 Hæc dextra vindex. Facinus inſuetum paro.
115 504 422 556 Abſcede pictas.
446 568 661 612 ARISBA.
561 628 1084 682 Abripit quo te furor?
114 674 987 729 Quis tela in illum moveat, inſtructus Tonans
113 725 522 775 Pro quo ſtat armis?
364 806 749 855 ARTABANS.
413 862 977 918 Iempore hoc medio interima
108 912 816 967 Feſtinus utar. Sera fors opem feret
109 962 476 1006 Dextera Tonantis.
381 1047 647 1091 ARISBA.
588 1108 978 1159 Accipe experti Senis
106 1145 956 1211 Conſilia placidus. Mole cum preſſus gravi
104 1198 937 1261 Gemam ſenectæ, libere an fimeam loqui?
101 1247 924 1307 ,, Cui nulla ſupereſt cauſa vivendi, ſuper
99 1296 976 1353 , Nulla eſt timendi. Regium hoc ultro exue
102 1346 916 1399 Diadema: quod vi fronte detractum levi
97 1396 927 1453 Non te pudore afficeret; exigua haud erit
98 1442 898 1499 Materia laudis, ſponte depoſitum: mea
98 1492 448 1539 Ne ſperne monita.
342 1580 725 1628 ARTABANS.
366 1645 972 1701 Perfide, ut regnum abdicem!
106 1684 972 1745 ſimeo quod unum, mihimet aſciſcam malumè
828 1758 923 1795 Non
