659 1277
120 98 595 131 A55 I5 55
59 100 656 173 ARGV R ENLV 2
50 177 656 237 2AGOEDIÆ.
57 252 656 300 Ordanus Federici II. Imperato-
67 294 656 350 ris ex Iſabela Angliæ Regis ſo-
57 334 656 393 rore filius, Siciliæ, ac Hieroſoly-
53 377 656 420 morum Rex, Conradi IV. Cæſaris
53 415 656 458 frater, ex gente Suexâ, id ætatis
58 458 655 500 regnatrice, & Auguſtâ, ad Cæſarem
57 496 641 544 inviſendum venit, cùm felicc Cam-
53 537 650 580 paniam, urbemque Neapolim ſub-
55 577 648 619 egiſſet. Erat Iordano copiari Dux
57 617 650 664 Ioannes Afer cognomento Maurus
56 657 593 698 vir præſtanti fortitudine, ſedPunicâ
57 696 594 735 fide. Hunc Manfredus Fedetici &
56 738 593 785 ipſe filius nobili pellice natus, ob-
57 778 650 825 viam fratri à Conrado præmiſſus,
59 819 656 876 elam ſubornat in cædem Cæſaris,
54 861 656 908 per ſpeci regni Iordano aſſerendi.
61 902 591 944 Sperabat enim illo ſublato, ſe, faci-
57 943 593 989 liùs oppreſſo Iordano, ſolum, quod
57 986 594 1028 poſteà evenit, regnaturum. At Ior-
60 1025 588 1069 danus, & Cæſax ſe mutuò complexi,
57 1066 594 1107 triumphantium more Neapolimin-
33 1104 593 1147 vectiſunt. Ibi poſt equeſtre certa-
525 1158 601 1198 men
