644 1260
3 37 494 73 25 SVEVI TRAGEDI
95 70 470 95 Sic ille ſceptris abſcidit: nutat. perit.
94 94 503 119 Ob regna geminis Regibus nulla eſt fides.
92 116 580 144 IORD. Nam quod periclo reris objectum caput?
94 140 527 165 CONS. Infirmior qui vulneri exponit latus.
63 162 533 188 25IORD. Inerme aullus vulueri expouit latus,
93 188 596 215 Quem nomen armat regium. CONS. Haud ſemper
91 210 595 240 Nomen regentis: inſtat l tergo altior, (tegit
91 232 442 258 Et fortiore dexterâ interdum necat.
90 256 478 282 Sic enſis enſem frangit, & filicem ſilex;
59 279 456 306 20 Percuſſus impar viribus cedet. cadet.
89 303 548 329 IORD. Curiſta nobis præcinis? nullus cadet.
90 325 447 351 Si fortè lapſus incidat, miles, Duces
89 347 514 376 Placidum cadenti ſponte ſupponent ſinum,
91 371 510 398 Meliorq́ue ſurget ; undique obvallat ſalus.
59 394 579 422 25 CON. Sic corda ſcelere libems? nondum vides,
89 417 482 445 Cupido cunct ut impotens vertit, rnit?
89 441 512 469 Nondum quid anim livor, ant quo devius
88 464 452 490 Iordane noſti mentis erumpat furori
90 487 510 515 Quid vel potentevnolle, vel ſcentro pares?
58 509 435 539 30 Aurâ minore vectus imperio ſuhis?
88 534 482 558 Cæſar favebit. Imnatem vincis notam?
87 557 455 584 Subli miorq́ue gloriâ tangis geadum?
86 580 471 607 Dejiciet idem, viq́ue dejectum premet.
86 604 524 630 Novi ego, quod altè cnndats ingenium vafers
57 624 491 653 5 Præceps ad irm. ſubdolus. fallax, ſerus,
86 650 412 676 Et pejerati juris. & mentis tenax
85 674 440 696 Spe cuncti devorantis, opſtantos ſibi
84 696 446 723 Si fortè faſces credat, efringet tuos:
84 718 526 745 Caroq́ue ſanguine myſta crudelis litans
47 741 471 771 40 Te te hoſtiam atris imperi ſacris dabit.
82 766 464 792 Omnia pntat licere, qui renum petit:
84 790 440 814 Nec regna credit eſſe, ni ſolus regat.
83 812 540 838 IORD. Fratemnus odia franget. & furias amoe
85 835 603 865 CONS. vVel nulla fratrum.ſumms vel odia exetec.
1 857 535 888 .45 IORD. Non unus odia ſumma progignit dies.
85 881 484 907 Parit ira. tempus nutrit, attollunt minæ,
82 904 521 931 Mora firmat. animns roborat probri memot,
81 927 469 956 Tum rabida ſerus arma diſtringit furor.
82 949 531 978 CS. Ir imoerabis ordinem? fervet, furit
52 970 478 998 0 Indomita, & elex: evomit cæci trucess
82 994 470 1022 Cordis tumultus, victa non cedet, novo
80 1017 502 1046 Rutſum æſthbit imuetu: abducens moras
80 1040 416 1066 Non vulnerabit ocior mi vulneret.
81 1062 553 1091 IORD. Iqvolvet unde tnrbo tam ſibitus duces?
50 1082 455 1112 55 Inonina ſic peocella non undas movet.
80 1106 578 1142 CONS. Procella nautis. antequam ſurgat, fremit:
79 1128 480 1158 Ante & faciſens nunciat lapfum domus:
78 1149 531 1186 onſtrat́ue fulmaen, antequam feriat, facem;
544 1186 577 1207 Ab
