670 1273
70 50 518 81 5 SVIVITTAGODIA
116 73 521 107 Dolee eſt reſere quod ſemel donum dedi.
115 90 660 140 co. ioii oocccim imâtureââi ts:
114 120 489 153 Pereat, perire morte quem juſtâ decet.
114 143 567 175 SAB. Quis prohibet uno ſcelere puniri duos?
68 166 532 200 25 Quo membra nati vulneras, etiam meo
113 189 614 224 Madet ille gladius ſanguine, & parem rapis.
70 211 531 245 Purpureus animæ, rapere nec totam poæſt,
214 239 391 266 Exit Iordanus.
111 264 470 296 Et ecce morti junget hic locus pares.
111 279 568 318 0 m, mcras âisânîieis rus:
64 310 536 340 q9o Tne ille, Reges inter, & juvenum choros
110 333 487 363 Decorus omnes alter ut ſubitò venis?
110 357 441 389 Serena triſtis ora ſic fœdat color?
109 378 595 413 IORD. O mnater, ante vulnera quid afers nacæm?
110 402 445 430 Si tela ceſent ; ſævior necat dolor.
62 427 451 458 495 Occide lictor, enſis ut vivum petat.
108 449 526 483 ISAB. At non peribis, ipſa ſuccedam, exne
107 473 457 505 Nare, ntenas, apias pondus tacis
107 495 576 530 Erit iſtud humerisa enera qnid mnlm graææ
107 518 506 547 Immne ferrmm membm? diſſolne, indus
60 539 528 585 0 e me volentem: lictor. hnccemmam necis
105 564 517 592 Molire telum: Nate quid ceſſas? abi:
104 587 469 616 Ego ferienda victin hic adſum noa
104 610 460 639 evom morti. Teſtor hoc cœli juhar,
106 633 464 663 Et ſulminantem dexterâ cælo Deum,
57 655 444 681 405 Nihil auſus iſte, potuit inſeſti uihil
103 679 461 708 Tentare: ſi quod enſe punitur ſcelus,
102 701 499 731 Meum eſt: parata vulueri en cervis, feri.
100 724 569 759 IORD. O mater, animosnimius obmnrbat dolas,
101 746 492 778 Abſced: utroſque morte ſejungit Deus,
55 770 498 799 450 Vtroſque cælo junget: interea meos,
100 793 603 826 Si quidquam in aſtris voma morituri valent,
72 815 556 848 .va,precor, annos. ISAB. Vive tu potiâs mus
97 838 549 874 Matri ſaperſtes, vim, quam tribuit parems
96 863 431 892 Non mumnanti deditur: raptas tuo
53 885 468 912 4t5 Inſanda tumulo mater exuvias feram?
97 908 449 935 Sequeris olim funema parentis ſenex.
96 929 640 977 1op voedinotpt, mmnpr.
95 954 551 988 Neque hoc merenti gandium; at rurſum mili
97 977 551 1020 âia eriris ? pemnits g2naentem mori:
51 999 452 1026 40 Vox hic ſuprema deſicit. mater vale.
96 1022 601 1066 ISAB. Morienre te valebo? Prâ tigris meam
96 1043 492 1071 Immanitatem juncta ni vinclis tuos
96 1065 475 1098 Experiar enſes, ni ſuper cæſa pccidam,
50 1086 507 1118 Vetare quiſquam poterit? an Cæſar vetss?
51 1110 500 1146 4a5 Nnne imperaſti? ſtemne vel ſimul dnos.
95 1131 511 1169 Vel umrmque morti deme. Si pœnam petis
540 1158 602 1190 rts
