681 1292
231 44 497 69 1ACOâI LIBENE
81 55 115 75 a
121 68 415 95 Pondere ramos arbor anhelas.
121 92 454 119 Neque tu juſti regula & æqui
80 114 463 142 m0 Aterna Themis quodcumque pari
105 138 432 165 Munere penſas. Malâ non ſimili
120 161 415 187 Venit obſequio ſimilis merces.
119 183 431 208 Emitur meritis bene diſparibus
122 209 265 236 Gratia diſpar.
160 264 343 281 A m455 O
354 250 673 279 A V5 V l
100 265 672 305 A 2 5 CV N V
121 319 674 360 imeon & Leui deliberant de perdendo
151 357 672 395 Ioſeph, ac repugnantem Rubenum i
227 391 515 425 partes trahere conantur.
176 429 566 477 SIEON. LRVI. RVBEN.
83 470 583 507 SM.N noſtra natus damua, Rachelis genus,
177 492 675 534 IIoſeph, timendus ſemper, & numquam ſuls
169 525 612 550 Sat invidendus, vivit ?0 fraum pudorI
117 548 496 575 Vt in paternæ creſcat exitium domus;
103 572 526 622 eaee.
120 617 455 645 Nos inſolenti ſubditos calcet pede
120 639 498 667 Natu priores? fuerat hoc etiam parùm
119 665 511 690 Quod noſtra durus ſcelera punivit pates
89 689 476 717 Hoc proditore, njſi Deo tumens puer
118 711 450 737 Moleſtus augur cæteris, bonus ſibi
116 732 499 759 Prcineret olim ſupplices (fari pudetj
118 755 576 784 Et nos ſuturos ? LB. Rapuit affectum patris,;
118 782 512 805 Et dividendum pariter in totum gregem
64 803 494 831 Abſtulit amorem ſolus, invidiæ capax
117 826 505 853 Majoris, & ne fratribus deſit probrum,
115 850 496 874 Variâ triumpat veſte pretioſus puer.
116 871 565 898 SI. Hgnava, fratres, turba, quin malis paras
117 897 536 922 Obſtare tantis? veniat, & mentem occupet
87 919 570 944 a0 Par ira probro. LE. Nempe Simeonis manms
116 940 502 970 Dinæ pudorem clade tam magnâ virum
113 965 522 989 Quaa vinditavit, languet nd pueri necem?
114 987 566 1009 I. Dedatur umbris fra multorum, unius
113 1009 592 1035 Redimenda fato. LE. Cauſa ſed noſtrum poteſt
84 1033 509 1059 5 Tardare ſacinus.una, miſericors Ruben,
111 1055 504 1081 Non ille ſocias fratribus junget manus;
109 1079 505 1104 Obſtabit erlam; novi epo ingenium viri
51 1102 593 1125 Flexanime puero. SI. Novi ego ingenium virâ.
1 1121 31 1135 N..
108 1124 565 1148 Audere promptum; patrius hoc didicit torus.
61 1146 664 1181 ciſt obſeqetus. LE. Ipſe fert contra gradum;
456 1172 664 1206 Aramue,!
