656 1293
219 41 490 63 1ACO3I LIBENI
68 45 116 69 1s
112 65 526 92 Fortum, ſi quod fata portendant malum.
113 90 580 114 RVB. Cerrare puero turpe; ſi placuit ſcelns,
82 111 555 138 o Alium tibi hoſtem, qui virum decear, le ge.
114 132 648 168 SI. Sat dignus hoſtis, qui nocet. quamvis puer.
89 157 556 182 RVB. Ecquid nocere, ſi velit, puer poteſt?
114 177 648 212 SIM. Rogas tenentus ſomnia. Superbo improbus!
116 204 646 236 Me, te q́ue, & omnes, & patrem calce obteret,
88 225 520 251 Ac domnita franget colla, fatorum minas
114 250 560 274 Hæc niſi refellat dextra, & avertat probrum
116 269 647 299 rave ſervitutis. RV. Frater eſt. S. Hoſtis quoque.!
82 295 648 328 RVFrterque Ioſeph. SI. Tangis hic ipſos metus.
119 318 457 343 Ioſeph !dolori ſubdit atroces meo
52 340 579 368 9Vox illa ſtinulos. Non leve eſt puer malum;
119 365 573 390 Ioſeph timetur. Egon? ut incurvâ obſequens
119 388 561 413 Cervice, famulas humilis admoveam manus
121 410 514 436 Major minori? vilis ad genua accidam?
122 434 526 459 Meaſq́ue Ioſeph tumide Simeonis preces
94 457 463 482 5 Olim jncentis aure ſurrectâ bibas?
122 478 650 511 Prohibete Superi probra. RVB. Si placuit polos
122 503 503 528 Quiſnam reſiget legis æternæ notas
120 526 649 557 Adamante ſcriptas? SIM. Illa Simeonis manu.!
122 550 476 574 Stat experiri, reperiet ferro viam
82 573 530 598 0 Per ipſa victrix fata. RVB. Sic reris Dei
124 595 466 621 Conſilia vanis firina turbari minis?
124 618 538 643 SIM. Ioſeph docebit, victima infelix meis
122 639 531 667 Litanda manibus. Noſtra tu tantum pari
124 664 584 691 Ad auſa niſu haud degener veni. RVB. Tenee,
84 683 648 719 10s Retrahitque pietas. SiM. Ergo pietatem putas?
124 711 569 737 Scelus eſt. In unum, noſtra ſi cœpta adiuves,
123 731 550 758 Peccas; in omnes, ſi abnuas. Pecca minus,
124 757 647 792 Cum cogeris peccare. LE. Quod cuncti probaot,
126 780 646 814 Cur refugis unus? RVB. Si fugæ cauſam rogas,
70 803 569 830 110 æc una abunde eſt, quod jubes frater ſcelus.
126 826 542 852 Egonâ ut manus cruore cognato inquinem.
123 849 557 872 Meumque demens cuncta in exitium vocem?
124 871 520 899 Nimis ille noſtros errat ante oculos Cain
126 894 515 917 Exul, pavens, inviſus, hoſtis omnium
88 917 494 945 11 Suuſue, cælo pariter ac terræ gravis.
124 940 514 965 Aderit profecto Numinis vindex manus,
124 963 648 993 Pœnaſd; repetet. LE. Timide R. Ad eremplſ patris
123 987 640 1023 Avi, atque proavi. LE. Quid moras curſu objicisI
124 1008 498 1034 Iam concitato? prohibeas licet, ramen
33 1031 571 1060 2a0 Iu deſinatum facinus abripior. RVB. Preme,
125 1053 633 1083 Preme frater iram. Reſpice ad avitam domum,
124 1076 639 1112 An deceat hoc te. SIM. Reſpice ad patuſ; decet.
125 1098 641 1140 RVB.Quin ad Abrahamum reſpice, Iſaacum patrâ.
126 1121 482 1148 Hac procreatum ſtirpe par avis vocat
85 1141 539 1173 25 Virtus aepotem: peus animoſum æmulus
510 1168 642 1206 Stcnd!
