655 1275
207 33 470 58 IACOBI LIBENI
53 31 135 52 o
95 56 521 84 Hæ polluatur. Eſt & hoc noſtro probrum
55 79 442 107 155 Inſame generi, criminis tamti viam
96 103 531 130 Vel cogitaſſe. Sſ. Neſcio quid intn meis
90 126 479 154 Tremuit mnedullis. Serpit invitos gelu
98 150 493 176 Pigrum per artus. labitur ſegnis manus,
99 173 506 200 Ferrumque refugit: pectus extincto riget
56 192 507 223 1îo Ardore, perennt odia. Nolentem quoque
97 220 501 244 Natura vfucis. O Ruben! mnelior Rubes
85 241 490 268 Simeone! Ioſeph vivat, in Ioſeph pater.
96 264 529 292 Quid hoc recedis tam citò imbellis furor
94 288 478 314 Vinceris amori? ſeguis. excors, deſeris
54 311 503 335 15 Benè inchoatum facinus?0 iners manus !
94 334 466 360 Elumbe pectus l ſlcne violatæ efferum
96 358 487 384 Nuper ſororis vindicem intaſit tremor?
95 380 545 409 Conſta anime. conſta, perge. Si parcis pami,
96 404 465 430 Parces & illi. Rurſus increſcit dolor
47 427 523 451 9o Exſe renaſcens. Aude age, & ſimilem ribi
96 449 473 477 Teredde Simeon, qmuulis Hævæo ferox
96 474 532 500 Stabas Tyranno ſtrage cum vaſtâ in Sichem
94 496 511 524 Patrii furebas generis ulturus probrum.
92 520 522 548 RVB. Quid rurſus odio temet in furias agis
41 542 479 570 155 Hajore Simeon? dutus, intractabilis,
94 566 490 593 Sine mente, monitis ſi negas aurem meis
92 590 538 616 Bene obſequentem, ſtabo; Simeonem Rubex
92 613 516 637 Major minorem comprimam. Irato dabis,
92 637 566 663 Negata preibus. LEV. Certa ſi fratrum negas
48 658 497 685 200 Decreta concors exequi, at patiens tamen
90 682 558 708 Permitte. RVB. Lucis teſtor auctorem, abditæ
90 706 482 732 Secreta mentis imn penetrantem Deum,
90 728 518 755 Pars nulla tanti ſceleris innocnum attigit
90 751 565 778 Petus Rubeni. LE. Si quod eſt. cunctis ſcelns
38 772 501 800 2105 Peragitur omnes pariter hoc habet reos,
89 798 495 824 Quorum iſte magnos vivit in metus puer.
79 819 648 850 SI. Diſceſſt ? itne eſtquod potes, quod non potes,
79 843 480 870 Molire; numquam caſſibus cluſam meis
88 866 542 903 Prædam rereſles: quâ voles. texe, occule.
46 887 479 915 10 Tûere vincet illa Simeonis manus
87 913 508 940 Per tot viros funeſta. Cur non turpibus
85 936 495 964 Ferrum latebris jam diu indignaus premi
85 959 523 986 Mea dextra ſolvis ? ſolve, ductoque emicans
75 981 463 1008 Mucrone in unum viribus toris cacur
43 1002 489 1033 a255Librata pende. Tumuit, exarſit gravem
84 1027 475 1055 Suſpenſa in ictum quærit in cujus caput
84 1049 487 1076 Effundar iras. O bene! agnoſco manum
85 1072 591 1100 Simeone dignam. OQuando? vab turpem moram!
84 1093 504 1121 Hle ſtaret utinam victima in vulnus meum
40 1114 474 1147 2a0 Parata Ioſeph ! anime prguſta necem,
78 1138 481 1173 Iuret aata tempns ſselare meditato ſrai,
548 1167 650 1207 3
