689 1290
195 48 464 69 IACOBI LIBENI
48 52 110 73 14
87 72 465 95 Fraterus quanto viſcera affectu tepesI
88 94 514 121 Quid hoc? acerbis mæſta quæ nubes ſedet
639 111 687 147 I2
89 117 444 141 Genis? ſevero quis ſupercilio dolor
90 140 453 165 Non uſitatus vultui vultum abſtulit?
57 163 492 183 o Heu me! minaces fronte cur torvâ fero
92 187 552 212 Defigis oculos frater?SIM. Hoc augur rogr,
90 209 458 234 Toties inani numie ſflatum caput?
90 231 551 257 Vah vana pueri viſa !IOS. Quæ timido furens
92 255 547 280 Minare Simeon arma? S, Veridicus ſopor
39 278 453 302 5 Celavit hoc te? ſomnii pœnas mui
90 301 545 327 Ades daturus IOS. Frater! SIM. Imis expuli
89 325 652 348 Viſceribus: hoſtem nunc voca. IOS. HeulSimeon.
177 349 314 373 SIM. Manum
92 370 469 395 A genibus aufer, perdis incaſsùmn puer
92 394 457 419 Nil profuturas morte decretâ preces,
60 415 600 442 0 IOS. Quæ cauſa mortis? SI. Si necis cauſam petâ,
94 439 545 464 Pete ſomniorum. Dexteram hanc dudum tuo
92 462 495 487 Rubuiſſe decuit ſanguine, lentas nimis
92 485 450 509 Simeonis iras nunc tuo pronos vide
91 508 513 533 Fratram maniplos ſtolide, nunc ſtellas tibi
61 530 557 557 5 Lunam atoue Solem ſupplices: tandem augu
92 554 419 579 Optata vates præmia iterati reſer.
90 577 525 600 Nunc morere. Non te manibus eripiet o;
92 601 575 626 Spes ſomniorum vana. IOS. Per junctas manus,
91 624 441 648 Per jus amoris, perq́ue cari pectoris
53 641 551 671 0 Reſeranda ferro viſcera, heu lSimeon moram
89 670 479 695 Cncede precibus, te per & proavi pios
90 693 488 718 Aviq́ue cineres, per quod eſt carum tibi,
90 716 464 741 Miſerere: vitam iunoxius frater peto,
89 739 498 764 Nulli ueg timendus. Hoc mernit genus,
60 758 542 786 5 Paterq́ue meruit. LEV. Prævios matris puer,
82 785 474 810 I. ſequere manas: filium Rachel vocat.
88 808 547 833 SIM Ceſſamus? imis non adhuc ferrum ſbrie
88 832 573 856 Recepit angur? RVB Siſte furialem impetum,
90 854 469 880 Puraſue ſerva ſanguine â caro manus.
60 878 595 901 0 Pars magna patris. quam necas. SI. Serû eſt. Cadat
89 900 492 921 Vmbraſue nocis, E& minas ſomni hoſtiâ
88 923 507 948 Placemus iſt. VB. Tangit.& feras amor
88 947 523 971 Generis. Nefanda cæde nos teq́u inquines,
89 970 519 994 Sanctæque noxam ſtirpis in probrum trahas
17 992 462 1017 5 Inexpiandam ? decuit hoc Abrâ ſatos,
88 1015 506 1039 Qnod barbarorum nulla progenies peobet,
85 1037 494 1062 Nulla & ferarum? dexteram ferro amove
85 1060 589 1085 tiam ante vulnus impiam. SIM. VVt cœpto avoce?
85 1083 512 1108 Librata i ictum ut concidat manus? prope
43 1104 589 1133 20 acinus peratâ ut deſer R Haud què eſt nocEs,
86 1128 566 1153 Qui voluit, & qui fecit. SI. Hoc feram nefas?
83 1149 440 1177 Ialtas ut im ! dimsâ viro pndos !
508 1178 591 1200 2.
