646 1282
197 25 461 54 ACOBI CLIEENI
1 31 102 51 14
89 43 455 78 Complexn corpus textili ornatos ſimnu
56 72 506 104 20 Tegebat humeros palla non idem color?
88 96 504 126 Nec ipſa, & ipſa eſt. Nate ſic patri redis?
84 118 443 148 Non talis ibas. Iuſſa peccarunt mea,
84 141 508 175 go te peremi. CH. Vincitur luctu noro3
83 164 455 194 Et regere feſſos impotens artus, caput
54 188 640 226 aIterum reclinat languidum. Heu miſerum patrem
80 210 637 257 IAC. Ad hoc ſuperſum? fic parum fueram miſer?!
82 233 506 263 Niſ ad dolores hoc quoque acceſſet meos?
80 255 433 286 O dura Iacob fata l ſic placui polo?
80 279 510 314 CH. Hoc lege Numen ſanxit æternâ: probis
52 302 570 337 go0 Sors ut veniret dura. IAC. Quid prius gemam?
82 326 479 353 Aut unde queſtum ducat incertum dolor
80 347 463 380 Malis tot impar? conjuge amiſs puer
79 370 523 405 Meus ille Ioſeph cecidit, heu Ioſeph meus
78 393 448 428 CH. Qui ſvientis odia fortunæ tulit,
46 418 432 449 q5 Vicit ferendo. Caſibus duris quati,
77 441 528 473 Animoque frangi, eſt in malo duplex malum.
63 463 497 495 IAC.O morte pejus orbitas patri malum !
74 486 456 515 Ad hoc te amabam nate, ſolamen ſenis
76 510 503 546 Vnum, & voluptas, liberam ex tanto grege
45 533 544 567 A Spes prima. & ingens patriæ columen domns
75 557 553 593 Heu vana pueri ſomnia! H. Vt quaties jubas,
70 579 502 613 Rictuſque magnam accenſus in prædam leo
69 602 453 636 Acueus.feroces, nobilem armento legit
71 625 485 661 Generoſus hoſtem; vile non placet caput,
40 648 495 684 45 Nec media cervix ſronte ſed torvâ minax,
70 670 424 700 Cervice durus quæritur taurus, feræ
68 693 514 730 Tantis minores præda non digna unguibus:
68 717 535 751 Sic optimum mors quemq́ue, contemprâ virms
66 738 505 772 Turbâ, ſubactum ſtravit, umbriſq́ue addidit
36 763 607 805 50 Non humile ſpolium. AC. Sena quæ meos ſibit
589 794 636 838 5l
39 785 395 813 Inopinaxiſus? patuit en atrilice
40 805 468 840 Denſum, cupreſſo flebile ac taxo., nemus.
591 837 638 858 5I
63 831 421 860 Eu ipſa latebris bellua exiliens feros
62 855 477 887 Armavit ungues rabida. Spectatis feram?
33 877 496 913 y An video ſolus? fremuit: in puerum truoes
61 900 443 934 Defixit oculos. Nullus ad oſeph venit
59 923 475 958 Auxilia? gnatum corpore oppoſito tegam.
58 946 492 981 Date tela. Iim jam ſurgit in vulnus, dedit,
56 969 413 1002 en me ! cruori patuit innocuo via.
26 991 429 1025 0 cce, ecce pronus ore ſanguineo puer
59 1013 522 1051 Terram momordit: nec tamen noſtri immemo
57 1036 523 1075 Vel morte in ipsâ, quâ poteſt, patrem invocat,
55 1058 515 1098 Iterumq́ue & iterum voce miſerandâ patrem;
54 1080 452 1115 Stat patre in uno cura, morituris petrem
1 1102 435 1141 5 Requirit oculis. Surgit en rurſum fera
52 1124 406 1158 Mljore hiatn, c parra laniatu uci
455 1162 556 1191 ieelſt
