1000 1743
406 72 406 112 L
456 72 696 112 IBERI

152 64 190 117 22:

448 125 452 162 A
483 125 618 162 NTIN.

187 144 348 212 Auctoritatem
378 144 497 212 parentum
532 144 547 212 in
574 144 658 212 liberos
677 144 719 212 ſcio
742 144 777 212 eſſe
808 144 938 212 maximam,

148 193 180 234 ſed
200 193 236 234 non
260 193 283 234 ut
303 193 387 234 faciant
415 193 514 234 miſeros.

458 231 578 263 AGAT
607 231 632 263 H.

196 257 213 308 Te
234 257 321 308 beatum
350 257 400 308 velit
421 257 495 308 pater.

455 299 626 333 ANTIN.

189 339 205 392 Et
233 339 257 392 me
273 339 333 392 illud
357 339 401 392 vitæ
425 339 489 392 genus
505 339 612 392 amplecti
632 339 708 392 jubet,
736 339 776 392 quo
792 339 836 392 fiam
868 339 936 392 miſer.

452 379 476 417 A.
500 379 500 417 G
528 379 532 417 A
572 379 632 417 T.
604 379 632 417 H.

182 405 273 461 Adeòne
302 405 398 461 miſerum
428 405 453 461 eſt
478 405 628 461 magiſtraium
657 405 732 461 inire,
765 405 874 461 forenſem
907 405 936 461 to.

154 449 193 500 anm
222 449 328 500 induere?

456 478 628 526 ANTIN.

201 498 291 570 ciſerum
318 498 345 570 eſt
363 498 421 570 illud
439 498 525 570 facere,
552 498 615 570 quod
633 498 700 570 nolis.
736 498 740 570 A
767 498 808 570 quo
835 498 880 570 vitæ
907 498 934 570 ge-

140 558 192 599 nere
206 558 346 599 abhorreas,
371 558 426 599 illud
444 558 518 599 ſequi,
547 558 565 599 id
587 558 631 599 verò
664 558 829 599 miſerrimum.

458 597 629 633 AGATH.

175 625 219 677 Non
251 625 315 677 video
335 625 387 677 quid
407 625 490 677 tantum
514 625 610 677 forenſis
634 625 682 677 toga
710 625 821 677 importet
845 625 929 677 incom-

146 668 215 718 modi:
242 668 276 718 illâ
295 668 364 718 tectus
380 668 468 718 amieos
479 668 594 718 protegis,
617 668 686 718 terres
701 668 824 718 inimicos;
847 668 862 718 &
881 668 931 718 tibi.

146 700 159 751 &
180 700 284 751 familiæ,
315 700 332 751 &
354 700 497 751 Reipublicæ
514 700 570 751 bene
592 700 700 751 conſulis.

441 746 617 775 ANTIN.

184 772 217 826 Qui
251 772 396 826 magiſtratum
430 772 467 826 init
501 772 601 826 coactus,
634 772 667 826 qui
705 772 755 826 gerit
780 772 884 826 invitus,
917 772 934 826 &

136 811 184 849 ſibi,
216 811 232 849 &
252 811 355 849 familiæ,
387 811 403 849 &
431 811 563 849 Reipublieæ
586 811 678 849 conſulit
706 811 766 849 malè.

444 853 451 881 A
493 853 493 881 G
524 853 570 881 AT
601 853 629 881 H.

172 879 197 934 At
218 879 264 934 verò
289 879 322 934 cur
355 879 501 934 magiſtratum
534 879 592 934 ineas
626 879 725 934 eoactus?
759 879 792 934 cur
821 879 875 934 geras
896 879 925 934 in-

136 919 204 948 vitus?

442 961 617 999 ANTIN.

182 983 224 1034 Quĩa
247 983 312 1034 nolo:
345 983 386 1034 quia
414 983 451 1034 non
479 983 554 1034 lubet.

432 1032 556 1068 AGAT
585 1032 611 1068 H.

165 1063 208 1104 Non
239 1063 277 1104 vis?

441 1106 613 1134 ANTIN.

161 1138 205 1179 Nec
227 1138 293 1179 volo,
318 1138 358 1179 nec
380 1138 432 1179 velle
450 1138 549 1179 poſſum.
582 1138 637 1179 Sæpè
659 1138 787 1179 togatorum
816 1138 919 1179 commo-

212 1109 302 1221 ratiam.
335 1109 382 1221 opes
410 1109 495 1221 revolυi
514 1109 603 1221 animo:
636 1109 688 1221 ſpe
707 1109 796 1221 ilorum
829 1109 923 1221 viveni

124 1209 229 1260 rationem
257 1209 319 1260 exegi
351 1209 445 1260 mecum,
466 1209 571 1260 laudavi,
592 1209 651 1260 volui
669 1209 756 1260 amure,
777 1209 815 1260 non
843 1209 913 1260 pstui.

427 1252 478 1278 AG
508 1252 610 1278 ATH.

160 1280 202 1321 Non
229 1280 336 1321 potuiſti,
367 1280 397 1321 cur
420 1280 512 1321 autem?

440 1319 612 1352 ANTIN.

166 1354 246 1402 Cauſam
278 1354 358 1402 omitte
378 1354 486 1402 quærere.
534 1354 566 1402 Cur
582 1354 602 1402 ab
626 1354 666 1402 illo
686 1354 734 1402 vitæ
758 1354 834 1402 genere
854 1354 910 1402 reſu-

126 1391 170 1427 giam
195 1391 283 1427 neſeio;
309 1391 327 1427 at
353 1391 434 1427 refugit
452 1391 558 1427 animus;
584 1391 705 1427 abhorret,
731 1391 771 1427 hoc
793 1391 852 1427 ſcio.

424 1430 548 1459 AGAT
577 1430 603 1459 H.

159 1461 203 1489 Ah:
