1000 1743
314 66 314 119 C
366 66 375 119 O
436 66 436 119 A
488 66 488 119 C

835 69 859 116 is

371 119 543 152 ANTIN.

98 149 206 207 Suſpiras,
233 149 314 207 frater:
341 149 395 207 quid
413 149 453 207 eſt?
485 149 539 207 quid
557 149 705 207 ingemiſcis?

361 197 543 237 AGATH.

94 226 111 281 Et
133 226 176 281 tuis
206 226 258 281 malis
279 226 422 281 ingemiſco,
452 226 469 281 &
495 226 560 281 meis.

364 273 536 309 ANTIN.

94 303 159 349 Fratri
193 303 316 349 miſerrimo
342 303 484 349 condolere,
510 303 552 349 hoe
575 303 663 349 fratris,
694 303 732 349 hoc
751 303 850 349 Agatho-

53 342 91 391 tlis
111 342 149 391 eſt;
176 342 191 391 at
214 342 298 391 quibus
325 342 383 391 malis
398 342 502 391 indoleas
521 342 563 391 tuis
582 342 620 391 non
655 342 732 391 video.

358 383 545 410 AGATH.

91 414 113 455 At
135 414 201 455 ſcito,
231 414 311 455 frater,
344 414 403 455 quod
425 414 561 455 intelligere
586 414 601 455 te
634 414 715 455 jamdiu
751 414 854 455 oportuit

57 445 83 496 (ſi
103 445 152 496 quid
171 445 248 496 præter
271 445 317 496 ſuas
340 445 432 496 miſerias
447 445 608 496 intelligerent
638 445 726 496 miſeri)
745 445 799 496 ſcito
826 445 852 496 me

55 490 83 531 ad
95 490 151 531 illud
171 490 263 531 quoque
291 490 334 531 vitæ
358 490 486 531 inſtitutum
518 490 578 531 adigi
597 490 601 531 à
625 490 697 531 patre,
725 490 785 531 quod
805 490 849 531 toto

58 530 161 573 refugiam
188 530 295 573 pectore.

367 565 538 593 ANTIN.

93 597 161 637 Atqui
181 597 249 637 tamen
277 597 405 637 inſtitutum
433 597 489 637 illud
505 597 561 637 nihil
581 597 665 637 habet,
693 597 753 637 quod
769 597 793 637 ita
825 597 853 637 re-

56 628 173 675 formides.
206 628 246 675 Imò
272 628 397 675 plurimum
426 628 488 675 offert
506 628 635 675 commodi.
678 628 708 675 Ad
726 628 796 675 ſaeros
814 628 851 675 ho-

56 674 118 717 nores
136 674 184 717 viam
202 674 290 717 aperit,
315 674 330 717 &
348 674 473 717 jucundum
494 674 549 717 parit
568 674 604 717 eum
637 674 747 717 dignitate
765 674 845 717 otium.

369 711 417 740 AG
446 711 545 740 ATH.

93 735 156 788 Mihi
177 735 252 788 neque
268 735 339 788 placet
356 735 389 788 illa
410 735 518 788 dignitas:
543 735 560 788 &
577 735 639 788 otium
664 735 722 788 illud
743 735 852 788 diſplicet.

367 784 537 821 ANTIN.

103 818 159 856 Quod
183 818 255 856 plaeet
279 818 362 856 multis,
394 818 422 856 cur
446 818 482 856 tibi
510 818 633 856 diſplieeat,
661 818 673 856 ſi
693 818 805 856 quæram,
833 818 849 856 te

72 849 157 899 quoque
184 849 265 899 neſcire
292 849 356 899 dices.

369 891 493 930 AGAT
521 891 541 930 H.

104 915 169 964 Dicam
200 915 265 964 certè;
296 915 315 964 &
334 915 380 964 verè
399 915 476 964 dicam.
507 915 587 964 Neque
606 915 625 964 ut
645 915 775 964 placeamus
790 915 852 964 aliis,

59 960 132 1007 neque
150 960 169 1007 ut
191 960 220 1007 res
238 960 304 1007 nobis
322 960 425 1007 placeant
440 960 454 1007 in
487 960 600 1007 voluntate
633 960 707 1007 noſtrâ
725 960 783 1007 ſitum
813 960 849 1007 eſt.

367 1001 543 1037 ANTIN.

99 1034 113 1079 Et
135 1034 201 1079 tamen
227 1034 263 1079 illo
285 1034 300 1079 te
322 1034 365 1079 vitæ
391 1034 468 1079 genere
486 1034 599 1079 implieari
617 1034 691 1079 ſines;
723 1034 793 1079 neque
815 1034 851 1079 ob-

70 1058 134 1115 ſiſtes.

364 1108 539 1136 AGATH.

99 1132 167 1185 Mẽne
187 1132 286 1185 paternæ
314 1132 425 1185 voluntati
449 1132 569 1185 obſiſtere?

369 1181 541 1209 ANTIN.

110 1212 202 1259 Quidni?
231 1212 239 1259 ſi
264 1212 322 1259 quod
347 1212 401 1259 velle
418 1212 455 1259 non
489 1212 568 1259 debet,
593 1212 630 1259 hoe
655 1212 705 1259 velit
722 1212 796 1259 pater.

371 1253 375 1288 A
419 1253 492 1288 GAT
522 1253 551 1288 H.

109 1287 189 1331 Preees,
217 1287 340 1331 lacrymas,
364 1287 424 1331 apud
440 1287 520 1331 patrem
544 1287 655 1331 adhibere
683 1287 711 1331 fas
731 1287 771 1331 eſt;
799 1287 851 1331 patri

66 1318 196 1367 reugnare
217 1318 239 1367 eſt
260 1318 334 1367 nefas.

377 1360 381 1389 A
413 1360 549 1389 NTIN.

103 1393 124 1437 At
149 1393 282 1437 repugnabo
311 1393 357 1437 ego.

375 1432 424 1461 AG
451 1432 549 1461 ATH.

115 1465 163 1504 Quid
185 1465 228 1504 ais,
258 1465 341 1504 frater?

656 1540 693 1576 P3
