1000 1743
143 65 143 106 a

519 59 695 108 RI

455 101 626 152 ANTIN.

192 141 248 185 Quod
271 141 364 185 faeiam.

449 174 628 219 AGATH.

176 214 297 274 Nunquam
322 214 342 274 id
363 214 442 274 facies,
471 214 529 274 quod
550 214 571 274 ne
596 214 658 274 facias
679 214 758 274 vetant
783 214 870 274 pudor,
903 214 932 274 re-

144 251 258 290 verentia,
286 251 362 290 pietas.

453 292 621 338 ANTIN.

189 315 205 385 Ut
225 315 297 385 faciam
333 315 385 385 ubet
409 315 481 385 dolor,
505 315 561 385 cogit
581 315 705 385 imperioſa
729 315 797 385 patris
821 315 933 385 voluntas.

146 366 263 425 Philoclem
288 366 387 425 patruum
416 366 508 425 rogai,
541 366 563 425 ut
585 366 621 425 hac
651 366 669 425 de
695 366 713 425 re
735 366 812 425 adeat,
848 366 863 425 &
888 366 929 425 oret

139 407 234 463 patrem.
263 407 289 463 At
307 407 344 463 niſi
369 407 453 463 orando
479 407 618 463 exoraverit,
651 407 728 463 eertum
757 407 793 463 eſt,
819 407 878 463 illud
892 407 929 463 ag-

140 442 225 504 grediar
255 442 270 504 &
290 442 385 504 exequar
412 442 523 504 denique,
553 442 614 504 quod
649 442 695 504 mihi
721 442 794 504 doleat
821 442 928 504 quidem.

136 476 153 530 at
178 476 236 530 patri
261 476 332 530 doleat
357 476 461 530 quaoue,
490 476 507 530 &
532 476 594 530 forſan
627 476 673 530 diu.

440 527 444 556 A
486 527 618 556 GATH.

177 557 227 602 Cave
242 557 364 602 indignum
394 557 410 602 te
429 557 551 602 quidquam
578 557 665 602 feceris,

445 600 616 634 ANTIN.

170 634 210 692 Me
226 634 286 692 nihil
302 634 421 692 indignum
449 634 541 692 faciam,
569 634 609 692 dum
637 634 693 692 nihil
716 634 776 692 eogar
796 634 916 692 indignum

132 672 184 727 pati.
217 672 290 727 Preces
315 672 366 727 meas
388 672 520 727 jamdudum
546 672 626 727 reſpuit
648 672 725 727 pater;
750 672 761 727 ſi
783 672 798 727 &
816 672 856 727 ipſa
882 672 926 727 Phi-

132 709 195 771 loelis
224 709 297 771 monita
323 709 425 771 ceſſerint
443 709 520 771 irrita,
546 709 663 771 quidquid
684 709 761 771 deinde
783 709 922 771 peceavero,

129 743 169 791 hoc
191 743 228 791 ſibi
246 743 312 791 totum
341 743 399 791 pater
418 743 553 791 imputato.

444 782 622 829 AGATH.

170 824 273 884 Philoelis
300 824 377 884 monita
400 824 438 884 non
468 824 545 884 cedent
560 824 621 884 irrita
640 824 678 884 niſi
701 824 812 884 Theobuli
835 824 919 884 conſilia

130 859 266 915 obſtiterint.
310 859 347 915 Hie
369 859 438 915 patris
468 859 585 915 oeeupavit
607 859 731 915 animum,
761 859 819 915 illum
852 859 922 915 regit:

128 899 168 958 quò
192 899 252 958 vult,
280 899 396 958 impellit;
424 899 480 958 undè
508 899 568 958 vult,
600 899 700 958 deducit;
740 899 756 958 &
780 899 876 958 arbitrio
900 899 920 958 ac

123 934 193 970 propè
215 934 313 970 imperio
346 934 470 970 moderatur
496 934 547 970 ſuo.

435 981 609 1016 ANTIN.

167 1013 247 1066 Ergone
273 1013 409 1066 parentem,
442 1013 530 1066 virum,
559 1013 628 1066 cæterà
654 1013 691 1066 non
724 1013 918 1066 imprudentem,

119 1049 142 1101 ita
168 1049 210 1101 capi
233 1049 283 1101 falsâ
306 1049 413 1101 doctrinæ
436 1049 600 1101 oſtentatione,
627 1049 650 1101 ita
685 1049 757 1101 deludi
780 1049 918 1101 auſterioris

126 1085 172 1144 vitæ
187 1085 272 1144 ſpecie,
295 1085 314 1144 ut
340 1085 455 1144 Theobulo
482 1085 547 1144 magis
562 1085 635 1144 credat
654 1085 711 1144 quàm
738 1085 826 1144 amicis,
849 1085 906 1144 quàm

123 1119 214 1161 Iiberis,
239 1119 301 1161 quàm
326 1119 376 1161 ſibi?

422 1167 426 1208 A
470 1167 470 1208 G
498 1167 502 1208 A
542 1167 546 1208 T
574 1167 602 1208 H.

161 1199 177 1250 En
205 1199 245 1250 tibi
273 1199 313 1250 cum
341 1199 401 1250 patre
425 1199 497 1250 ſubit.

431 1251 603 1281 ANTIN.

154 1282 265 1331 Abeamus
284 1282 376 1331 iſthine.
411 1282 491 1331 Neque
518 1282 560 1331 verò
587 1282 717 1331 temperare
752 1282 798 1331 mihi
817 1282 913 1331 poſſim,

118 1315 164 1376 quin
193 1315 380 1376 ſyeophantam,
409 1315 492 1376 quibus
521 1315 554 1376 par
579 1315 617 1376 eſt,
650 1315 712 1376 dictis
737 1315 862 1376 excipiam,
891 1315 907 1376 &

116 1352 219 1390 probris.
