1000 1743
394 44 570 95 LIBE
624 44 685 95 RI

141 61 161 92 23

464 95 630 134 THEOB.

178 139 259 181 Poteris
282 139 297 181 &
324 139 374 181 mihi
400 139 527 181 quotannis
554 139 665 181 nummos
688 139 818 181 attribuere
845 139 933 181 ſexcen-

136 177 178 217 tos,
213 177 266 217 quos
289 177 327 217 non
358 177 411 217 ideo
438 177 503 217 peto,
537 177 595 217 quòd
621 177 648 217 ſim
683 177 789 217 pecuniæ
812 177 931 217 appetens.

134 214 203 255 Nam,
234 214 280 255 quæ
307 214 341 255 Dei
372 214 433 255 gratia
464 214 498 255 eſt,
529 214 632 255 divitias,
663 214 800 255 commoda,
831 214 931 255 honores

132 249 244 297 neligo,
278 249 344 297 nihili
373 249 448 297 faeio,
481 249 581 297 reſpuo:
614 249 668 297 ſolas
701 249 809 297 doctrinæ
839 249 930 297 cœleſtis

134 288 183 323 opes
200 288 270 323 amo,
297 288 391 323 expeto,
419 288 510 323 ambio.

466 325 602 353 THEM.

175 360 242 396 Credo
266 360 385 396 equidem.

454 398 622 434 TIEOB.

183 427 241 480 Quod
260 427 274 480 ſi
294 427 405 480 nummos
424 427 516 480 aliquot
530 427 530 480 à
559 427 573 480 te
598 427 641 480 mihi
665 427 733 480 patiar
752 427 863 480 attribui,
882 427 921 480 non

127 470 142 515 in
176 470 230 515 meos
245 470 353 515 accipiam
376 470 441 515 uſus;
468 470 502 515 ſed
517 470 544 515 ad
567 470 675 515 emendos
697 470 786 515 libellos
805 470 835 515 piè
858 470 924 515 ſerip-

127 507 169 549 tos,
201 507 253 549 quos
274 507 284 549 in
312 507 357 549 pias
375 507 455 549 trudam
493 507 577 549 manus.

458 551 597 580 1EM.

169 579 256 624 Laudo.

449 617 618 655 THEOB.

172 652 180 688 O
209 652 230 688 mi
259 652 384 688 Themiſte,
413 652 472 688 quàm
505 652 584 688 vileſcit
605 652 672 688 hodie
697 652 788 688 cœleſtis
805 652 918 688 doctrina:

127 690 183 728 quàm
214 690 298 728 paucos
322 690 364 728 ejus
389 690 500 728 ciptores
525 690 643 728 inveniasl
682 690 825 728 deliberutum
867 690 916 728 mihi

124 725 148 765 eſt
172 725 176 765 à
196 725 300 765 profanis
320 725 460 765 hominibus
480 725 584 765 reeedere
604 725 708 765 longiùs,
736 725 760 765 ad
780 725 796 765 te
824 725 920 765 propiùs

118 759 237 804 accedere.
275 759 317 804 Illie
342 759 443 804 habitare
461 759 475 804 in
506 759 594 804 viciniâ.
632 759 685 804 Indè
713 759 825 804 ventitare
849 759 874 804 ad
902 759 916 804 te

119 798 210 836 ſæpiùs,
238 798 256 836 &
277 798 343 836 tecum
367 798 444 836 arcana
472 798 490 836 de
514 798 615 836 veritatis
629 798 710 836 amore
734 798 846 836 colloquia
874 798 916 836 mis-

121 835 171 875 cere.
204 835 254 875 Nam
291 835 338 875 mihi
358 835 384 875 ad
408 835 508 875 veritatis
534 835 628 875 myſteria
654 835 734 875 videris
758 835 915 875 peridoneus.

453 872 453 904 T
494 872 586 904 EM.

153 906 197 945 Non
223 906 248 945 ita
278 906 303 945 me
322 906 446 945 ſubtilioris
475 906 588 945 ejusmodi
621 906 727 945 doctrinæ
756 906 851 945 capacem
881 906 910 945 ar-

118 946 201 987 bitror.

440 981 606 1019 TIEOB.

165 1012 198 1055 Qui
219 1012 327 1055 candidus
352 1012 377 1055 eſt
398 1012 419 1055 ae
444 1012 552 1055 ſimplex,
590 1012 690 1055 veritatis
715 1012 777 1055 capax
806 1012 844 1055 eſt,
877 1012 910 1055 aut

116 1053 160 1091 fieri
180 1053 300 1091 poteſt...
336 1053 372 1091 Eſt,
403 1053 451 1091 mihi
467 1053 543 1091 fratris
559 1053 595 1091 filia
619 1053 702 1091 nobilis
714 1053 910 1091 adoleſcentula,

112 1088 211 1129 utroque
233 1088 329 1129 parente
351 1088 435 1129 orbata,
475 1088 530 1129 meam
559 1088 570 1129 in
607 1088 691 1129 tutelam
717 1088 812 1129 tradita,
841 1088 900 1129 quam

113 1125 152 1166 ego
175 1125 255 1166 cœleſti
266 1125 339 1166 noſtrâ
366 1125 465 1166 doctrinâ
484 1125 572 1166 inſtitui
591 1125 595 1166 à
618 1125 710 1166 teneris.
736 1125 767 1166 Illa
797 1125 897 1166 omnium

114 1162 158 1201 quæ
180 1162 250 1201 hodie
268 1162 271 1201 à
308 1162 425 1201 Theologis
451 1162 597 1201 tractantur,
634 1162 839 1201 controverſiarum
868 1162 905 1201 ap-

113 1198 184 1235 primè
201 1198 280 1235 ſciens.
317 1198 338 1235 De
359 1198 401 1235 illis
425 1198 517 1235 diſputat
538 1198 642 1235 egregiè,
671 1198 800 1235 ſubtiliter,
829 1198 908 1235 validèe.

112 1233 185 1272 Illam,
207 1233 247 1272 niſi
258 1233 299 1272 tibi
321 1233 430 1272 moleſtum
463 1233 500 1272 eſt,
518 1233 628 1272 adducam
657 1233 730 1272 meeum
759 1233 902 1272 identidem.

442 1272 446 1302 T
478 1272 582 1302 HEEM.

151 1303 224 1345 Veniat
247 1303 335 1345 ſæpiùs,
365 1303 449 1345 veniat:
476 1303 533 1345 illam
564 1303 602 1345 cum
633 1303 698 1345 fratre
740 1303 778 1345 meo
816 1303 904 1345 militari

107 1341 218 1382 homine,
245 1341 279 1382 ſed
294 1341 379 1382 arguto
402 1341 417 1382 &
436 1341 574 1382 Philoſopho
601 1341 747 1382 diſputantem
774 1341 854 1382 audire
873 1341 904 1382 ju-

107 1381 172 1418 verit.

423 1415 590 1450 TEOB.

138 1442 181 1494 Non
211 1442 237 1494 eſt
254 1442 284 1494 illa
310 1442 397 1494 quidem
427 1442 526 1494 foytunæ
561 1442 690 1494 muneribus
707 1442 833 1494 admodum
867 1442 897 1494 in-

99 1484 191 1527 ſtructa,
222 1484 256 1527 ſed
275 1484 359 1527 naturæ
390 1484 467 1527 Deique
493 1484 551 1527 donis
574 1484 646 1527 ornata
677 1484 754 1527 præter
784 1484 834 1527 mod
842 1484 895 1527 um.

978 1715 978 1740 i
