1000 1743
345 44 689 95 LIPERI
133 61 190 92 2
401 95 636 134 THEO.
137 139 991 181 Poteris & mihi quotannis nummos attribuere ſexcen-
130 177 992 217 tos, quos non ideo peto, quòd ſim pecuniæ appetens.
128 214 992 255 Nam, quæ Dei gratia eſt, divitias, commoda, honores
74 249 991 297 ncgligo, nihili facio, reſpuo: ſolas doctrinæ cœleſtis
126 288 518 323 opes amo, expeto, ambio.
451 325 608 353 THEM.
164 360 392 396 Credo equidem.
436 398 624 434 THEOB.
127 427 989 480 Quod ſi nummos aliquot à te mihi patiar attribui, non
55 470 962 515 in meos accipiam uſus; ſed ad emendos libellos piè ſcrip-
123 507 584 549 tos, quos in pias tradam manus.
449 551 601 580 TREM.
138 579 279 624 Laudo.
432 617 657 655 THEO3.
155 652 983 688 O mi Themiſte, quàm vileſcit hodie eœleſtis doctrina?
119 690 986 728 quàm paucos ejus ciptores invenias! deliberatum mihi
117 725 987 765 eſt à profanis hominibus recedere longiùs, ad te propiùs
117 759 986 804 accedere. Illic habitare in viciniâ. Indè ventitare ad te
80 798 938 836 ſæpiùs, & tecum arcana de veritatis amore colloquia mis-
114 835 919 875 cere. Nam mihi ad veritatis myſteria videris peridoncus.
411 872 589 904 THE.
148 906 917 945 Non ita me ſubtilioris ejusmodi doctrinæ capacem ar-
113 946 209 987 bitror.
421 981 632 1019 TIEOB.
148 1012 980 1055 Qui candidus eſt ac ſimplex, veritatis capax eſt, aut
109 1053 981 1091 feri poteſt... Eſt, mihi fratris filia nobilis adoleſcentula,
107 1088 985 1129 utroque parente orbata, meam in tutelam tradita, quam
107 1125 981 1166 ego cœleſti noſtrâ doctrinâ inſtitui à teneris. Illa omnium
105 1162 909 1201 quæ hodie à Theologis tractantur, controverſiarum ap-
105 1198 911 1235 primè ſciens. De illis diſputat egregiè, ſubtiliter, validè.
103 1233 910 1272 Illam, niſi tibi moleſtum eſt, adducam mecum identidem.
415 1272 585 1302 TEEM.
137 1303 977 1345 Veniat ſæpiùs, veniat: illam cum fratre meo militari
100 1341 907 1382 homine, ſed arguto & Philoſopho diſputantem audire ju-
97 1381 228 1418 verit.
406 1415 618 1450 THEOB.
98 1442 904 1494 Non eſt illa quidem fortunæ muneribus admodum in-
89 1484 903 1527 ftructa, ſed naturæ Deique donis ornata præter modum,
897 1684 998 1719 e
23 1697 104 1737 t
855 1715 997 1740 i
