1000 1743
401 78 688 105 LBERI

140 84 179 125 238

472 123 593 155 PHIL.

174 158 202 206 Sin
234 158 306 206 minus
322 158 498 206 attribuendum
534 158 626 206 ſingulis
654 158 714 206 quod
742 158 766 206 ad
790 158 930 206 ſingulorum

137 201 301 237 voluntatem,
327 201 347 237 &
367 201 421 237 vires
441 201 461 237 ſit
481 201 681 237 accommodatum
721 201 797 237 magis.

468 239 606 264 THEM.

183 273 247 312 Quid?
279 273 367 312 violatis
386 273 442 312 etiam
470 273 554 312 naturæ
574 273 657 312 ſtatutis
677 273 697 312 &
713 273 825 312 legibus?

471 312 590 337 PHIL.

182 343 226 383 Quæ
248 343 262 383 tu
295 343 343 383 mihi
365 343 449 383 naturæ
467 343 544 383 ſtatuta
566 343 749 383 commemoras?
782 343 800 383 de
822 343 866 383 vitæ
885 343 932 383 con-

139 382 223 422 ditione
245 382 319 422 natura
344 382 461 422 conſtituit
483 382 553 422 nihil;
582 382 615 422 ſed
645 382 699 422 alios
721 382 743 422 ad
765 382 802 422 alia
839 382 930 422 vivendi

156 418 215 460 enera
237 418 347 460 inſtituit,
376 418 413 460 non
442 418 464 460 ex
482 418 526 460 ipſo
548 418 655 460 naſcendi
677 418 761 460 gradu,
786 418 823 460 ſed
845 418 867 460 ex
885 418 929 460 nas-

139 457 229 483 centium
259 457 349 483 indole.

471 490 475 519 T
507 490 550 519 HE
578 490 610 519 M.

170 527 210 570 Non
243 527 320 570 ſtatuit
342 527 419 570 natura
449 527 467 570 ut
489 527 504 570 in
537 527 650 570 ampliore
676 527 760 570 familiâ
782 527 826 570 natu
867 527 929 570 maxi-

141 564 178 598 mus
198 564 261 598 foro,
288 564 344 598 alter
361 564 414 598 aris,
441 564 520 598 tertius
540 564 610 598 caſtris
627 564 780 598 admoveatur

473 604 517 640 PH
545 604 545 640 I
581 604 593 640 L.

173 625 199 675 Eſt
217 625 257 675 hoc
279 625 367 675 quidem
393 625 404 675 in
444 625 496 675 more
521 625 639 675 poſitum:
672 625 705 675 ſed
734 625 807 675 neque
837 625 928 675 natura,

129 674 202 718 neque
221 674 310 718 ratione
333 674 478 718 conſtitutum
505 674 562 718 illud
582 674 616 718 eſt.
654 674 700 718 Imò
723 674 773 718 ſæpè
792 674 926 718 adverſatur

128 712 222 747 natura;
250 712 303 747 ſæpè
324 712 380 747 ratio
397 712 527 747 repugnat.

465 750 544 776 THE
571 750 601 776 M.

163 783 244 821 Superi
288 783 368 821 qualem
398 783 533 821 ſapientiam
584 783 639 821 bene
661 783 716 821 eertè
742 783 819 821 caviſti
848 783 925 821 modò,

126 819 150 856 ne
173 819 216 856 quis
236 819 343 856 præcepta
366 819 482 856 inaudiret
505 819 552 856 tua:
582 819 625 856 nam
652 819 668 856 te
692 819 702 856 ſi
735 819 858 856 magiſtrum
884 819 921 856 au-

131 855 186 897 diant
208 855 314 897 parentes
336 855 366 897 vel
384 855 461 897 liberi,
490 855 600 897 quantas,
640 855 692 897 Deus
710 855 769 897 bone
809 855 824 897 in
853 855 923 897 quâli-

128 892 163 935 bet
182 892 285 935 familiâ,
316 892 331 935 &
351 892 366 935 in
393 892 435 935 totâ
454 892 584 935 Republicâ
604 892 711 935 exeitares
730 892 868 935 tragœdiasl

465 931 587 957 PHIIL.

157 961 238 1000 Neque
259 961 325 1000 ludos
346 961 434 1000 darem,
451 961 535 1000 frater,
553 961 626 1000 neque
640 961 766 1000 tragœdius
784 961 920 1000 excitarem:

121 999 157 1038 aut
176 999 223 1038 illas
252 999 315 1038 darem
344 999 479 1038 tragœdias,
508 999 519 1038 in
549 999 633 1038 qnibus
651 999 702 1038 ſuam
732 999 827 1038 quisque
845 999 918 1038 perſo-

123 1037 165 1073 nam
193 1037 312 1073 ſuſtineret
336 1037 375 1073 cum
399 1037 479 1073 laude,
511 1037 553 1073 quia
577 1037 699 1073 ſuſciperet
727 1037 748 1073 ex
776 1037 828 1073 certâ
849 1037 916 1073 ratio-

122 1072 155 1110 ne.
181 1072 225 1110 Non
251 1072 302 1110 illos
327 1072 412 1110 darem,
441 1072 478 1110 qui
500 1072 576 1110 dantur
595 1072 675 1110 hodie,
705 1072 785 1110 ludos,
811 1072 847 1110 ubi
869 1072 913 1110 quia

125 1109 142 1150 de
174 1109 240 1150 more,
272 1109 314 1150 quia
338 1109 436 1150 temerè,
464 1109 506 1150 quia
538 1109 580 1150 ſine
604 1109 699 1150 conſilio
720 1109 793 1150 partes
821 1109 916 1150 quisque

121 1145 217 1190 ſortitur
236 1145 294 1190 ſuas,
321 1145 374 1190 ſæpè
386 1145 524 1190 familiarum
558 1145 635 1190 decus,
662 1145 784 1190 religionis
807 1145 919 1190 dignitas.

120 1183 194 1217 patriæ
216 1183 271 1217 ſalus
289 1183 413 1217 illuditur.

456 1220 593 1247 TEM.

162 1253 228 1291 Frater
250 1253 352 1291 optime,
381 1253 433 1291 quid
451 1253 546 1291 ſentias,
568 1253 645 1291 apertè
670 1253 754 1291 dixiſti,
784 1253 875 1291 nonne?

457 1293 581 1318 PHIL.

152 1326 182 1368 Sie
208 1326 242 1368 eſt.

483 1364 529 1390 HE
556 1364 590 1390 M.

160 1387 186 1434 Vis
206 1387 225 1434 &
248 1387 297 1434 ego,
328 1387 385 1434 quod
405 1387 489 1434 ſentio,
512 1387 535 1434 id
550 1387 627 1434 apertè
646 1387 741 1434 loquar?

444 1436 567 1462 PHI.

152 1469 231 1496 Placet.

836 1710 854 1734 eac

190 1711 232 1735 X

942 1718 978 1740 i
