1000 1743
421 59 595 91 LIBE
644 59 704 91 RI

157 55 193 91 242

481 108 643 138 THEOB.

190 141 240 193 Hæe
267 141 340 193 omnia
367 141 455 193 optimo
482 141 524 193 viro
547 141 650 193 fortunet
681 141 734 193 Deus
761 141 861 193 optimus
895 141 949 193 quid

157 177 179 234 eſt
197 177 289 234 autem,
318 177 377 234 quod
402 177 461 234 nune
479 177 592 234 præcipuè
625 177 750 234 Themiſtus
768 177 881 234 pecuniam
907 177 947 234 ſibi

152 215 283 272 præſentem
313 215 378 272 velit?
405 215 482 272 Neque
505 215 577 272 enim,
608 215 700 272 opinor,
727 215 738 272 in
773 215 803 272 ære
819 215 895 272 alieno
914 215 945 272 eſt.

471 257 629 287 DIAPH.

187 286 230 338 Imò
256 286 321 338 habet
352 286 428 338 multos
451 286 463 338 in
501 286 532 338 ære
559 286 601 338 ſuo.
647 286 685 338 Sed
719 286 868 338 magiſtratum
899 286 945 338 ſilio

149 326 193 381 natu
234 326 307 381 majori
325 326 402 381 parare
424 326 515 381 cogitat.
544 326 573 381 Ad
588 326 625 381 hoe
643 326 738 381 pecuniâ
760 326 771 381 in
804 326 873 381 varios
895 326 943 381 uſus

148 359 269 400 numeratâ
295 359 317 400 eſt
343 359 408 400 opus.

464 403 630 431 TIHEOB.

188 431 236 482 Filio
268 431 416 482 magiſtratum
448 431 496 482 dare
516 431 612 482 cogitat,
640 431 692 482 hene
712 431 748 482 ille
768 431 880 482 quidem.

464 477 623 505 DIAPIH.

186 506 248 551 Filius
274 506 366 551 militiam
405 506 470 551 malit,
501 506 531 551 ſed
554 506 627 551 renuit
654 506 727 551 pater.

507 550 641 583 EOB.

186 580 310 638 Prudenter
338 580 466 638 Themiſtus.
494 580 578 638 Militia
598 580 686 638 nimios
706 580 810 638 ſumptus
822 580 938 638 habet..·

139 616 248 662 Nemone
274 616 310 662 eſt,
340 616 372 662 qui
391 616 486 662 Antinoi
500 616 635 662 affinitatem
661 616 763 662 ambiat.

457 660 625 688 DIAPH.

179 691 291 742 Ambiunt
323 691 379 742 multi
403 691 506 742 quidem;
538 691 554 742 &
574 691 698 742 juvenem,
729 691 793 742 gratiâ
813 691 889 742 nixum
917 691 933 742 &

141 727 233 783 opibus,
260 727 298 783 ſibi
314 727 402 783 affinem
432 727 547 783 expetunt.
578 727 616 783 Sed
635 727 692 783 nihil
711 727 792 783 ſtatuet
807 727 876 783 herus
891 727 929 783 niſi

143 761 163 806 de
187 761 223 806 tuo
254 761 266 806 &
294 761 393 806 Philoclis
417 761 521 806 conſilio.

452 804 614 833 THEOB.

170 832 270 877 Multum
301 832 349 877 ergo
381 832 449 877 eredit
480 832 588 877 Philoeli?

451 876 613 905 DIAPH.

180 908 260 959 Cæteris
283 908 295 959 in
329 908 394 959 rebus
417 908 456 959 non
490 908 525 959 ita.
570 908 613 959 Hac
636 908 678 959 unâ
701 908 716 959 in
747 908 766 959 re
789 908 926 959 plurimum.

134 944 200 994 Ratio
219 944 230 994 in
257 944 364 994 promptu
395 944 437 994 eſt;
471 944 571 994 cœlibem
609 944 666 994 vitam
705 944 773 994 dueit;
816 944 926 994 Philocles

133 981 217 1037 liberos
236 981 274 1037 non
301 981 382 1037 habet;
412 981 470 1037 dives
493 981 531 1037 eſt;
558 981 662 1037 Antinoo
681 981 754 1037 poteſt
781 981 796 1037 de
819 981 853 1037 ſuo
873 981 926 1037 face-

134 1015 151 1057 re
172 1015 234 1057 benè.
263 1015 387 1057 Intelligis?

455 1058 617 1088 THEOB.

165 1089 347 1145 Intelligo....
381 1089 407 1145 Eſt
433 1089 481 1145 mihi
498 1089 576 1145 fratris
593 1089 679 1145 filin...
710 1089 766 1145 Illam
796 1089 869 1145 vidiſti
887 1089 921 1145 ali-

127 1126 237 1159 quando?

447 1166 607 1195 DIAPH.

169 1197 211 1251 Vidi
227 1197 292 1251 ſæpè,
322 1197 380 1251 nune
399 1197 410 1251 in
449 1197 548 1251 macello,
575 1197 636 1251 nune
652 1197 667 1251 in
698 1197 759 1251 foro,
790 1197 828 1251 cum
858 1197 916 1251 obſo-

125 1232 151 1273 nii
173 1232 261 1273 aliquid
287 1232 316 1273 vel
345 1232 407 1273 oleris
429 1232 525 1273 emeret.

437 1275 559 1311 TIEO
589 1275 604 1311 B.

162 1305 238 1360 Paueas
258 1305 314 1360 adeo
334 1305 402 1360 habet
437 1305 473 1360 ætas
497 1305 565 1360 noſtra
589 1305 724 1360 hujusmodi
752 1305 844 1360 puellas.
896 1305 912 1360 Et

120 1338 254 1393 fortunatus
274 1338 293 1393 ſit
327 1338 450 1393 Themiſtus
473 1338 526 1393 illam
549 1338 561 1393 ſi
588 1338 679 1393 quando
702 1338 714 1393 in
748 1338 852 1393 familiam
886 1338 913 1393 co-

119 1377 199 1413 optârit
221 1377 294 1413 ſuam.

440 1417 600 1446 DIAPH.

155 1447 186 1504 Illa
213 1447 266 1504 certè
286 1447 324 1504 rem
354 1447 484 1504 familiarem
515 1447 569 1504 hero
588 1447 660 1504 perire
683 1447 718 1504 non
752 1447 810 1504 ſinat.
852 1447 902 1504 Nam

123 1483 169 1538 mihi
197 1483 232 1538 viſa
260 1483 281 1538 eſt
302 1483 312 1538 in
344 1483 438 1538 emendo
463 1483 540 1538 ſagax,
567 1483 578 1538 in
613 1483 683 1538 dando
704 1483 777 1538 tenax.
819 1483 858 1538 Sed
882 1483 907 1538 fa-

124 1520 190 1554 mulos
209 1520 245 1554 alit
282 1520 417 1554 Themiſtus,
447 1520 483 1554 non
516 1520 623 1554 famulas.

972 1698 972 1741 ũ

15 1696 99 1740 -

211 1708 254 1734 mit⸗
