1000 1743
363 59 710 91 LIBERI
152 55 204 91 2
462 108 650 138 THEOB.
184 141 991 193 Hæc omnia optimo viro fortunet Deus optimus! quid
148 177 991 234 eſt autem, quod nunc præcipuè Themiſtus pecuniam ſibi
146 215 991 272 præſentem velit? Neque enim, opinor, in ære alieno eſt.
461 257 637 287 DIAPH.
181 286 991 338 Imò habet multos in ære ſuo. Sed magiſtratum flio
144 326 991 381 natu majori parare cogitat. Ad hoc pecunià in varios uſus
143 359 412 400 numeratâ eſt opus.
449 403 637 431 THEOP.
177 431 924 482 Filio magiſtratum dare cogitat, bene ille quidem.
455 477 630 505 DIAPH.
103 506 732 551 Filius militiam malit, ſed renuit pater.
459 550 648 583 THEOB.
175 580 988 638 Prudenter Themiſtus. Militia nimios ſumptus habet...
137 616 772 662 Nemone eſt, qui Antinoi affinitatem ambiat.
448 660 630 688 DIAPH.
172 691 988 742 Ambiunt multi quidem; & juvenem, gratiâ nixum &
135 727 987 783 opibus, ſibi affinem expetunt. Sed nihil ſtatuet herus niſi
96 761 527 806 de tuo & Philoclis conſilio.
434 804 623 833 THEOB.
151 832 595 877 Multum ergo credit Philocli?
441 876 620 905 DIAPH.
166 908 984 959 Cæteris in rebus non ita. Hac unâ in re plurimum.
128 944 985 994 Ratio in promptu eſt; cœlibem vitam ducit; Philocles
126 981 983 1037 liberos non habet; dives eſt; Antinoo poteſt de ſuo face-
126 1015 394 1057 re benè. Intelligis?
436 1058 623 1088 THEOB.
156 1089 984 1145 Intelligo.... Eſt mibi fratris filia... Illam vidiſti ali-
122 1126 245 1159 quando?
437 1166 615 1195 DIAPH.
155 1197 984 1251 Vidi ſæpè, nunc in macello, nunc in foro, cum obſo-
120 1232 529 1273 nii aliquid vel oleris emeret.
423 1275 630 1311 THEOP.
151 1305 983 1360 Paucas adeo habet ætas noſtra hujusmodi puellas. Et
114 1338 981 1393 fortunatus ſit Themiſtus illam ſi quando in familiam co-
114 1377 303 1413 optârit ſuam.
429 1417 603 1446 DIAPH.
149 1447 982 1504 Illa certè rem familiarem hero perire non ſinat. Nam
112 1483 977 1538 mihi viſa eſt in emendo ſagax. in dando tenax. Sed fa-
97 1520 627 1554 mulos alit Themiſtus, non famulas.
1 1696 112 1740 t-
107 1708 263 1734 att
