1000 1743
409 54 521 97 LIIB
579 54 579 97 E
637 54 696 97 RI

184 52 184 93 6

470 106 588 135 TIEO
620 106 636 135 B.

179 125 301 181 Naſcimur
324 125 416 181 omnes,
446 125 561 181 quotquot
584 125 721 181 vivimus..

458 180 633 222 ANTIN.

186 211 211 260 Sie
235 211 270 260 eſt.

463 253 631 284 THEOB.

182 286 274 334 Reſpiee
302 286 334 334 me.
366 286 474 334 Antinous
498 286 586 334 ſuperbè
606 286 702 334 reſpicit.
730 286 750 334 ac
786 286 858 334 deinde
882 286 942 334 aver-

142 322 162 351 :it
185 322 268 351 oculos.

177 366 299 411 Naſcimur
322 366 403 411 omnes
422 366 441 411 eo
471 366 567 411 genere,
597 366 678 411 gradu,
704 366 754 411 loco
777 366 796 411 &
819 366 937 411 tempore,

144 401 205 451 quod
224 401 243 451 ex
270 401 362 451 deſinito
385 401 500 451 probandi
519 401 642 451 homines,
673 401 699 451 vel
719 401 864 451 reprobandi
891 401 937 451 con-

140 438 186 475 ſilio
212 438 327 475 conſtituit
358 438 412 475 Deus
431 438 515 475 juſtus.

177 482 275 532 Adverte
300 482 404 532 mentem.
453 482 544 532 utinous
565 482 582 532 ex
600 482 649 532 perd
666 482 823 532 tabacotbecam
851 482 935 532 educit,

138 520 192 558 quam
220 520 397 558 contemplatur.

171 555 229 605 Illud
252 555 324 605 itaque
347 555 470 605 diligenter
493 555 569 605 caveto
592 555 672 605 ne..
699 555 733 605 non
760 555 875 605 attendis,
909 555 932 605 di-

137 593 188 641 lecte
210 593 295 641 ſili..
320 593 342 641 ne
368 593 566 641 quemadmodum
588 593 621 641 ille
639 593 734 641 fratrum
760 593 811 641 alter
837 593 885 641 odio
899 593 936 641 ha-

134 633 195 681 bitus
214 633 248 681 eſt.
279 633 393 681 Auſculta,
420 633 562 681 precor...
604 633 707 681 Antinous
737 633 799 681 oſfert
833 633 932 681 TDeobulo

138 670 248 715 tabacum:
292 670 405 715 Theoulus
427 670 519 715 reſpuit.

174 717 203 759 Ne
221 717 419 759 quemadmodum
445 717 482 759 ille
507 717 599 759 fratrum
625 717 801 759 primogenitus
834 717 925 759 debitum

138 751 172 795 ſibi
191 751 345 795 prineipatuim
375 751 494 795 vendidit:
521 751 544 795 ſic
567 751 578 795 tu
605 751 682 795 primo
701 751 751 795 loeo
778 751 843 795 natus
870 751 931 795 magi-

137 788 221 836 ſtratum
256 788 294 836 tibi
315 788 410 836 oblatum
438 788 553 836 repudies.
581 788 671 836 Intuere
699 788 752 836 ne..
769 788 790 836 ·
842 788 930 836 utinous

137 823 195 866 ſngit
215 823 228 866 ſe
248 823 381 866 ſternutare.
418 823 489 866 Iuſſit,
518 823 618 866 excreat.

167 866 209 910 Non
240 866 251 910 is
274 866 301 910 es,
332 866 408 910 credo,
439 866 496 910 quem
530 866 580 910 vana
607 866 687 910 religio
710 866 801 910 terreat.
847 866 927 910 Inſunt

132 906 220 947 quidem
240 906 312 947 aliqua
340 906 427 947 gerendi
459 906 595 947 magiſtrats
619 906 730 947 perieula.
758 906 798 947 Sed
818 906 874 947 quos
894 906 926 947 pe-

130 943 203 984 riculis
226 943 326 984 eximere
356 943 398 984 vult
429 943 494 984 Deus,
521 943 559 984 hos
586 943 674 984 invicto
701 943 716 984 &
743 943 926 984 inexpugnabili

135 980 197 1020 vallat
216 980 334 1020 præſidio;
361 980 415 1020 ſtant
434 980 464 1020 illi
491 980 568 1020 mediis
583 980 598 1020 in
625 980 736 1020 ſluctibus
763 980 820 1020 tuti,
855 980 927 1020 mediis

126 1013 138 1060 in
170 1013 262 1060 ignibus
282 1013 350 1060 illæſi.
378 1013 434 1060 Illud
454 1013 558 1060 itaque..
618 1013 718 1060 dutinous
738 1013 858 1060 oſciiatur,
878 1013 926 1060 pon-

131 1052 253 1092 dicultur.

159 1084 205 1142 Non
226 1084 300 1142 audis,
329 1084 367 1142 ſlli.
396 1084 541 1142 Itaque...
570 1084 682 1142 Antinous
703 1084 803 1142 ribialia,
832 1084 915 1142 veſtem,

122 1132 153 1174 aut
171 1132 248 1174 pileum
272 1132 391 1174 couplt.

161 1173 226 1218 Aliud
245 1173 299 1218 agis.
318 1173 337 1218 .
379 1173 418 1218 Quo
441 1173 487 1218 eirea
510 1173 594 1218 illud..
647 1173 759 1218 Antinous
785 1173 858 1218 manum
889 1173 923 1218 mo-

140 1211 152 1248 et
171 1211 181 1248 in
206 1211 307 1248 numrerui
380 1211 412 1248 uſ
441 1211 526 1248 cantilen
589 1211 694 1248 nudiret.

161 1255 260 1285 Sileo.
284 1255 284 1285 ·
304 1255 367 1285 ſileo.

433 1294 603 1332 ANTIN.

169 1325 216 1366 Quid
238 1325 315 1366 hæres?
345 1325 414 1366 perge
426 1325 426 1366 ·

441 1367 610 1398 THEOB.

157 1399 190 1432 Por
212 1399 227 1432 te
245 1399 286 1432 non
311 1399 377 1432 lieet.

426 1439 602 1466 ANTI.

148 1472 192 1506 Non
225 1472 374 1506 contradio..

11 1696 27 1741 l
