1000 1743
607 55 607 70 r

321 57 325 83 C
379 57 383 83 O

825 62 863 88 247

387 107 555 135 THEOB.

97 142 185 181 Sentio;
211 142 310 181 animum
339 142 398 181 tuum
424 142 508 181 premit
534 142 636 181 pondere
658 142 695 181 ſuo
717 142 735 181 &
750 142 864 181 opprimit

56 179 121 225 prava
148 179 263 225 eupiditas.
290 179 313 225 Ah
370 179 424 225 miſer
443 179 593 225 adoleſcens,
616 179 673 225 quàm
704 179 750 225 male
777 179 861 225 metuo,

57 217 82 254 ne
101 217 236 254 tremendo,
262 217 295 254 ſed
313 217 368 254 juſto
394 217 427 254 Dei
445 217 536 254 judicio
562 217 595 254 cor
621 217 679 254 tuum
708 217 859 254 obduruerit:

63 253 79 299 &
99 253 159 299 velut
175 253 223 299 ager
243 253 318 299 aridus
334 253 398 299 nullo
414 253 450 299 jam
478 253 558 299 eœleſti
578 253 621 299 rore
637 253 757 299 irrigetur.
777 253 805 299 Sic
825 253 853 299 eſt.

302 292 475 328 ANTIN.
509 292 616 328 ſurgens.

96 327 158 365 Nihil
177 327 261 365 hales,
291 327 349 365 quod
372 327 425 365 dicas
444 327 570 365 præterea?

379 366 499 395 THEO
527 366 547 395 B.

95 400 169 440 Nihil:
198 400 268 440 neque
293 400 341 440 verò
366 400 487 440 canendum
516 400 582 440 ſurdo
604 400 645 440 eſt.

125 437 244 474 ANTIN.
274 437 309 474 eum
336 437 362 474 fict
401 437 527 474 revereniid
546 437 649 474 irriſoriè
668 437 783 474 ſalutans.

99 477 151 504 Bene
173 477 232 504 vale.

367 511 533 540 THEOB.

105 546 166 586 Vale,
197 546 304 586 Antinoe.
338 546 376 586 Ego
395 546 410 586 te
430 546 536 586 tuamque
555 546 636 586 ſortem
659 546 765 586 laerymis
781 546 853 586 proſe-

59 581 119 626 quar.
157 581 192 626 Cùm
216 581 325 626 Antinous
339 581 402 626 exiit,
423 581 545 626 iracundiæ
569 581 681 626 Theobulus
698 581 712 626 ſe
730 581 852 626 permittit.

96 621 117 660 At
149 621 184 660 non
226 621 320 660 impune
351 621 540 660 udoleſcentulus
571 621 686 660 hominem
728 621 850 660 ſpreverit,

59 654 118 696 quem
151 654 187 696 viri
202 654 220 696 &
246 654 345 696 matronæ
367 654 455 696 nobiles
477 654 609 696 reverenter
627 654 737 696 audiunt.
770 654 847 696 Faciam

60 694 236 738 intelligat·..
258 694 293 738 ſed
312 694 358 738 eeee
377 694 453 738 prodit
480 694 629 738 Agathocles.

440 747 468 765 4
632 747 632 765 A
725 747 725 765 4
755 747 755 765 X
785 747 787 765 X
818 747 818 765 X

75 756 420 795 XXXXXX
522 756 522 795 X
615 756 615 795 R
708 756 832 795 XX

214 793 295 830 SC
359 793 365 830 E
418 793 721 830 NAVIII.

79 838 433 894 TIEOBULUS,
470 838 647 894 AGATH
731 838 731 894 C
768 838 857 894 LES.

224 892 329 930 HEOB.
360 892 399 930 miti
416 892 437 930 ac
461 892 538 930 mellitd
563 892 605 930 voce
626 892 724 930 loquens.

20 927 144 973 lET
172 927 208 973 tibi
240 927 292 973 Deus
319 927 419 973 optimus
447 927 523 973 pectus
547 927 646 973 cereum,
674 927 702 973 ſili
730 927 766 973 mi;
794 927 814 973 &
826 927 850 973 ad

142 965 230 1007 irtutem
256 965 314 1007 ſlecti
337 965 405 1007 facile.
466 965 524 1007 Juhet
543 965 612 1007 ſedere
635 965 791 1007 Agatloclem,
822 965 852 1007 qui

71 1009 152 1050 miodeſtè
174 1009 229 1050 verba
254 1009 339 1050 excipit.
368 1009 408 1050 Ah.
438 1009 507 1050 neſcis
526 1009 559 1050 heu
606 1009 687 1050 neſcis,
720 1009 797 1050 quania
815 1009 855 1050 nos

65 1044 99 1086 qui
122 1044 187 1086 undis
206 1044 313 1086 civilibus
328 1044 508 1086 immergimur,
535 1044 680 1086 cireumſtent
699 1044 803 1086 undique
822 1044 852 1086 pe-

65 1080 139 1123 ricula.
175 1080 223 1123 Viam
256 1080 365 1123 calcamus
384 1080 501 1123 aſperam:
526 1080 588 1123 facile
610 1080 632 1123 eſt
654 1080 786 1123 offendere;
830 1080 852 1123 la-

68 1116 114 1158 ciem
137 1116 263 1158 inſiſtimus
282 1116 409 1158 lubricam;
439 1116 527 1158 diſicile
554 1116 577 1158 eſt
607 1116 737 1158 conſiſtere;
776 1116 856 1158 medios

66 1153 99 1198 per
124 1153 190 1198 ignes
212 1153 363 1198 incedimus,
388 1153 454 1198 rarum
491 1153 513 1198 eſt
539 1153 575 1198 non
608 1153 693 1198 ardere.
733 1153 737 1198 A
762 1153 854 1198 profanâ

66 1190 142 1229 itaque
161 1190 223 1229 turbâ
246 1190 407 1229 refugiendum
437 1190 472 1229 eſt,
502 1190 652 1229 Agathocles,
679 1190 702 1229 ad
721 1190 775 1229 aram
809 1190 855 1229 con-

66 1224 215 1271 fugiendum.
241 1224 326 1271 Nonne
345 1224 425 1271 ſponte
444 1224 475 1271 ſuâ
494 1224 547 1271 illuc
570 1224 662 1271 animus
677 1224 773 1271 inelinat
788 1224 853 1271 tuus:

374 1263 552 1292 AGATH.

105 1295 127 1334 Ab
149 1295 190 1334 aris
208 1295 245 1334 non
274 1295 398 1334 abhorreo.
435 1295 464 1334 Ad
486 1295 534 1334 aras
556 1295 567 1334 in
600 1295 709 1334 perieulis
731 1295 856 1334 eonfugio:

72 1324 101 1379 ſed
118 1324 164 1379 aris
189 1324 284 1379 obligari
314 1324 393 1379 metuo.
443 1324 509 1379 Terret
542 1324 580 1379 me,
609 1324 651 1379 quæ
676 1324 796 1379 neceſſaria
825 1324 859 1379 oſt,

70 1370 116 1413 quæ
139 1370 235 1413 diſficilis
258 1370 285 1413 eſt
304 1370 350 1413 vitæ
377 1370 510 1413 morumque
530 1370 652 1413 ſanctitas.

388 1408 550 1439 TEOB.

116 1439 226 1477 Timorem
255 1439 325 1477 pone,
354 1439 501 1477 Agathoeles.
537 1439 636 1477 Optimos
647 1439 743 1477 habebis
765 1439 809 1477 vitæ
831 1439 863 1477 ma-

78 1476 162 1531 giſtros.
194 1476 234 1531 Ego
254 1476 270 1531 te
294 1476 322 1531 vel
346 1476 438 1531 erudiam
462 1476 522 1531 ipſe,
554 1476 582 1531 vel
602 1476 750 1531 erudiendum
778 1476 858 1531 tradam

630 1514 637 1540 O
663 1514 670 1540 a4

956 1698 956 1719 r

942 1718 952 1740 it
