1000 1743
404 62 694 92 IIBERI

155 66 193 95 248

150 111 259 163 prudentl
283 111 343 163 viro,
384 111 419 163 qui
447 111 496 163 tuos
524 111 608 163 vultus,
639 111 688 163 tuos
713 111 842 163 ſermones,
880 111 947 163 mores

150 151 213 195 tuos,
237 151 255 195 te
276 151 342 195 totum
374 151 472 195 denique
489 151 514 195 ad
535 151 636 195 pietatem
664 151 734 195 fingat

446 191 624 218 AGATH.

185 219 229 263 Non
258 219 298 263 ſum
324 219 349 263 ad
368 219 503 263 fingendum
532 219 609 263 natus.

470 261 632 298 THEOB.

182 294 243 341 Malè
266 294 438 341 interpretaris:
469 294 507 341 non
534 294 618 341 finges,
645 294 675 341 ſed
694 294 798 341 fingèris.
824 294 855 341 Sic
874 294 943 341 erudi-

148 332 181 382 tus
203 332 343 382 eruditorum
368 332 533 382 frequentabis
577 332 632 382 œtus;
669 332 749 382 erudita
778 332 793 382 &
815 332 844 382 pia
885 332 940 382 modò

148 368 190 420 eum
218 368 284 420 viris,
323 368 379 420 modò
403 368 442 420 cum
473 368 589 420 nobilibus
617 368 722 420 matronis
739 368 792 420 ſeres
816 368 942 420 colloquia,

143 406 213 457 atque
237 406 262 457 ita
286 406 363 457 bonam
387 406 485 457 famam,
520 406 614 457 magnum
642 406 719 457 nomen
747 406 810 457 hrevi
834 406 939 457 colliges.

457 446 464 474 A
506 446 579 474 GAT
606 446 631 474 H.

184 470 215 524 Iſta
242 470 330 524 pietatis
357 470 387 524 vel
410 470 548 524 eruditionis
575 470 697 524 oſtentatio
720 470 758 524 non
789 470 873 524 placet.
923 470 942 524 Et

153 513 237 565 malim,
267 513 274 565 ſi
311 513 399 565 mentem
432 513 534 565 injiceret
571 513 641 565 Deus,
677 513 736 565 malim
765 513 806 565 loca
839 513 941 565 habitare

143 549 202 587 ſola,
235 549 250 587 &
268 549 356 587 fancta,
381 549 487 587 quàm..

494 591 626 618 HEOB.

180 622 202 672 Ah
235 622 279 672 cave
301 622 341 672 loa
367 622 403 672 ſola
429 622 513 672 eogites
557 622 601 672 cave
626 622 670 672 quis
696 622 750 672 hane
783 622 871 672 mentem
900 622 937 672 ob-

142 659 219 711 1rudat
238 659 289 711 tibi.
322 659 366 711 Non
399 659 417 711 te
443 659 483 711 iſto
508 659 578 711 voluit
611 659 713 711 donatum
746 659 841 711 ingenio
871 659 937 711 Deus,

140 696 161 748 nt
179 696 189 748 in
221 696 297 748 umbrâ
322 696 444 748 deliteſcas.
496 696 517 748 Te
538 696 646 748 homines
667 696 712 748 inte
754 696 831 748 verſari
862 696 932 748 decet,

139 731 188 781 illos
206 731 227 781 ut
244 731 258 781 ab
290 731 363 781 errore
384 731 485 781 revoces.
527 731 541 781 Te
566 731 615 781 opes
636 731 692 781 etiam
719 731 821 781 colligere
842 731 877 781 par
894 731 933 781 eſt,

138 772 159 817 ut
184 772 372 817 propugnatores
404 772 501 817 veritatis
526 772 620 817 foveas,
658 772 784 817 defenadas,
815 772 934 817 protegas.

148 803 156 854 O
179 803 206 854 ſili
259 803 336 854 dilecte
363 803 390 854 fli
455 803 547 854 Veritas,
574 803 643 854 ſancta
673 803 765 854 veritasl
796 803 850 854 flens
884 803 934 854 dico.

142 840 229 887 Sudario
250 840 320 887 oculos
341 840 446 887 eæterget.
495 840 575 887 Voritas
603 840 698 887 oppreſſa
718 840 781 887 jacet.
816 840 876 887 Illius
904 840 932 887 de-

140 875 239 920 fenſores
258 875 327 920 hodie
347 875 377 920 vel
396 875 450 920 nulli
469 875 534 920 ſunt,
565 875 596 920 vel
611 875 699 920 audent
718 875 787 920 nihil,
818 875 822 920 ô
841 875 918 920 pudor

142 914 246 964 Exultant
265 914 346 964 interea
369 914 472 964 capitales
491 914 537 964 ejus
549 914 633 964 hoſtes,
660 914 679 964 &
691 914 852 964 triumphant,
878 914 882 964 ô
901 914 932 964 do-

135 949 204 994 lor..
257 949 330 994 Vocem
357 949 522 994 intereludunt
545 949 644 994 ſuſpiria.
687 949 775 994 Cogita,
802 949 848 994 fili,
874 949 932 994 cogi-

134 989 163 1026 ta,
196 989 240 1026 quæ
258 989 277 1026 te
306 989 387 1026 maneat
409 989 489 1026 gloria,
519 989 530 1026 ſi
555 989 566 1026 tu
595 989 621 1026 ad
650 989 771 1026 puſillum,
804 989 837 1026 ſed
863 989 929 1026 ſince-

136 1022 176 1073 rum
208 1022 292 1073 gregem
316 1022 439 1073 aeceſſeris.
471 1022 483 1073 Si
503 1022 515 1073 tu
543 1022 599 1073 illum
631 1022 710 1073 opibus
726 1022 834 1073 auxeris,
866 1022 926 1073 gratiâ

132 1061 279 1102 protexeris,
297 1061 392 1102 ingenio
418 1061 586 1102 direxeris...
623 1061 674 1102 Plura
700 1061 737 1102 non
766 1061 821 1102 dieo.
850 1061 883 1102 Sat
905 1061 927 1102 vi-

138 1093 184 1144 deo,
219 1093 326 1144 vinceris,
357 1093 357 1144 è
380 1093 460 1144 noſtris
480 1093 518 1144 eris
537 1093 675 1144 aliquando.
721 1093 805 1144 Surgit,
836 1093 855 1144 d&
878 1093 928 1144 Aga-

133 1130 218 1183 iloclem
241 1130 390 1183 amplectirur.
436 1130 482 1183 Hoe
516 1130 566 1183 mihi
589 1130 665 1183 ſuadet
688 1130 723 1183 iſta
749 1130 857 1183 indoles,
887 1130 925 1183 hoc

129 1166 228 1211 ſpondet
253 1166 352 1211 veritatis
367 1166 462 1211 auctor,
495 1166 510 1211 &
528 1166 645 1211 protector
675 1166 741 1211 Deus.

437 1208 489 1238 AG
514 1208 615 1238 ATH.

163 1239 243 1292 Neſcio
262 1239 316 1292 quid
335 1239 377 1292 tibi
400 1239 419 1292 de
446 1239 469 1292 me
488 1239 595 1292 ſpondeat
622 1239 683 1292 Deus:
713 1239 748 1292 ſed
767 1239 774 1292 ſi
805 1239 828 1292 me
847 1239 920 1292 amas,

131 1278 157 1328 ora
186 1278 285 1328 patrem,
321 1278 336 1328 &
358 1278 457 1328 obſeera,
486 1278 508 1328 ne
526 1278 559 1328 iſti
596 1278 618 1328 me
643 1278 731 1328 addicat
761 1278 805 1328 vitæ
830 1278 903 1328 generi

129 1312 185 1350 quod
213 1312 265 1350 mens
286 1312 412 1350 horreſcit,
446 1312 460 1350 &
481 1312 617 1350 reformidat
642 1312 747 1350 animus.

441 1348 605 1383 TIEOB.

164 1380 218 1425 Patri
245 1380 456 1425 obtemperandum
483 1380 517 1425 eſt,
544 1380 586 1425 fili.

432 1425 608 1455 AGATH.

157 1456 198 1499 Non
238 1456 362 1499 detrectabo
384 1456 505 1499 imperium
530 1456 611 1499 patris;
640 1456 673 1499 ſed
695 1456 717 1499 ne
735 1456 849 1499 imperet,
874 1456 914 1499 ora-

118 1491 154 1530 bo.
194 1491 206 1530 Tu
234 1491 350 1530 impetra,
378 1491 394 1530 &
422 1491 482 1530 vale.
