1000 1743
131 79 172 113 256

393 73 393 117 L
446 73 571 117 IBE
619 73 628 117 R

435 125 637 163 TEOP.

165 150 215 199 Nam
242 150 276 199 eur
292 150 330 199 ego
353 150 452 199 doleam,
479 150 517 199 cùm
540 150 594 199 nulla
613 150 720 199 ſollicitet
735 150 835 199 animum
862 150 919 199 cura?

435 199 613 229 AGATH.

166 225 189 271 At
212 225 289 271 nonne
308 225 392 271 (quod
407 225 480 271 amieo
499 225 571 271 amicè
594 225 705 271 confeſſus
732 225 766 271 es)
797 225 873 271 nonne
904 225 919 271 de

128 269 285 312 relinquendâ
308 269 373 312 domo
388 269 495 312 paternâ,
529 269 545 312 de
568 269 606 312 vitâ
629 269 705 312 procul
724 269 728 312 à
747 269 866 312 frequenti
885 269 919 312 ho-

136 307 212 345 minum
242 307 359 345 conſortio
377 307 468 345 agendâ
494 307 589 345 cogitas?

426 343 628 373 THEOPH.

174 379 248 421 Cogito
277 379 380 421 maximè.

435 418 486 455 AG
514 418 617 455 ATH.

169 452 210 492 Nee
231 452 248 492 te
269 452 390 492 ſollicitum
414 452 481 492 habet
502 452 535 492 iſta
564 452 685 492 cogitatio?

429 490 641 527 THEOPH.

164 526 206 558 Imò
229 526 260 558 illa
298 526 320 558 me
343 526 423 558 reficit,
454 526 473 558 &
492 526 587 558 reereat.

433 566 557 592 AGAT
587 566 613 592 H.

164 600 270 631 Reereatl

411 636 411 664 T
483 636 615 664 EOFE.

165 662 209 711 Hac
233 662 273 711 ego
289 662 365 711 paſr
405 662 441 711 hae
465 662 577 711 delector:
605 662 661 711 hane
685 662 749 711 amol
777 662 789 711 in
817 662 853 711 hae
881 662 921 711 pla-

131 712 171 748 cidè
189 712 211 748 ac
230 712 325 748 ſuaviter
350 712 500 748 conquieſco.

437 749 617 776 AGATH.

161 773 287 820 Numquid
302 773 371 820 habet
390 773 501 820 ejusmodi
524 773 631 820 cogitatio
654 773 711 820 quod
738 773 822 820 tantum
849 773 918 820 ſuavi-

128 820 175 850 tatis
197 820 273 850 oſferat

421 852 629 882 THEOPH.

164 891 256 925 Neſcio,
283 891 313 925 ſed
340 891 447 925 delectat,
473 891 515 925 hoc
534 891 618 925 ſentio.

430 930 554 956 AGAT
583 930 613 956 H.

170 964 276 1003 Eloquere
295 964 382 1003 tamen.

426 998 634 1028 THEOPH.

172 1036 224 1077 Ouid
252 1036 272 1077 me
300 1036 324 1077 vis
348 1036 436 1077 eloqui?

430 1075 434 1101 A
475 1075 479 1101 G
506 1075 554 1101 AT
586 1075 610 1101 H.

179 1107 238 1149 Quod
255 1107 336 1149 ſentis.

426 1142 634 1173 THEOPH.

166 1157 211 1217 Hoe
232 1157 328 1217 experiri
345 1157 407 1217 lieet,
441 1157 511 1217 verbis
536 1157 616 1217 exequi
636 1157 674 1217 non
699 1157 757 1217 lieet.
795 1157 886 1217 Neque,
911 1157 920 1217 ſi

131 1210 219 1249 dixero,
249 1210 260 1249 tu
289 1210 370 1249 dicenti
388 1210 469 1249 habeas
487 1210 564 1249 fidem.
597 1210 626 1249 Sic
652 1210 703 1249 enim
733 1210 766 1249 eſt.
802 1210 835 1249 Illa
861 1210 916 1249 cogi-

127 1240 180 1290 tatio
201 1240 288 1290 quoties
302 1240 403 1290 animum
435 1240 505 1290 ſubit,
540 1240 571 1290 vix
595 1240 637 1290 ſum
658 1240 721 1290 apud
749 1240 780 1290 me.
826 1240 854 1290 am
885 1240 913 1290 mi-

126 1279 145 1329 hi
167 1279 251 1329 ſolutus
273 1279 379 1329 vineulis,
401 1279 442 1329 jum
464 1279 530 1329 liber,
555 1279 588 1329 jam
625 1279 680 1329 meus
702 1279 753 1329 eſſe,
786 1279 819 1329 jam
852 1279 918 1329 terras

126 1317 244 1363 linquere,
280 1317 306 1363 am
332 1317 346 1363 in
376 1317 449 1363 cœlum
475 1317 519 1363 rapi
544 1317 621 1363 videor
650 1317 705 1363 mihi.
753 1317 823 1363 Eadem
856 1317 918 1363 deſti-

126 1353 178 1398 natæ
207 1353 251 1398 vitæ
269 1353 346 1398 iimago
360 1353 415 1398 ſæpe
437 1353 455 1398 de
477 1353 540 1398 nocte
561 1353 686 1398 ſomnianti
711 1353 821 1398 objicitur.
876 1353 912 1398 Ob-

124 1385 197 1432 jectam
225 1385 306 1432 animo
330 1385 491 1432 contemplor,
526 1385 649 1432 fugientem
687 1385 740 1432 votis
768 1385 782 1432 &
817 1385 915 1432 manibus

126 1422 222 1473 ſequor:
249 1422 337 1473 elapſam
371 1422 452 1473 revoeo
479 1422 632 1473 iuſpiriis...
655 1422 750 1473 ſtupes,
781 1422 861 1473 amice,
900 1422 915 1473 &

134 1461 157 1506 me
184 1461 199 1506 de
219 1461 265 1506 ſanâ
295 1461 364 1506 mente
387 1461 491 1506 deijectum
518 1461 591 1506 putas.
629 1461 679 1506 Quid
694 1461 706 1506 ſi
732 1461 755 1506 me
771 1461 782 1506 in
809 1461 844 1506 illâ
870 1461 916 1506 vitæ

143 1497 179 1544 nag
187 1497 223 1544 ine
242 1497 370 1544 aliquando
392 1497 484 1544 defixum
506 1497 586 1544 altiùs;
615 1497 634 1544 &
652 1497 711 1544 nune
729 1497 854 1544 impotenti
879 1497 916 1544 ela-

871 1531 910 1574 tum

12 1695 100 1741 l

969 1698 969 1740 E
