1000 1743
376 69 450 87 r
373 75 684 102 IR ERI
120 74 172 100 26o
119 119 988 162 credere: credebam tamen, fidemque mihi faciebat ſuſpi-
119 159 256 185 cio vetus.
156 192 987 229 Poſtridie mane, luctu perdita ad me iterum redit. Ah
119 226 987 271 certum eſt, inquit, nullus dubitandi ſupereſt locus. Pue-
117 265 982 302 rum de nocte famulus juſſu obſervavit meo, & viſa retu-
117 301 984 342 lit. Iacuit humi diu ſtratus puer, & ante ſomnum longas
116 338 983 377 ad Deum effudit preces. Dein ſe compoſuit lecto; at inter
115 375 983 419 ſomnia, interque gemitus, ſæpè vox illa excidit: ſequor
115 411 860 447 vocantem, en adſum promptus, en adſum, ſequor.
419 448 580 473 THEM.
158 483 630 514 Manifeſta res, manifeſta ſomnia.
439 521 588 547 DEUT.
148 552 506 584 Manifeſta heu! nimis.
148 592 982 636 Extemplo ſcire volui quæ mali labes foret; quisve invi-
109 630 982 671 deret natum atque animam mihi. Obſervo amicos pueri,
110 666 982 709 & amicorum indolem. Hunc video Agathocli ante alios
110 702 915 738 familiarem tuo; hunc ſæpè adire, ſæpe colloqui ſine ar-
111 739 916 776 bitris; ambos naturâ, moribus, ſtudiis pares. Quid plu-
107 775 981 817 ra? natum vel tuus perdet meum; vel ni cavebis, hic
107 811 375 846 meus perdet tuum.
431 847 590 873 THEM.
106 879 980 922 Hic adverte, quæſo, Deuterophile, quàm leves ſint ut
103 919 979 962 hominum ſpes, ita & metus. Tu ne meus in ſolitudinem
87 956 417 986 abducat tuum, times.
374 993 577 1019 DEUT.
140 1030 314 1056 Timeo ſanè.
430 1054 587 1091 THE2.
135 1101 843 1138 Ego ne tuus meum ab aris abſtrahat, timui modò.
423 1138 572 1166 DEOT.
132 1174 366 1201 Temerè timebas.
425 1210 619 1235 THEM.
122 1240 900 1282 Atque idipſum eſt de quo adire te volui. Scd age pona-
96 1281 969 1315 mus ambo metum. Securus eſto de meo, &, ſi ſapis, etiam
95 1317 800 1352 de tuo. Illum permitte quam inſtituit viam ſequi.
421 1354 569 1385 DET.
68 1387 630 1421 Permittam, Themiſte, hoc ſuades?
427 1431 570 1451 T H EM.
126 1462 242 1492 Suadeo.
1 1696 106 1741 t
814 1700 965 1740 a
107 1709 264 1735 t&
