1000 1743
499 75 681 102 BERI

125 74 164 100 260

129 119 229 162 eredere:
260 119 371 162 eredebam
401 119 493 162 tamen,
520 119 635 162 idemque
670 119 716 162 mihi
743 119 835 162 faciebat
854 119 923 162 ſuſpi-

126 159 152 185 cio
175 159 252 185 vetus.

165 192 275 229 Poſtridie
304 192 373 229 mane,
399 192 454 229 luctu
479 192 563 229 perdita
585 192 607 229 ad
636 192 662 229 me
677 192 757 229 iterum
786 192 848 229 redit.
878 192 921 229 AhI

126 226 202 271 certum
234 226 270 271 eſt,
298 226 386 271 inquit,
413 226 489 271 nullus
513 226 633 271 dubitandi
653 226 752 271 ſupereſt
768 226 836 271 locus.
872 226 920 271 Pue-

121 265 163 302 rum
195 265 216 302 de
237 265 303 302 nocte
321 265 422 302 famulus
439 265 488 302 juſſu
520 265 649 302 obſervavit
677 265 729 302 meo,
761 265 778 302 &
799 265 834 302 viſa
862 265 918 302 reru-

123 301 154 342 lit.
185 301 253 342 Iacuit
273 301 334 342 humi
361 301 383 342 diu
410 301 487 342 ſtratus
506 301 571 342 puer,
601 301 617 342 &
636 301 686 342 ante
705 301 808 342 ſomnum
835 301 919 342 longas

118 338 144 377 ad
169 338 228 377 Deum
257 338 334 377 eſfudit
353 338 437 377 preces.
474 338 514 377 Dein
540 338 554 377 ſe
576 338 705 377 compoſuit
723 338 796 377 lecto;
822 338 840 377 at
859 338 917 377 inter

121 375 221 419 ſomnia,
248 375 359 419 interque
382 375 493 419 gemitus,
520 375 569 419 ſæpè
592 375 631 419 vox
650 375 680 419 illa
707 375 803 419 excidit:
837 375 914 419 ſequor

126 411 256 447 vocantem,
287 411 301 447 en
326 411 399 447 adſum
424 411 564 447 promptus,
599 411 613 447 en
637 411 732 447 adſum,
753 411 851 447 ſequor.

471 448 573 473 HAEM.

165 483 285 514 Manifeſta
312 483 356 514 res,
392 483 503 514 manifeſta
523 483 623 514 ſomnia.

455 521 582 547 DEUT.

191 552 311 584 Manifeſta
335 552 391 584 heul
419 552 503 584 nimis.

158 592 281 636 Extemplo
300 592 354 636 ſcire
369 592 430 636 volui
449 592 495 636 quæ
522 592 568 636 mali
583 592 645 636 labes
656 592 729 636 foret;
756 592 832 636 quisve
855 592 913 636 invi-

119 630 172 671 deret
192 630 266 671 natum
292 630 359 671 atque
375 630 472 671 animiam
512 630 568 671 mihi.
612 630 705 671 Obſervo
725 630 811 671 amicos
831 630 911 671 pueri,

116 666 136 709 &
155 666 281 709 amieorum
308 666 423 709 indolem.
473 666 538 709 Hune
564 666 626 709 video
649 666 771 709 Agathoeli
787 666 840 709 ante
855 666 913 709 alios

114 702 247 738 fumiliarem
275 702 324 738 tuo;
352 702 411 738 hune
429 702 481 738 ſæpè
499 702 576 738 adire,
604 702 656 738 ſæpe
684 702 785 738 colloqui
813 702 855 738 ſine
876 702 908 738 ar-

117 739 190 776 bitris;
216 739 296 776 ambos
318 739 410 776 naturiâ,
447 739 553 776 moribus,
582 739 659 776 ſtudiis
681 739 751 776 pares.
799 739 846 776 Quid
865 739 913 776 plu-

116 775 145 817 ra?
175 775 244 817 natum
277 775 307 817 vel
332 775 380 817 tuus
405 775 486 817 perdet
515 775 599 817 meum;
636 775 665 817 vel
695 775 713 817 ni
742 775 841 817 cavebis,
874 775 907 817 hic

120 811 174 846 meus
189 811 269 846 perdet
291 811 367 846 tuum.

479 847 581 873 IEM.

149 879 185 922 Hie
205 879 313 922 adverte,
341 879 429 922 quæſo,
465 879 637 922 Deuterophile,
669 879 729 922 quàm
753 879 813 922 leves
833 879 873 922 ſint
885 879 905 922 ut

109 919 228 962 hominum
251 919 312 962 ſpes,
335 919 362 962 ita
385 919 404 962 &
431 919 504 962 metus.
550 919 561 962 Tu
588 919 611 962 ne
642 919 695 962 meus
715 919 726 962 in
749 919 895 962 ſolitudinem

107 956 205 986 abdueat
227 956 303 986 tuum,
333 956 409 986 times.

436 993 571 1019 DEUT.

157 1030 232 1056 Timeo
249 1030 311 1056 ſanè.

483 1054 581 1091 HEM.

145 1101 184 1138 Ego
207 1101 230 1138 ne
249 1101 299 1138 tuus
325 1101 387 1138 meum
414 1101 429 1138 ab
452 1101 494 1138 aris
513 1101 640 1138 abſtrahat,
667 1101 736 1138 timui
762 1101 839 1138 modò.

435 1138 566 1166 DET.

150 1174 233 1201 Temerè
252 1174 358 1201 timebas.

442 1210 575 1235 TIEM.

141 1240 213 1282 Atque
229 1240 325 1282 idipſum
353 1240 377 1282 eſt
401 1240 417 1282 de
441 1240 481 1282 quo
497 1240 561 1282 adire
581 1240 593 1282 te
621 1240 689 1282 volui.
717 1240 757 1282 Sed
773 1240 813 1282 age
825 1240 897 1282 pona-

109 1281 146 1315 mus
159 1281 229 1315 ambo
253 1281 339 1315 metum.
369 1281 462 1315 Securus
482 1281 522 1315 eſto
542 1281 559 1315 de
582 1281 635 1315 meo,
662 1281 688 1315 &,
708 1281 718 1315 ſi
738 1281 805 1315 ſapis,
825 1281 881 1315 etiam

103 1317 124 1352 de
148 1317 190 1352 tuo.
222 1317 277 1352 Illum
305 1317 414 1352 permitte
435 1317 494 1352 quam
518 1317 620 1352 inſtituit
644 1317 689 1352 vium
717 1317 791 1352 ſequi.

430 1354 443 1385 D
473 1354 567 1385 ET.

143 1387 289 1421 Permittam,
331 1387 452 1421 Themiſte,
477 1387 519 1421 hoe
539 1387 627 1421 ſusdes?

466 1431 476 1451 H
512 1431 512 1451 E
538 1431 538 1451 M

132 1462 234 1492 Suadeo.

67 1696 99 1741 -
