1000 1743
611 62 611 77 T

328 60 328 93 C
382 60 390 93 O
433 60 444 93 A
499 60 502 93 C

831 66 869 105 265

70 111 98 153 oſt
119 111 209 153 tunica,
237 111 269 153 ſed
289 111 349 153 raros
366 111 380 153 in
405 111 467 153 uſus,
499 111 558 153 quam
586 111 652 153 ſemel
670 111 684 153 in
708 111 781 153 anno,
806 111 869 153 bisve

71 148 96 191 ad
117 148 225 191 pompam
253 148 407 191 circumferas.
452 148 525 191 Cæterò
550 148 588 191 tibi
613 148 672 191 veſtis
689 148 801 191 induetur
822 148 871 191 bre-

78 185 138 225 vior,
165 185 238 225 pulla,
265 185 298 225 ſed
338 185 428 225 nunda,
458 185 595 225 coneinna,
631 185 675 225 quæ
698 185 738 225 non
781 185 872 225 manieas

72 222 202 267 protendat
219 222 366 267 anguſtiores
391 222 520 267 vaginarum
548 222 558 267 in
593 222 688 267 morem,
712 222 747 267 ſed
765 222 821 267 laxas
842 222 873 267 re-

80 259 138 299 vocet
156 259 160 299 à
182 259 262 299 pugno
281 259 292 299 in
321 259 460 299 brachium,
496 259 507 299 &
525 259 642 299 reſupinet
672 259 759 299 ornats
789 259 869 299 gratiâ;

78 295 122 336 quæ
144 295 181 336 non
206 295 210 336 à
232 295 320 336 ſummo
338 295 364 336 ad
378 295 448 336 imum
470 295 616 336 aſtringatur
642 295 682 336 tota
719 295 829 336 globulis,
851 295 873 336 &

79 331 139 370 velut
153 331 198 370 area
223 331 258 370 rite
282 331 432 370 occludatur,
460 331 492 370 ſed
513 331 586 370 hiulca
614 331 635 370 ſit
659 331 708 370 circa
729 331 824 370 pectus,
848 331 873 370 ut

76 368 181 410 ſubucula
202 368 219 410 ſe
240 368 300 410 nivea
324 368 429 410 effundat
450 368 474 410 ad
495 368 642 410 elegantiam.
691 368 800 410 Aecedet,
828 368 866 410 non

77 406 176 446 amplum
205 406 223 446 &
249 406 322 446 grave,
351 406 384 446 ſed
403 406 501 446 ſtrictum
531 406 549 446 &
567 406 615 446 leve
637 406 776 446 palliolum,
801 406 805 446 à
827 406 875 446 pe-

77 442 126 482 tore
140 442 154 482 in
182 442 294 482 humeros
318 442 416 482 rejectum
451 442 584 482 commodè,
619 442 636 482 &
657 442 660 482 à
681 442 744 482 tergo
769 442 874 482 decenter

77 479 220 524 pendulum.
253 479 337 524 Petaſus
352 479 491 524 imponetur
517 479 579 524 capiti
604 479 747 524 molliculus,
773 479 876 524 nitidus,

80 516 117 555 non
143 516 193 555 fuſis
210 516 223 555 in
257 516 327 555 orbem
353 516 390 555 alis
413 516 443 555 vel
457 516 540 555 ignavè
560 516 733 555 pendentibus:
763 516 797 555 ſed
813 516 877 555 ante-

81 553 136 591 riore
154 553 187 591 alâ
205 553 322 591 ſubrectâ,
348 553 366 591 &
385 553 473 591 egregiè
487 553 575 591 audaci.
612 553 733 591 Linteolum
762 553 762 591 è
788 553 843 591 collo
854 553 868 591 in

81 589 194 632 ſummum
220 589 297 632 pectus
326 589 407 632 modicè
440 589 517 632 deſluet
542 589 656 632 bifidum,
682 589 817 632 tenuiſſimo
843 589 858 632 fil

86 626 236 669 contextum,
262 626 423 669 pellucidum,
452 626 471 669 &
493 626 570 669 pulerè
588 626 706 669 rigidum.

402 665 570 689 DIAPH.

118 699 166 740 Hæe
191 699 206 740 te
228 699 327 740 profectò
356 699 465 740 decebunt
491 699 560 740 omnia
593 699 692 740 miriſicè.

390 738 394 776 A
438 738 441 776 G
467 738 515 776 AT
544 738 574 776 H.

118 772 158 806 Me
183 772 253 806 deceat
286 772 348 806 moril

433 810 531 835 HIM.

120 845 156 884 His
182 845 266 884 veſtium
296 845 417 884 elegantiis
431 845 501 884 addes
519 845 578 884 quod
604 845 670 884 vulgò
695 845 787 884 additur
824 845 883 884 mun-

88 881 186 920 ditiarum
221 881 284 920 genus
315 881 438 920 multiplex.
483 881 574 920 Capillos
592 881 662 920 peritè
683 881 791 920 attonſos
819 881 879 920 multaà

88 919 140 956 coles
158 919 221 956 arte,
249 919 385 956 conſperges
406 919 483 956 eyprio
504 919 616 956 pulvere,
644 919 773 956 unguentis
791 919 885 956 illines,

85 954 200 992 pectendo
218 954 302 992 finges,
337 954 351 992 &
371 954 371 992 à
396 954 542 992 rempuribus
570 954 658 992 docebis
679 954 766 992 paulùm
790 954 878 992 recede-

89 990 117 1028 re,
145 990 165 1028 ut
190 990 298 1028 aurieulæ
326 990 413 1028 patecnt
445 990 581 1028 mollicellæ,
608 990 786 1028 rubieundulæ;
811 990 821 1028 ſi
846 990 881 1028 cri-

90 1027 123 1065 nes
143 1027 233 1065 culturæ
253 1027 293 1065 ſint
316 1027 383 1065 minùs
400 1027 526 1065 parientes,
553 1027 630 1065 eomam
656 1027 766 1065 adſciſces
783 1027 863 1065 flavam

91 1063 193 1104 citream,
222 1063 354 1104 eriſpatam,
380 1063 467 1104 brevem
504 1063 518 1104 &
537 1063 551 1104 ab
584 1063 628 1104 ipsâ
657 1063 771 1104 brevitate
796 1063 884 1104 concin-

93 1100 135 1140 nam
169 1100 231 1140 magis
242 1100 246 1140 .

407 1136 569 1167 DIABH.

130 1171 211 1201 Audis?

407 1208 411 1250 A
455 1208 587 1250 GATH.

130 1244 194 1278 Nihil
210 1244 290 1278 audio.

439 1282 451 1315 H
481 1282 537 1315 IM.

131 1315 150 1353 Id
172 1315 216 1353 ſanè
245 1315 362 1353 multorum
391 1315 417 1353 eſt
446 1315 487 1353 mos
505 1315 589 1353 quibus
611 1315 677 1353 veſtes
699 1315 809 1353 conficio,
835 1315 890 1353 quos

94 1351 105 1389 in
135 1351 182 1389 toto
204 1351 307 1389 corporis
329 1351 380 1389 eultu
413 1351 453 1389 ſcio
475 1351 526 1389 ipſis
556 1351 717 1389 diligentiores
742 1351 838 1389 puellis,
860 1351 893 1389 at-

99 1386 135 1428 que
153 1386 215 1428 haud
234 1386 274 1428 ſcio
292 1386 310 1428 an
343 1386 507 1428 elegantiores.

415 1426 576 1460 DIAPH.

138 1459 164 1499 Sie
186 1459 259 1499 totus,
284 1459 306 1499 ita
339 1459 361 1499 me
387 1459 463 1499 Superi
478 1459 573 1499 ament,
602 1459 642 1499 eris
657 1459 767 1499 bellulus.
796 1459 821 1499 Sie
836 1459 891 1499 benè

104 1493 156 1533 culto
177 1493 261 1533 capite,
289 1493 313 1533 ſie
330 1493 390 1533 bene
414 1493 484 1533 euratâ
508 1493 526 1533 &
543 1493 571 1533 ter
627 1493 672 1533 cnte
697 1493 812 1533 nunquam
847 1493 896 1533 con-

682 1535 728 1568 R5

64 1685 71 1741 t

944 1701 949 1740 ẽ
