1000 1743
404 67 693 114 LIBEERI

141 78 178 108 263

479 131 616 165 TIEM.

175 160 203 206 Sic
235 160 259 206 me
287 160 371 206 deſerat
395 160 475 206 natusl
507 160 531 206 ſic
547 160 643 206 arripiat
663 160 763 206 fugam,
795 160 867 206 neque
891 160 935 206 quò

141 201 167 241 vel
190 201 225 241 quà
247 201 347 241 fugerit,
373 201 423 241 ſeire
442 201 507 241 liceat

457 238 619 269 DIAPH.

171 274 223 314 Ibo,
251 274 315 314 here,
347 274 363 314 &
379 274 491 314 inquiram
523 274 603 314 oculis,
631 274 723 314 linguâ,
751 274 867 314 pedibus.

429 313 480 349 AG
505 313 553 349 AT
582 313 607 349 H.

180 347 252 388 Pater,
284 347 308 388 me
332 347 424 388 quoque
448 347 512 388 fratri
532 347 700 388 inveſtigando
720 347 816 388 ſtudium
848 347 864 388 &
888 347 936 388 ope-

135 385 171 426 ram
203 385 246 426 dare
266 385 322 426 ſine.

472 420 609 463 THEM.

179 458 236 487 Veto.
266 458 323 487 Itane
342 458 464 487 filium?.

444 497 448 536 A
491 497 491 536 G
520 497 622 536 ATI.

175 530 294 572 Permitte,
325 530 428 572 obſecro.

500 565 602 595 HEM.

163 600 235 644 Nolo.
275 600 287 644 Tu
327 600 379 644 modò
407 600 470 644 iſtum
506 600 614 644 Theobuli
634 600 733 644 lhruim,
761 600 805 644 quo
833 600 873 644 mala
893 600 925 644 in-

127 639 177 682 ſerta
200 639 242 682 fuit
262 639 369 682 epiſtola,
396 639 453 682 refer
468 639 480 682 in
511 639 633 682 conclave,
664 639 679 682 &
706 639 763 682 domi
783 639 798 682 te
821 639 924 682 contine.

432 680 559 704 AGAT
589 680 615 704 H.

175 698 204 756 Vah
250 698 362 756 ſceleſtum
387 698 487 756 librum,
508 698 529 756 &
549 698 583 756 qui
603 698 616 756 te
637 698 662 756 ad
678 698 716 756 nos
741 698 828 756 detulit,
857 698 924 756 longè

124 749 275 781 ſceleſtiorem
306 749 393 781 virum.

191 804 191 822 3
261 804 285 822 X
291 804 381 822 X
387 804 387 822 X
547 804 547 822 4
611 804 611 822 X
641 804 641 822 X
675 804 675 822 X
705 804 705 822 X
737 804 737 822 4
769 804 769 822 X
801 804 833 822 4X

138 805 138 848 T
215 805 787 848 XX
532 805 564 848 XX
596 805 849 848 XAXXXXX

274 846 280 903 S
352 846 352 903 C
417 846 423 903 E
506 846 572 903 NA
673 846 780 903 XXI.

516 902 516 928 r

347 914 437 941 2E
463 914 487 941 M
550 914 553 941 0
590 914 590 941 1
677 914 694 941 0.

167 954 171 1001 T
197 954 274 1001 nonne
289 954 396 1001 indicium
431 954 465 1001 viæ
488 954 515 1001 vel
534 954 576 1001 loei
591 954 691 1001 aliquod
714 954 771 1001 dabit
794 954 863 1001 charta
886 954 917 1001 ĩn-

181 990 220 1036 dex
239 990 307 1036 fugæ.
342 990 441 1036 Legenda
464 990 540 1036 iterum
571 990 605 1036 eſt.

131 1035 187 1080 Parce
211 1035 284 1080 queri,
317 1035 410 1080 genitor,
437 1035 553 1080 natumque
579 1035 653 1080 vocare
673 1035 782 1080 rebellem:

194 1084 292 1125 Imperiis
313 1084 390 1125 tundem
415 1084 488 1125 paruit
509 1084 541 1125 ille
562 1084 614 1125 tuis.

150 1128 195 1162 Non
220 1128 262 1162 hoe
279 1128 409 1162 imperavi.

132 1168 177 1215 Juſſa
202 1168 248 1215 fuga
273 1168 306 1215 eſt;
335 1168 443 1215 fugimus.
485 1168 522 1215 Tibi
539 1168 584 1215 nato
618 1168 667 1215 dulce
688 1168 759 1215 carere
784 1168 817 1215 eſt:

149 1212 237 1260 Scilieet
282 1212 299 1260 ex
324 1212 387 1260 oculis
404 1212 505 1260 lcrymæ
523 1212 652 1260 proſiliunt.

200 1252 211 1305 Te
237 1252 306 1305 contri
332 1252 390 1305 nobis
412 1252 467 1305 iriſte
489 1252 573 1305 carere,
598 1252 668 1305 pater.

120 1302 159 1343 Sed
182 1302 232 1343 modò
251 1302 270 1343 ſis
289 1302 354 1343 felix,
381 1302 416 1343 non
442 1302 477 1343 jam
508 1302 561 1343 miſer
588 1302 619 1343 eſſe
646 1302 730 1343 recuſo.

202 1351 242 1391 Dum
272 1351 291 1391 me
311 1351 338 1391 fat
375 1351 474 1391 prement
494 1351 581 1391 aſpera,
611 1351 667 1391 vive,
697 1351 750 1391 vule.

155 1380 231 1433 Vivere
255 1380 279 1433 me
303 1380 319 1433 &
339 1380 411 1433 valere
431 1380 507 1433 jubet,
539 1380 582 1433 dum
610 1380 686 1433 eneeat
710 1380 814 1433 erudelis.
842 1380 906 1433 Nihil

112 1422 203 1472 omninò
225 1422 311 1472 indicat
329 1422 329 1472 ·
372 1422 398 1472 uo
419 1422 497 1472 ſciam,
519 1422 588 1472 ipſum
619 1422 653 1472 quà
679 1422 761 1472 debeam
792 1422 909 1472 perſequi.

108 1463 144 1510 Ibo
164 1463 256 1510 tamen,
288 1463 304 1510 &
320 1463 380 1510 illum
408 1463 532 1510 perquiram
564 1463 624 1510 quem
652 1463 740 1510 perdidi
768 1463 840 1510 miſer.

18 1697 63 1741 nE

850 1710 878 1735 eeaac
898 1710 919 1735 v-

941 1718 991 1740 iH
