1144 2046
203 152 880 199 ACTVS PRIM VS. 15
1 204 674 259 Quando qui hoc ſit fabulæ cognoſcitis,
73 258 751 307 Maiora quoniam haud licuit in præſens dari,
69 310 777 359 His, quæ, vt fatemur, paruo ſunt, ignoſcite.
63 362 743 413 Quod ſi placere hæc ipſa non poſſunt, tamen
13 414 791 463 Placeat placendi ſtudium. aut increpuit rudens.
63 466 684 514 Velum arbitror demittitur, & exit foras
60 518 729 572 Qui narret argumentum. adeſte, attendite.
35 787 773 851 TROPHIVS, ERGASIS
299 861 585 902 ARISTVS.
184 926 714 973 , Ear calitenpla, ſideea donos,
184 979 838 1026 Quo pandit animi robur, ac Pietas, viam,
184 1030 865 1082 Dudum relinquens, has colens terræ plagas.
58 1082 757 1134 Quas Mors Laborque ſorte communi tenent,
58 1133 607 1183 Adſum miniſter fidus æterni Patris:
57 1186 687 1233 Illa e cohorte, quæ triumphantum choris
56 1236 648 1286 Permiſta latis, gaudet, & ſacrum Dei,
60 1289 615 1337 Ebria tuendo, & ipſa vix compos ſui,
59 1341 655 1390 Lumen tuetur ſemper, & ſemper canit
56 1393 612 1442 Laudes Parentis ore tergeminas pio.
57 1444 672 1493 Mox iuſſa præſtolatur, vt curet frequens
55 1496 676 1548 Igne impotente citius, ac volucri Noto.
51 1546 598 1595 Cæleſtis adſum ſpiritus, cuius leuem
57 1599 695 1651 Nemoadſpiceret imaginem, aliena forem
592 1646 851 1702 N 2 Ni
