1119 2046
173 143 866 201 ACIVS IERIIVS. 9
62 213 732 261 Te, dum magiſtrum noſtra prima ætas tulit,
63 266 600 313 Tuli magiſtrum, De magiſterio tuo
63 317 813 372 Hæc iam migrauit. TRO. Diſciplinam qui fugit,
62 368 751 419 Odit ſciendi gioriam. ERc. Iſiam nil mnoror
62 422 631 472 Emptam labore gloriam. Dulcis mihii
62 476 793 526 Vna eſt Voluptas. TRO. Ieu Voluptatem fuge
63 527 797 572 atrem dolorum. VVi Voluptatem meram
62 575 754 624 Stude labori. ERG. duerſus eſt illi labor.
22 629 703 681 TRO. Deo iubente aduerſa de aduerſis fluunt.
45 678 674 730 Hinc & doloris fons voluptas blandior,
64 732 628 785 Laborq, honeſtus eſt voluptatis caput.
15 787 678 839 Sic herba ab acri dulcis interdum liquor,
66 836 619 889 Spiniſque ab aſpris mollis exiſtit roſa.
19 890 699 940 ERG. Hæc vera ſint, ab igne prodibunt niues,
61 941 712 991 Et flamma ab vndis:terra ſe in cælum feret,
59 995 607 1045 Cælumque terra ſidet inferius pigra.
57 1046 604 1094 ESole tenebræ, e nocte naſcetur dies.
60 1098 838 1152 Omniaque erunt ab omnibus. TRO. Iam non ego
56 1150 593 1200 Has tedocebam, peior has argutias,
58 1201 789 1256 Peior magiſter docuit. ERO. Haud magno fuit
19 1253 668 1302 Opus magiſtro, Senſus huc duxit manu.
20 1306 809 1357 TRO. Dux brutus eſt, & monſtrat obliquam viam:
61 1355 675 1408 Senſus futuri incautus, ad prſens modo
58 1411 834 1456 Se accommodat. ERG. Futurum in incerto latet,
57 1458 789 1512 Præſens tenetur: illud in Superum manu eſt.
13 1513 789 1564 TRO. Immo in manu cuiuſque. Nam quales dies
55 1564 685 1616 Quicumque ducit heſce, quos viuens agit,
57 1615 732 1668 Talia ſequentur ſæcla, queis nulium dabunt
773 1675 929 1721 Sæcla
