1126 2046
194 152 659 195 ACTVS OVARTVS.
820 168 920 214 3
3 202 813 258 Saluete. ARIS. Frater, nos ne perduxit Deu
73 261 675 312 Tot per ſalebras, tot per anfractus viæ,
70 315 709 362 Ad hæc amœna, & ſumma terrarum loca?
69 364 732 415 Nos immerentess agne Cæleſtum Pater
69 418 766 467 Hominumque Rex, o dulcis, o patiens amor,
73 470 696 520 Quæ cauſſa, quæ te cauſſa, tanto perpulit
73 521 755 571 Vt me beares munere, & fratrem mihi,
67 574 650 624 Fratrique me coniungeress ambos, tua,
73 628 760 678 Qua cuncta torques, mira qua patras, manu,
35 677 659 727 Dicam ne ſorde an fæce ſecretos, humi?
66 729 736 779 Huc tranſtuliſti, ad proximam cælo domum.
66 783 784 835 Munus, fatemur, munus, hoc totum tuum eſt
69 834 597 884 Scintilla nos huc ignis abripuit tui,
66 886 638 930 Demiſſa cælo, Vterque orates dicimus,
352 921 439 944 I O
67 938 665 985 Et ſirmitatem oramus, & conſtantiam.
22 990 673 1037 ERG. Germane, ceu ſint nubila e viſu mihi
64 1041 627 1090 Deterſa, quædam vallis inſra cernitur
64 1093 867 1144 Anguſta ſane, & vuida. Aεis. Eſt terræ, vt vides,
64 1144 605 1194 Orbis, puſillus ille, & in media latet
65 1197 655 1247 Caligine. Viden mole ſub quanta iacet
65 1250 683 1303 Moleſtiarum, quicquid in terra iacet?
70 1301 726 1352 Quantæ tenebræ, quantus eſterror, putas,
71 1352 724 1404 ortalium? quam leuibus a rebus gerunt
69 1403 653 1451 Pugnas miſelli, more taurorum, truces,
64 1454 599 1506 Pro paſcuis, potuque nec puri lacus,
11 1505 768 1559 In vulnera, atque in funera ruentum? Nefas.
11 1554 734 1610 Heu digna cælo pectora, heu Superum genus,
63 1611 740 1665 Terræ inquilini, c hoſpites.Quin iam caput
535 1672 874 1730 PS Mentem-
