1131 2046
534 149 958 204 E RGASTI
276 170 341 198 4
325 210 852 262 Hoc gratior, quo durior vobis fuit.
330 261 881 315 Non facilis iſte, ſed fuit felix labor.
325 319 800 367 Videte qualis exitus fuerit viæ.
266 365 900 419 Hic ſemper aura dulcis, hic æui tenor
326 421 967 471 Sine nube ſemper: nulla vt exiſtat lues,
327 475 884 526 VVapor ſerenum nullus infuſcet diem.
326 530 983 580 Hic ſumma Pax, & nullus exterret metus,
305 577 1025 628 Nec fluminum, nec fulminum: quamuis polo
325 632 864 684 Effuſa nigro ſæua tempeſtas tonet,
327 686 1026 737 Tegatque terras imber, &r nimbus mare.
324 736 1040 784 Sublime mons ſe tollit, & pulchrum erigit
324 790 999 842 Supra procellas, & Notorum turbines,
325 843 883 896 Fulgente ſemper luce veſtitus, caput.
273 897 1080 946 ARIS. Salue piorum cælitum antiquum genus,
248 949 910 1006 Felix beatæ Gloriæ & Honoris parens.
244 1001 890 1051 O ſola, certæ per necis diſcrimina
287 1049 874 1105 Peti labore digna, cui Mundus niliil
322 1100 1070 1157 Par finxit vmiquam: turpe quæ quamquam ſcelu
296 1158 1021 1210 Exoſa terræ, hunc arduum montem colis,
280 1211 1027 1258 Tamen relicto tramite adſcenſum haud vetas.
322 1261 1011 1318 Quas, non referre, aut agere, nos grates tibi,
322 1318 1010 1368 Sed quas habere poſſumus? Non hoc queant
322 1368 983 1422 Quotcumque ſol proſpexit, ex quo ſubditas
321 1424 871 1473 Luſtrauit oras, vnus vt cunctos agat
320 1475 929 1525 Incenſus animos ardor. Hoc non virium
323 1523 993 1574 Mortalium eſſe nouimus. Te vnam modo
318 1580 877 1626 Permitte nobis colere. De te pendeat
318 1631 1059 1685 Vterque: quamuis magna poſcamus, tamen
