1161 2046
586 157 916 189 ERASTI
308 168 373 201 24
308 214 1087 264 Nos dexteram tetigimus, vnde hominum deci
358 265 1042 318 Dependet omne? His pedibus auratum ſolum
359 317 1063 369 Preſſimus, humumque cælo & aſtris æmulans
361 372 1021 420 Nobis opes, profana quas numquam manus
364 421 1026 472 Contrectat vlla, attingere, & noſtras velut
364 476 987 526 Seponere datum eſt& Celitum veras opes,
362 527 1053 579 Præ quibus, inopia hæc omnis, hoc noſtro patet
362 581 1062 632 Quacumque in orbe copia, vt in vnum locum
283 630 996 684 Congeſta ſint, diſperſa quæ tellus colit.
366 687 909 736 Etiam ne lætos cuncta per miracula
372 739 1004 786 Viſus referre licuit, gratum melos
368 789 889 838 udire, & illos æthere infuſos ſuo
369 844 893 891 Haurire odoris ſpiritus Æui dies
371 894 1011 945 Hæc prima, primus carcer hic vita mihi,
372 947 1021 996 Aut meta potius. Summa votorum attigi.
271 1000 1128 1050 ARIS. Sunt iſta. Sed quid marmora in vultus riruν
372 1051 1010 1104 Conuerſa? quidqueimagines ſapientium
366 1103 964 1154 Et fortium, quos noſtra ſiue ætas tulit,
343 1157 1049 1210 Seu priſca? Sed quid verba, ni malis prius
305 1210 898 1258 Oracula appelare, quæ fudit domi
303 1263 976 1311 Pleniſſima pietatis, & prudentiæ,
375 1313 1102 1366 Regina, quando os, quale & auguſtum & ſacrum
378 1365 1042 1418 Templum, quod ipſe implere dignatur Deus,
379 1419 945 1469 Cœpit aperire, & ſenſa caſti pectori,
379 1472 1016 1523 Ceu ſacra ſigna, ex abditu penetralibus
376 1523 1007 1572 Proferre, cum mens noſtra paulatim ſui
378 1577 1013 1624 Oblita, cælum ſcandere, & propius Deum
377 1628 989 1687 Viſa eſt videre, & figere obtutum ſacro
1063 1682 1141 1727 In lu-
