1125 2046
528 148 863 183 ERGASTI
264 153 369 191 248
284 204 1021 257 Amens, miſerque, & immemor honoris tui:
320 257 947 309 Eſt ſumma ab arce ſingulis cuſtos datus,
322 312 904 361 Vt quiſque iniuit pruma vitæ limina,
322 363 999 413 Cæleſtium illo ex ordine, & ſacra manu,
298 414 927 466 Quæ læta dum perfruitur adſpectu Dei,
234 468 1015 521 Oculoſque paſcit lumine, ac mentem replet.
306 521 934 571 Ante ora ſemper ciuis ætherij ſumus:
282 571 897 623 Ille arbiter teſtiſque, non factis modo,
310 627 899 677 Prope cogitatis intereſt. Ecquis timet
319 680 880 730 Ne tam pudicis mentibus labis nigræ
320 733 857 782 Et inquinatæ fiat adſpectu grauis,
318 784 885 834 Nec potius atra ſorde ſe contaminat?
260 839 947 886 Atque hi tibi blandiris, his cælum putas
319 890 958 939 Superare pennis Ardua ad cælum eſt via:
322 942 897 992 Cæli æmulare ſtudia, qui cælum petis.
242 994 973 1044 ERG. Audis? Etruſcæ ſonitus increpuit tuba.
290 1047 939 1097 Quis inflat æra? geſtit hic animus mihi,
319 1099 863 1152 Et gloriæ præſumit egregium decus.
191 1147 1031 1199 ARIS. Niſi fallor, ipſa huc Fama moliturgradus.
193 1202 1064 1254 ERG. Ipſa est. iden quot lumina, quot aures habeti
513 1278 832 1333 FA M A.
261 1355 1042 1440 ILIA ſum, quæ per remotas Fama terras explico
316 1397 1095 1457 P Feſſa numquam alas volucres, orſa præſtantũ virum
313 1461 1068 1515 Nuntians: vt ſint vbique, & audiant ſemperbene
315 1515 1031 1561 Toto in orbe, mente recta, & laude lætati bona.
310 1569 1006 1619 Huc vocor Virtutis imperio, & rogatu Gloriæ,
309 1618 1021 1680 Que ſequetur cum Poéſi & fratre germano ſuo
1042 1680 1097 1712 Ac
