1125 2046
283 145 586 178 P REMI A.
812 160 866 192 5;
78 202 428 253 Pluſque omni facit auro
75 255 575 304 Clarum, ac magnanimum virum.
208 305 678 352 PAVLIManutij epiſtolæ.
29 352 705 402 Pulus adeſt Tulli ſapiens imitator: vt vtrum,
73 403 701 454 Cum legis hunc teneas, addubitare queas.
167 469 708 512 C. CESARIS commentarij.
16 513 755 566 Caius Iulus hic eſt, nouit qui maxima quondam
79 565 424 614 Scribereque, & facere.
30 617 886 671 Tu quoque condiſce hinc, poſſis vt maxima quondam
71 669 406 716 Scribereque, & facere.
180 721 704 768 C. SALLVSTIVS Criſpus.
29 765 656 818 Thucydidi oppone, Herodoto feliciter æqua
76 817 456 871 Fabi æmulum Salluſtiun.
23 868 816 922 Hic neutro minor eſt. Iuuenis cape. treſque libelle
72 922 390 970 Iunctos in vno pellege.
126 972 746 1020 M. TVLLIIepiſtolæ ad Atticum.
25 1018 751 1069 Quæ via, quæ ratio, ad carum cum ſcribis amicum
69 1069 649 1120 Optima ſit, ſcribens Tulliuus ipſe dabit.
97 1129 787 1168 A. GELLII noctium Atticarum libri.
25 1176 593 1227 Aulus ne Gellius, an Agellius, quærunt,
71 1223 622 1278 Dicatur is, qui ſcripſit Atticas noctes.
73 1280 682 1329 Hic ille. Sane pulcher. Hunc libens ſume.
78 1330 739 1381 Cum res datur fruenda, nil moror nomen.
261 1401 626 1436 IVSTINIHiſtoria.
19 1441 743 1494 Quas ſcripſere alij per multa volumina, terras,
25 1498 689 1547 Et exterarum regna, & arma gentium,
25 1543 676 1598 Iuſtinus librum egregie contraxit in vnum,
70 1596 716 1648 Vt ſcalptor Orbem marmore effingit breui.
627 1663 884 1697 LACTAN-
