1135 2046
818 174 878 210 27
120 296 851 373 I IL C ν .
34 400 843 447 PVER, &FAMVLVS GLORIÆ.
228 469 867 519 AIRTVS, Poeſis, Gloria, VVoluptas, Ho-
228 527 344 559 SAS nr,
228 571 860 623 gcIuſtitia, Ariſtus, Trophimus, Ergaſtu,
228 624 398 671 R dle
47 675 738 730 Panurgus, adde Muſicam, & Famam leuem,
66 729 692 778 Et quidquid aliud fabulæ hæc ſpecies tulit:
67 780 808 840 Venere cuncta huc denique: ad ſummam, data
63 834 749 884 Sunt dona paucis, pauta: cum multis ego
62 886 728 936 Expers, & expes munerum, atque inglorius,
60 938 782 989 Quod grauius eſt, relinquor. Haud culpa mea:
10 989 631 1042 Saltem addidiſſent, aleam certaminis
59 1039 645 1091 Tentare noluiſſe: nec tantum hiſcerem.
58 1093 614 1142 Non victus eſt, qui caruit aduerſario.
59 1145 678 1195 Nunc prouocandi ad iudices nullus locus.
60 1194 650 1246 Nulumue tempus. Iſta ſi ſciſſem prius,
59 1248 642 1299 Extrema ſane impoſita non eſſet mihi
61 1299 701 1350 Perſona tantum vt more ſollemni, ac modo
64 1351 675 1404 Hoc iam recepto, Vos valete & plaudite,
61 1401 685 1449 Nec aliud vltra dicerem. Verba heu data,
57 1456 594 1505 Mihique fucus factus. Oratos velim
42 1507 671 1558 Vos Priucipes ampliſſimi, vt veſtra bona
54 1561 678 1612 Cum gratia, illis gratiam referam parem:
44 1610 760 1662 Luſere me, ludantur. Ignoſcent, puto,
560 1657 855 1720 R liqui:
