1125 2046
488 127 884 161 EPI L O G VS.
256 133 313 172 258
307 183 974 231 Aliqui: probabunt plurimi: ſaltem quibus
309 236 1071 288 Qullum eſt tributum præmium : & ſocios iuuat
260 290 974 336 Pænarum habere: vt eſt vetus prouerbium.
311 340 1071 392 Stomachum mihi hæc fecere. Sed puerum ſtatim
314 392 919 441 Credo vocabunt. Scilicet. Quid poſtea
295 447 984 497 Ringantur, ora contrahant. Ego me virum
315 498 1068 551 Oſtendam: c animum explebo: & vlciſcar probe.
276 549 884 601 Exilius quid culice? formica minus
281 602 868 650 Formicæ ineſt ſua bilis, & culici ſua.
291 650 1108 706 Qui geſſerit ſe pro ouicula, hunc mandet lupus,
315 708 971 758 Etiam hoc fatebor. Verba, ſed communia,
317 761 912 810 Quibus agerentur gratiæ, quæ iam diu
317 814 942 862 Magno labore edidici, abiſſe intelligo:
319 864 862 914 Fugere cuncta: iuſtus excuſſit dolor.
320 918 1027 969 Ego quoque abibo. Neminem veſtrum moror.
269 974 1081 1019 FAVL. Mane, mane. Hoc te Gloria ornat muneιe
319 1023 1027 1074 Quamuis paruum, vt conſulas æqui boni
298 1077 1098 1132 Orat. PVER. Benigne. FA. Hoc addit, addεν.
399 1130 687 1181 dum quoque
319 1180 971 1232 Aliud merenti, immo alia, poſt paucos dies:
279 1232 1001 1285 Vt iſta & animi, & ingeni clara indoles,
264 1287 959 1340 Atauiſque digna illuſtribus poſcit tuis.
263 1341 949 1390 PVER. Tu, ſi placet, agegratias verbis meis
314 1394 959 1442 Quam maximas. Ego maior(& ſpero Deo
303 1444 1005 1494 Iuuante) vt eius dono, & iſtis laudibus
319 1498 1012 1546 Inueniar eſſe. dignus. FA I. Ita fet. Vale.
266 1553 1060 1597 PVER. O quanta vis eſt munerum. Placant Deum
323 1603 1061 1655 Homineſque. Ad ægrimoniam certe meam
1001 1662 1098 1699 Nullm1
