1116 2046
496 133 925 170 EPI L OGVS.
259 145 347 177 ao0
227 191 958 245 Iiſcere dulces & vtile. Hac iuuenes via,
310 242 922 299 Quo vera Virtus, quo Voluptas ſubdola,
226 296 943 349 Ducat, docere libuit: exemplo vt queant
310 345 961 400 Ficto moneri, & quicquid efficiant, velint
286 399 942 454 Spectare finem. Hoc eſt opus Prudentiæ.
312 450 989 507 Qui ſuſcipit rem temere poſt factum ſapit.
313 503 942 558 Vos factum, & ipſa cauſa quæ facta fuit,
257 557 914 608 Habetis omnes. Si quid auribus accidit
305 609 962 664 Animiſque gratum, gratulamur, gratias
313 660 1025 718 gimus, habituri ſemper. Ingratum accidit,
230 715 997 768 Nollemus eſſe factum. At eſt factum tamen:
287 765 1082 820 Veſtrum omnium eſt ignoſcere, & veniam dare
314 819 972 873 Duplicemque noſtram promereri gratiam.
315 870 963 924 Sed, hoc, an illud fuerit, illuſtriſſimi
240 924 988 980 Patres, virique Principes, Plauſum date.
528 1008 830 1067 FINIS.
940 1516 1102 1588 TRAN
