1141 2046
231 151 678 193 RO L O G VS.
811 169 866 205 26,
65 216 706 266 Quin & ſuperbos abiici, & inanes minas
64 268 649 317 Fruſtra ſonare intelliget, quiſquis nolet
64 321 755 371 Iuuenum fauere luſibus: paruis quidem,
63 372 657 422 Sed qui referre imaginem rerum ſolent,
64 422 693 475 Quibus eſſe nil vfilius aut grauius potest.
18 477 747 522 AP. Adde illud etiam Mercuri: iuuenes ſcient,
63 528 734 574 artem inter ac te, nec ſimultatis notam
65 581 662 626 Leuem eſſe:nullo vincla amoris tempore
67 633 746 679 Vmquam ſoluta. artiales qui ſtudet
29 685 680 732 Cpiſci honores, litteras pulchras amet:
68 737 676 783 Hæ ſunt alumnæ pacis, & bellum iuuant.
20 789 838 839 MER. Et forte, quando Martis in formam Dolus
67 841 682 886 Se vertet, ore ſimilis, atque armis nitens,
62 892 635 944 Quæ militantum vera fulſit gloria,
61 943 672 991 Quæ falſa rurſus, fabula oſtendet breuis.
63 997 704 1044 Nonenſis auro fulgido incluſus, iuba
63 1048 658 1097 Non verticis coruſca, non oſtrum rigens,
63 1101 678 1147 Non ære quadrupes tectus inſultans ſolo,
21 1152 733 1202 Glomeranſquegreſſus, ore dum ſpumas agit.
65 1205 611 1251 Fecere fortem militem. VVis pectoris,
66 1256 677 1302 Prudentiæque, & vſus armiorum vetus,
69 1307 683 1355 Qui ſit paratus prœlio oſtendunt virum.
70 1361 629 1407 Non ille rebus timuit aduerſis, neque
69 1412 691 1458 Tumuit ſecundis: verba non iactat: ſilens
46 1463 734 1512 Spiranſque robur, vadit in pugnam trucem,
66 1516 865 1564 Reditq victor. AP. Igitur hunc reliquum diem,
30 1566 662 1612 Si fert voluntas, frater hic ponas licet.
66 1611 705 1666 Mihi alia ſunt agenda:quo velox ferar.
608 1677 681 1713 RS
836 1678 957 1712 Et
