1125 2046
486 155 913 198 PHIL OTIMI
254 167 329 196 66
319 218 888 267 Et ecceLiuor triſtis, ac pellax Dolus.
266 271 992 320 MER Cedimus: vterque vtatur ingenio ſuo
306 465 1076 568 I VO I I I V .
432 614 980 663 V O, LIV .
438 690 1013 738 VIS iſte fronti mærorexangui ſedet
438 744 1064 791 dρναοονονa ντη,
438 797 1088 843 Squallente cultu corpus, & anhelum tona
322 847 1023 897 Gliſcente flamma pectus irarum impotens,
322 901 1010 951 Oculiſq pendent lacrimæs eſt quicquid mali
320 954 1023 1006 Quod te premat, dic Liuor: agnoſcam modo,
322 1005 1006 1048 Solamine & re iuuero. LI. Non ect nouum
323 1059 978 1106 Mærere nobis: cauſa mæroris noua eſt:
324 1113 1006 1160 Hanc te latere, amice, quærentem, nefas:
324 1165 934 1203 Forte & iuuabit. nota tua virtus mihi
325 1217 958 1255 Dole, & voluntas. Vtar auxilio tuo.
272 1267 1050 1317 DO. Non fruſtra erit. Sed fare, quid tandem malt
327 1320 980 1369 Tibi eſt LI. quod aliis eſſe proſpicio boni.
326 1374 1011 1422 Hæc cura carpit viſcera, hæc ſomnum vetat,
325 1426 978 1473 Hinc membra robur deſerit, vultum color.
326 1478 1001 1529 Quod tu, ſi amico quam vales afferre opem,
327 1531 892 1578 ODifſerre noli. Gratia eſt iucundior,
327 1584 922 1631 Benignitas cum dantis exemit moram.
277 1634 1051 1691 Po. Expone quid ſit. LI. Scindere olorem iubes.
1052 1695 1110 1725 Do.
