1125 2046
431 162 944 214 P HI L OTIMI
279 164 337 194 268
329 213 1002 268 Vireſque eundo acquirit. ah iuuenis modo
327 270 927 316 Deſciſcat ad nos. triſtia facilius feram:
282 323 876 370 Plureſque forſan vnus alliciet mihi.
317 374 1058 431 Eſt aliquis impellendus. DO. Immenſus labo
289 427 966 476 Seſe obiicit. Mercurius ingenij parens,
327 479 998 527 Et litterarum, corda quæ inuaſit ſemel,
325 532 920 581 Non deſerit ita facile. Sed clauus fugit
263 584 1036 636 Trudente clauo. ad gloriam affectat viam,
322 636 1000 687 Monſtreturalia. Atlantis abſiſtet nepos.
323 689 1094 740 Eſt leuior aura iuuenis. LI. hoc multi ferunt:
323 742 947 790 Ego acre lumen ferre non contra queam:
325 793 1018 842 Grauat alienus fulgor. DO. Intendam dolos
266 843 1067 894 VVeteri arte: verum est ſocius addendus mihi,
323 897 1039 948 Iuuenumque morum conſcius. Non ſunt doli,
324 951 900 998 Doli, niſi aſtus coluit, & fiunt palam.
183 1004 999 1054 LI. Sitire fontes dixerim. comitem Dolus
322 1055 888 1103 Quærit ſtruendis fraudibus pueritiæ.
323 1108 930 1162 Te amiciorem credidi iam ſat tuus
322 1154 969 1209 Notus amor eſt. non falis:anguſtus manu,
321 1213 922 1262 Sermone largus. multa iactabas modo,
323 1265 923 1315 Quam glorioſe, & ampliter. Vbi perfici
299 1318 996 1366 Promiſſa tempus eſe cognoſti hoc breue,
324 1370 942 1420 Vbique ſit res noſtra: ſic nempe vt mala
240 1420 854 1470 Aliena ridens differas, auidi & diu
320 1475 977 1524 Sim in ore vulgi, & pluribus ridiculo,
322 1527 891 1580 Me deſeris. ſed iſta non tacitus feram.
320 1579 966 1629 Quacumque poſſum, laudis inimicus tuæ,
319 1631 1086 1683 Illam obteram, proniſque multorum auribus.
1032 1690 1093 1722 Do.
