1143 2046
217 130 632 196 ACTVS PRI VS.
798 167 858 199 273
57 202 664 255 Tamen ab vtroque noſtra dependet ſalus,
52 254 574 303 Iucundior futura, quo inſperatior.
13 307 742 363 Do. Mittamus hunc. ſed iſte quis iuuenis Typhe
52 360 785 406 Dic age. TY. Volentem commones. mores vide,.
54 412 727 461 VVultu arrogans, & voce: ventoſus, leuis,
52 463 683 516 Idemque ſegnis: carpere alienum bonum,
53 514 664 568 Augere ſi quod ſpecimen, aut ſpeciem boni
55 567 623 616 Habere credit: inuiduſque, C liuidus:
59 618 588 669 Vt mnirer eſe incognitum Liuor tibi.
0 665 582 721 DO. Coloribus non poterat eſfingi ſuis,
52 724 630 773 Aut cogitari mente vaniloquentior,
52 774 571 823 Vel ſtultior. Sit iſte, non vnus duos
52 827 774 882 Feret arma contra. ceſſerit. LI. iam nunc tenet
42 881 847 943 SSpes aliqua. DO. ſed quod nomen eſt iuueni Typhei
14 930 740 987 TY. Philotimus. DO. ille pinguior, criſpus, ruber,
49 983 620 1030 Intentus vſque & vſque curandæ cuti,
51 1036 666 1091 Cui litteris ſtudere & inuiſum e graue,
50 1089 650 1138 Dormire pulchrum: nulla cui fulſit dies
51 1140 623 1191 Labori amica, niſi trigonalis pila
51 1191 807 1251 Quem ferret? TY. ille. LI. cognitus nemo magis.
54 1241 614 1297 Affticta ſed mens quæ ſcit obliuiſcitur.
56 1295 693 1347 Philotimus eſt. DO. at iſte præceptis meis
19 1347 638 1397 Se præbet vſa, ſedulum: ita ſollers dolos
56 1399 679 1451 Fraudeſa, comminiſcitur, fugitans ſcholæ
37 1450 587 1501 Et ſcriptionis. ſæpe ſimulauit caput
39 1497 606 1549 Dolere, ſæpe ſerico inuoluit manum,
53 1556 648 1602 Ne cogeretur ſcribere. ad ludum libris
54 1607 680 1659 It racuus: aut ſi forte quis famulus ferat,
770 1659 857 1707 Nec
1020 1926 1079 1979 I
