1125 2046
202 122 674 173 ACTVS PRIM VS.
819 156 926 190 127
72 194 663 243 Inimicus ile eſt peßſimus:quem nec ſcias
33 246 674 297 VVt apprehendas facile, vel mittas manu.
68 298 683 353 Sed magna res neceſſitas. quod dat, modo
68 352 807 404 Quocumque, capio. O quantus est animo metus,
67 402 629 453 Ne nil agatur, requetandem cognita
67 455 705 506 (Nam deni patent omnia, occultes licet)
69 505 601 557 Habear loquaci fabula adoleſcentiæ:
71 557 616 605 Pudori amici, hoſtibus ludibrio
71 608 704 660 Semper futurus. Sed quid Auſtrum verbero
69 661 631 711 Stultus, nec ipſe rebus interſum meis?
67 713 727 765 Quicquid geratur, cernere eſt animus, ſimul
66 766 683 817 Aliquid iuuabo. ſi induet Martem Dolus,
66 816 782 868 Ego iuuenis ſpeciem induam, & quantum ſciam
61 869 701 919 Me accommodabo fabulæ. Si quid voles
60 921 636 971 Infectum, amicis credito. Si quid voles
58 973 677 1022 Factum eſſe, tute enitere. ergo ibo, magis
59 1024 759 1078 Vt ſim paratus tempori, & timidus minus.
57 1077 612 1127 Rebus gerendis, cura præſentes minor:
59 1128 664 1178 Timorque maior ſemper abſentes habet.
240 1241 613 1281 C H O R V S.
60 1422 465 1470 O melle reſperſum doloſo
59 1475 475 1513 Dulcis amicitiæ venenum.
10 1530 557 1581 Quo te vocabo monſtrum inamabile
66 1580 647 1631 Cælo, atque terri? nomine quo feram?
737 1639 854 1674 Cui
619 1645 661 1689 S
