1144 2046
499 173 925 209 PHIILOTII
278 172 406 225 278
298 228 1124 289 Quid cum per agmen graditur, & euntem ſimul
298 281 1087 337 Oculi ſequuntur omnium? pugnam feram
330 333 1000 387 Princeps laceſſit, & enſe recludens ſibi
303 388 907 431 Inter iacentes, & reluctantes, viam,
301 439 906 492 Spernit iacentes, & reluctantes ferit:
289 491 1018 544 In bella donec media peruentum eſt, vbi
331 541 981 595 Exercitus ſe addenſat vtrinque, & pedi
332 597 953 650 Pes galea galeæ ſe implicat, capiti caput:
303 647 1038 702 Tum, quis furor, quis terror, & quantus cadit
316 701 992 752 Imber cruentus quanta fit ſtrages virum,
302 754 982 807 Cum dubius vtri Mars ferat victoriam,
333 807 1021 857 Et hinc & hinc oberrat, & gaudet duces
334 858 928 912 Sudore fuſo, & ſanguine, alieno & ſuo
330 913 997 961 Pariter madentes? Sed quod irterea putas,
249 961 958 1015 Et quale menti gudium, vt victor ſtetit,
324 1016 959 1066 VViditque aceruos corporum, cum ſordidus
291 1071 924 1119 Non indecoro puluere extollit manum
333 1120 905 1172 Ferro potentem: cum fugatis hoſtibus
334 1174 1090 1230 Superba torquens lumina, & quaſſans caput.
334 1227 933 1278 Qualis patrata cæde magnanimus leo,
335 1279 959 1329 Ad caſtra tardis paſſibus vertit gradum?
315 1331 1046 1384 Tum dextra dextris iungitur lætantium,
253 1383 891 1432 Inflanturæra, & fortis, & felix diu
337 1434 1076 1485 Clamore læto extollitur: fama hunc celer
337 1488 969 1538 Totum per orbem prædicat. non est honos
266 1539 936 1591 Philotime par, æquale non vllum decus.
333 1592 993 1645 .ortale quid cum maior inuidia genus
334 1646 961 1698 Relinquit, & fert proximum cælo caputè
1079 1699 1128 1729 Hot
