1122 2046
175 153 849 193 ACTVS SECVNDVS. 2i
59 212 745 265 Quid hoc LI. ſe in armis miles oſtendit duci
58 263 822 316 Quæ pompa viſa? PHI. Illuſtris, & nimium mihi
59 317 557 363 Felix viderer, vnus ex illis forem.
56 363 803 420 Quod ſi micantes cernere, & pugnam manu
55 419 570 468 Detur ſerentes, illico addictum ſibi
57 472 717 517 e Mars habebit. LI. ecce ſic feri iubet.
13 524 686 572 PHI. Valete ſegnes litteræ: Martem ſequor.
61 577 636 628 Superbe belli rector, & honoris parens,
58 628 655 677 Ni iuſta temnis vota, ni iuuenum preces
55 681 690 730 Spernis petentum, pectus hoc non degener
53 733 688 778 Dono tibi, dicoque. cupientem vides
53 785 612 833 Non parua. ſi fas, eſſe me partem tuæ
53 836 569 886 Iube cohortis inclytæ:dignum feres
52 888 784 937 Quodquod periclum feceris. DO. Iuuenis decus
53 941 729 988 Nobis futurum, iunge nunc manui manum:
53 992 760 1040 Et quam dediſti, mutuam accipito fidem.
53 1044 624 1091 Non indoles me fallit: & ſimilis decet
52 1096 567 1145 Fortes cupido. talis ad famam via
53 1148 646 1198 Pleroſq, duxit. perge, c audacem para
53 1191 785 1249 Ad magna mentem præmia: æquales petant
57 1251 785 1300 Eadem, velint, audeant: ſudent tamen
58 1304 691 1351 Fruſtra, & laborent: tua mirentur licet,
57 1353 759 1401 Non æmulentur facta. iam noſtro e oreoe
54 1405 646 1454 Regimen iuuentæ fidus addetur comes.
57 1460 650 1506 Ric magna te docebit armorum rudem,
59 1511 569 1559 Grauiſq, belli. talis eſt olim datus
56 1560 649 1606 Phœnix Achilli, Troia dum cecidit fero.
43 1611 687 1666 Euerſa ferro, e Ilium incubuit ſibi.
796 1669 864 1713 Vx.
