1133 2046
196 148 872 212 ACTVS SECVNDVS. 28;
83 204 750 264 Ferienti hæc ars prima: mucro immergitur,
79 258 713 311 Nec viſus ante penetrat, & mortem tulit
76 312 693 355 Adactus alte:hæc inter, eſt tutum tibi
75 361 737 417 Tectum, corpus, ab hoſte nec metuit minas.
29 415 685 469 PII Iam doctus eſſe videor. vt pugnæ dari
75 466 639 518 VVocale ſignum, & arce tolli ex ardua
77 518 679 575 Inſigne vellem. TY. miore tyronum caue
78 572 860 630 Faxis. PHI. quid iſti TY. vt arma ceperunt manu,
74 623 685 678 Nil melius eſſe, aut dulcius bello putant:
69 675 677 732 Iidem, tonante Marte, cum ſfluxit cruor
67 725 646 780 Enube ferri, & pluuia telorum cadit,
70 774 627 831 Optata damnant, otij & pacis bona
63 832 740 877 Sero inuocantes. PHI. eſſe communi e oreoe
62 883 685 937 Nos rere iuuenum? melior aſpexit Deus,
63 934 681 987 Vel primo ab ortu. Forſan, & tales viri,
62 989 804 1039 Quos Mars, Honor, ſeoreoant. TY. rarum decus.
15 1039 786 1097 PHI. Sed nunc quid obſtat, quo minus Marti patri
60 1088 789 1147 Me oſtendam in armi? militem agnoſcet ſuum.
16 1143 635 1196 TY. At experire, recte an incedas prius.
13 1193 701 1247 PHI.Ita ne putas? ſapienter & recte mones.
63 1245 805 1301 Sic gradiar ergo. me inſpice. TY. at lente nimi,
64 1297 605 1351 Et otioſe ingrederis: haud iſto modo
66 1351 754 1406 Te promoues Philotime: quin paſſum moues?
12 1402 859 1460 PII. Age nunc, vide vt me corrigam. TT. nimit es celer:
60 1452 680 1508 Hoſtem videris fugere. In inceſſu modus
59 1504 806 1559 Medius tenendus. PHI. Error ad rectum trahit.
57 1556 698 1612 Quin tu magiſter, facto, & exemplo doce.
53 1607 806 1673 Aoc pluris eſt, quam verba. TY. matura gradumi
793 1685 854 1716 Hac
