1147 2046
475 151 916 184 PHIILOTIMI
254 164 315 192 A90
251 209 901 257 TY. Ignaua pax inertiam turpem parit.
253 260 1018 308 CALPer bella, honeſtas artium, & nomen cadit.
255 314 1020 360 TY. Sed dic, honos quis pacis, & quod ſit decus.
256 366 1005 414 CAL.Quod litterarum ſtudia, quod libri ferunt.
257 418 938 465 TY. Procul iſta muta ſtudia, voces mortuæ.
259 472 939 517 CAL.Facere diſertos illa, & æternos valent.
258 525 914 571 TY. Lætos ſecunda prœlia æternant viros.
259 577 993 624 CAL.Premuntur atra nocte, ſi chartæ ſilent.
259 629 1018 679 TY. Ni ſint, gerant qui fortia, quid iſti cananti
259 681 1023 733 CAL.Ni ſint, canant qui fortia, quid iſti gerant?
215 733 1065 785 TY. Quid? cum triumphus agitur, & victor reditt
260 785 900 835 CAL.Breui triumphi gloria expletur die.
261 841 962 890 TY. Senecta tandem honora vincenti datur
254 890 1019 942 CAL.Quotus iſtes blandæ litteræ educunt ſenem.
261 945 940 993 TY. Vix oppido genitique bene notum ſuæ.
263 998 960 1043 C AL.Toto ſed orbe nobilem, atque æui decus.
263 1050 888 1092 TY. In otio æuum ducit incluſus domi.
263 1102 973 1149 CAL.Terras penetrat liber, & cælum petit.
262 1155 913 1201 PHI. Nullus ne finis iurgij? hic ſe exercuit
230 1206 1021 1256 erus ſophiſta: vt quicquid obiicitur, ſciat
286 1260 889 1308 Præſtigiis diſſoluere. ad Martem cito,
293 1312 822 1361 Si vis, eamus: iſte linquatur puer,
314 1365 1100 1414 Quem bella, & arma, & mortis exanimant metus.
263 1418 997 1465 CAL. At tu puer, Philotime, quem fulgor leuis
313 1471 897 1517 Ludibrio frangendus armorum capit.
312 1523 1026 1568 Huc molle denique otium, ac mentis tumor
312 1575 834 1620 Euaſit. o iuuenta viuendi rudis,
310 1627 851 1675 Inanibusque facilis: o ætas fugax,
992 1688 1097 1729 In quot
