1156 2046
201 156 670 192 ACPVS TERTIVS.
817 162 937 195 2t
63 209 735 264 In quot pericla, & quanta praæcipites trahiis?
63 263 714 321 Etſi illa non culpanda, nos iuuenes ſumus.
63 316 552 359 Idonea ætas rebus, & vires bonæ.
66 368 589 416 Abutimur nos ſcilicet noſtro malo.
67 418 787 473 Et ſunt tamen, ſenile conſilium qui habent
67 470 723 518 Teneris in annis. Nempe natura hoc tulit,
71 525 764 573 Bonum, malumque vt capere mortales queant
70 576 632 625 Arebus iiſdem: tale ſit formæ decus,
70 629 626 679 Rerum poteſtas, & valetudo integra,
71 682 637 732 Opumque vis, & gloriæ: tales quoque
72 730 633 776 Nobis amatæ litteræ: damnes, probes,
74 782 705 834 Vt vſus eſt habentium:ætatum eſt idem,
1 834 634 887 Vt cogito, iudicium: vt ex ſeſe bonæ
74 884 680 932 VVideantur omnes: qualis vtentum fuit
74 934 802 986 ,Mens, tale & ipſæ nomen, aut crimen ferunt.
78 987 792 1042 Quid imperito iuuene, & audaci, & fero,
78 1036 824 1093 Magis execrandum?quid verecundo, & probo,
78 1096 708 1144 Scientiæque, & moris antiqui, vt tenet
80 1145 638 1194 Animum cupido, gratius fingi potest?
80 1195 779 1243 Hæc mens mihi eſt, opinor, a vobis data
85 1252 681 1294 O Cælites: tuemini incolumem, precor.
82 1297 747 1351 Fruſtra laborat terra, ni cælum iuuat.
38 1367 861 1437 ALLISP VS, LIR., PVER.
35 1456 884 1547 ED HIN quis exit? LIOR,ter, quaterque,
121 1506 314 1553 amplius
63 1559 829 1604 Iuuenis beatus, dextra quem Martis potens
96 1609 695 1662 Supra ſodales euehendum ſuſcipit:
585 1645 896 1704 3 Oquos
