1139 2046
453 170 912 205 P HI LOOIMIII
265 172 323 208 296
312 225 1015 273 Qui ſapere melius docuit, vt mentem bonis
318 281 882 322 Des imbuendam titteris, & moribus.
261 330 969 381 CAL. Donum mihi tu præcipe, vt grates agam,
311 386 911 433 Nec ipſa viſam templa vacuus munere.
258 440 979 485 M ER. Puras Deus, on reſpicit plenas manus.
259 492 930 537 C AL. Ego pietatem rebus in cunctis colam.
259 544 1022 589 MER. Rerum ſcientiam adde: non paucos vides
233 596 924 644 Comites honeſti conſili, ingenio pari,
309 648 952 700 Studioque ſimiles: æmula accendant face.
310 702 865 747 Honoris æmulatio eſt pulcherrima.
234 755 947 803 Nam quod dedit mortalibus donum Deus
311 807 971 852 Præclarius, quam iitteras? & quod bonum
230 860 910 907 Huic comparari poſſit animos excolit,
309 907 941 959 Politque, vitiis purgat, & tradit modum
309 963 1046 1015 Superos colendi: hæc prima virtutum eſt via.
309 1017 875 1066 Natura dociles ipſa, non doctos facit.
308 1069 983 1117 Ergo, vt donum qui condere excelſam parat,
309 1121 874 1167 VVt alta fundamenta iaciantur prius,
307 1173 957 1222 Prudens futuri cogitat: in homine eſt prior
306 1226 885 1277 Pueritia inſtituenda: nam qualis fuit
277 1279 826 1326 Hæc, eſſe tota vita non dubie ſolet:
308 1334 891 1370 VVt mane clarum lucidum ducit diem.
309 1384 896 1433 mo parentes, qui magiſtris liberos
307 1439 909 1484 Dant educandos protinus, mores malos
305 1490 867 1536 In otio ætas tenera ne addiſcat domi.
306 1541 985 1590 Retinet odorem teſta, quo imbuta eſt, recens.
219 1596 1049 1642 CAL. Numquam, pater, materque, vobis gratiamn,
312 1648 949 1698 Qui ſis ſtudetis me inſtrui, referam parem
1057 1706 1102 1737 Vos
