1126 2046
493 138 920 175 P HI LOTIMI
265 152 330 188 00
311 192 967 244 Quot capita, tot ſententiæ. Cuique eſt ſua
306 246 918 296 Regina regi pulchra. ſunt quorum capit
308 298 881 348 Auri libido corda: pars regum terit
309 350 942 398 Limina potentum: dulcis huic vita tenor
309 402 914 451 Ciuilis, illi ruſticæ: artem ferum
315 454 1060 507 Multi expetunt. Philotimus hoc albo ſuum
311 506 873 557 Inſiripſit vltro nomen: a puero mihi
309 559 853 600 Fuere amicæ litteræ, & mores boni.
310 612 904 664 In vtramque curam ducor affectu pari:
302 664 984 714 Sed magis in hos. Quid litteræ ſine moribus,
310 716 895 770 Niſi vaſe in acido conditus dulcis ſapor
309 769 884 818 Vitiandus illo? pectus hac arſit face:
311 821 930 871 Alimenta præbet vita ſapientum virum,
310 874 961 923 Sapiens piorum oratio, quippe haud minus
217 927 993 977 Exempla, quam præcepta, diſcentem docent:
311 980 562 1027 Et efficacius illa.
320 1073 1058 1128 APLISIVS, MILES, DO.
319 1074 688 1096 TSIPI OIXO
399 1133 967 1181 YSIILOTIMVS,
399 1135 623 1160 τI TI
601 1193 803 1213 TYII
548 1194 818 1232 MILIIES.
252 1261 746 1349 ON LONE hinc tubæ
348 1307 1061 1362 IQui ſonitus? an Mercurius hoc ſignum dari,
307 1365 850 1414 Et colligi a tubicine victorem iubet?
307 1417 780 1471 At inſolenti miles inceſſu venit
304 1468 972 1520 Pulchris in armis: faſtus ex ore emicat:
306 1523 863 1571 Philotimus illi ſimilis acceſſit comes:
305 1574 934 1624 Artus ſtupentes horrido torpent metu.
256 1625 1004 1677 tL. Audite. ars ſilentium poſcit manu.
1031 1682 1098 1712 DO.
