1145 2046
234 159 670 219 P HI L O.TIM I.
752 172 882 225 3oi
30 217 764 274 PHI Cogere. CA. Cogi ſed voluntas non poteſt.
31 272 833 318 PHI. Armis nocebo. CAL. Inermi, & imbelli, nihil
76 325 714 368 Prohibet, nocere militum armatas manus.
29 376 783 431 PHI. Ita fit. CAL. Inique hoc euenire intelligo,
74 427 650 476 Vt ſint minores præda maiorum greoi:
73 480 661 528 Sed me Deus reſpiciet: is fandi memor,
71 531 824 588 Memor & nefandi. PHI. mitte iam ſapientiam
71 584 829 633 Inutilem inter arma. CAL. Quid ſtultum modo
72 634 638 684 Tu te negabas eſſe Sed nunc veritas
72 686 762 734 Confeſſionem extorſit. PHI. ohominis, mihi
71 737 709 792 Hæc exprobrass in carcerem vinctum rape.
59 800 892 871 ALLISIVSMERCVRIVS.
86 806 416 831 STTTOIO
227 866 697 931 PHILOTIMVS.
15 933 848 1016 MERCVRIſuccurre. MERQuid hic intuor
104 981 687 1039 Vite peſtes, petite præcipitem fugam:
72 1036 827 1093 Etiam ne ferrums conde. iam ſiſte hic gradum.
70 1084 800 1149 Quid hoc fuit Caliſe CAL. noſter transfuga,
70 1138 710 1195 Dum iuſſus ipſe opperior aduentum tuum,
74 1191 651 1242 Puerile Martis ludicrum hic exercuit,
75 1242 639 1295 Et me volebat cogere, vt ſocius forem.
22 1294 913 1358 MER. Sed tu quis es? ne difſeras. PHI. Martem rog.
20 1346 825 1411 MER. Meum ne fratrem? PHI. ipſius hic partes gero:
68 1396 584 1448 Abſente ſe me fecit hic belli ducem.
19 1446 829 1508 MER. Tu dux? vbi eſt exercitus? PHI. cernes, ſimul
73 1500 733 1556 ars noſter aderit vltor, & pœnas petet.
18 1549 872 1614 MER. De fratre, frater, pro extero PHI. Praæponitur.
72 1602 615 1653 Neceſitudo ſanguini: ſrater datur,
761 1670 884 1722 Legitur
