1145 2046
213 164 680 217 ACTVS VARTVS.
835 164 900 212 307
90 219 746 271 Comprime ſuperbos ſpiritus, mentem doma,
85 273 753 323 Et irnprobum cupidinem. Haud capiunt doli
86 325 674 376 Modica ambientem. Tutior paruo ratis
83 376 745 426 It amne, & vndas metuit, & ventos minus.
36 427 778 476 PHII. Honor ſequatur: mente nemo hunc eximet;
89 479 717 528 Dum vixero. MER. Virtutis afſectu cale,
81 531 774 584 Sequetur vmbra. PHI. pareo, & dedo manus:
82 581 720 634 Quicumque ſis, honeſta ſuadentem ſequor.
237 803 637 846 C HO RVS.
34 863 711 949 B DDICTvu νitii eſt hominum genus,
141 916 646 967 Vt natura malo ſe ſinit impetu
86 970 404 1014 Iam corrupta rotari,
82 1019 446 1066 Nec lapſas reuocat vices.
31 1070 547 1119 Felix, qui rapidis fluctibus obſtitit,
18 1121 514 1172 Et ſeſe celeri proripuit gradu,
77 1174 463 1222 Quem non fœda voluptas
61 1225 423 1273 Merſit gurgite turbido.
27 1278 578 1326 Non lonoo ſpatio proximus eſt comes,
60 1330 584 1381 Qui ſe præcipiti ſubtrahit æquori
44 1382 468 1434 Et ne abſorbeat vnda,
80 1432 524 1489 Portum fortiter occupat.
529 1673 884 1731 I ACTVS
