1145 2046
233 165 664 189 2AAII οYA6
844 174 903 208 30
223 182 677 208 AV INI V -
103 226 679 278 Linquenda fuit, vt intereſſem fabulæ,
95 278 744 329 Nodumque vindex ſoluerem? frater rogat,
93 330 717 384 Rogatque iuſte. Eſt aliquis inductus, mea
92 381 759 433 Dum caſtra, dum ſtipendia putauit ſequi?
89 433 796 488 Spolia ampla: captus iuuenis imprudens, rudis,
94 487 716 538 Quem vani honoris aura complerat leuis,
92 538 697 590 Oſurus auide, temere quod dudum petit.
91 591 668 642 VVlciſcar: at non viribus contra Dolum
92 641 639 694 Opus, nec armis. Arte vincatur ſua.
94 692 681 746 Paria eſſe debent arma depugnantium.
94 744 759 797 Victum ſequatur pna, ſed parua, & leuis,
35 796 693 849 Similiſque culpæ: exutus armis non ſuis,
97 848 765 902 Riſum videnti moueat, & iuuenem expleat,
93 901 711 953 Qui verba noſtro nomine indignans data
94 953 627 1005 Sibi eſſe, ſeuit ira, & irriſus tumet.
96 1006 562 1052 Nil vltione dulcius læſus putat.
128 1065 826 1128 TYPHVS, LIVOR,MARS,
348 1129 606 1169 DOLVS.
46 1196 831 1288 VRPEeſt relictum militem in pugna nouum:
127 1247 890 1296 Dolus dolebit grauiter. LI. & iure id quidem:
93 1298 675 1349 Promiſſa non hæc nuper abſenti data.
41 1349 846 1403 Quod ſi affuiſſem. Tx. tuquoque agitaſes fugam.
43 1402 638 1451 LI. Pericula metuquiſque metitur ſuo.
44 1450 719 1506 TY. Et primius. isqui fuerit, haud potui ſatis
98 1505 660 1556 Clare intuert: fulgor ex oculis procul
99 1558 758 1607 Terrificus eminebat. LI. At cernis Dolum?
97 1609 903 1660 Reſciuit. TY. eſt ofſenſus. MARs. o timidum gregem.
553 1656 908 1706 V TY. Ignoſee
