1133 2046
459 148 902 184 PI LOTIMI
167 154 334 193 3I0
246 195 1108 255 TY. Ignoſce amice. MARS.Quis me amicum nominat?
300 258 892 304 TuMarti amicus? odit ignauos, leui
297 307 1064 358 Lingua ſonantes magna. TY. Quid iuueni fuit?
297 360 1050 409 Quo ductus eſt M ARS. id quæris s o cuſtos bone.
244 414 1016 464 TY. Deum eſſe credidi, Arma quis contra Deum
295 462 1027 514 Ferret minantem? MARS, iratus eſt ergo Deus
296 519 922 564 Tibi ſuperbes TY. Rurſus intentet, ſemel
294 572 1078 620 Geminum piabit facinus. MARS. aduerſum Deos
294 624 1073 672 Compeſce linguam, carnifex. TY. factus ſatis
282 676 977 723 Ifte eſt proteruus. vt iacit tumidas minas.
237 730 900 776 LI. Mars cpit eſſe, & vtitur recte dolo.
238 781 929 828 TY. Simulata ſunt hæc verba: ſin aliterrear,
289 833 928 884 Et eſe nobis pectus, & gladium ſciat.
234 885 954 935 LI. Quin experire, & verba vaniloqui domas?
234 939 942 987 TY. Commiſſa veles paria pugnantum bonus
224 991 964 1040 Laniſta: minime fallis. LI. vt timidus ſapit:
203 1043 893 1094 Sed huc quis armis ſeptus inuadit viam?
289 1096 1064 1141 VVerus ne Mars? TY. periimus: heu Martem horreo.
227 1149 1082 1196 MRs. VVbi eſt TY. euntem cerne. MARs. ars pro-
295 1200 517 1249 pior tibi eſt.
228 1253 1004 1302 TY. Es dignus iſto nomine, atque animos geris
195 1305 985 1356 Vel Marte dignos, Liuor abſceſſit. DoL. Typhe
277 1356 1080 1405 Accede. TY. Quis meDo. Non tuũ agnoſcis Dolum
223 1411 935 1462 TY. Eheu, Dolos hic vereor, aut Martes duos:
274 1463 984 1512 Timorque quaſſat corpus, & mentem impedit.
217 1514 1008 1565 MARS. Non eſt nouum tumentis ingenium Typhi:
269 1567 878 1617 Inflatus ante prœlium, in pugna ugax.
214 1618 995 1672 TT. Nec quem ſequar ſat conſtat, aut vitem magi.
864 1670 1075 1707 Do. t
