1145 2046
216 167 669 211 ACTVS OVINTVS
825 181 872 220 3
27 220 740 273 Do. Animus latet facientis, at factum patet.
28 273 690 326 MER.Secreta mentis, exteræ pandunt notæ.
29 322 633 373 Do. Altos receſſus & latebroſos habet.
27 375 681 429 MER.Sed ocyus, vel ſerius, prodit tamen.
27 428 761 480 DO. Stultitia ſit proferre, quod tacitum iuuat.
26 479 693 532 MER.Magnum ſcelus latere non potuit diu.
25 532 728 585 DO. Pœna interim differtur, & ſpes eſt fugæ.
25 584 713 634 M ER.Dilata quamuis pœna, non pœna caret.
26 636 833 688 Do. Quis admouet tormenta? MER. Conſcientia.
26 689 793 741 DO. Quæ ignota reliquis pœna, non pœnam puto.
23 741 848 791 M ER. Hoc grauior est, quo interius exercet malos.
24 792 846 845 DO. Nomen maculat illuſtre, qui angorem timet.
22 842 689 894 MER.Illuſtre furum nomen, ac venerabile.
23 897 839 953 DO. Commune ſaltem in omne viuentum genus.
23 947 687 999 MER.Scilicet agreſtes victitant rapto feræ.
20 1001 842 1056 DO. Homines & ipſi:quando homo eſt homini lupus.
21 1051 714 1102 MER. Omnes ne furessdebitas pœnas dabunt.
22 1103 680 1153 DO. Maior minorem ſæpe ſupplicio aficit.
20 1155 670 1205 MER.Vter pocandus es malorum peſſime?
19 1206 762 1259 Do. Quando male hoc ſucceſſit, appeller minor.
20 1260 823 1313 MER.Danda igitur eſt & pœna, quam leges iubent.
20 1309 648 1359 DO. Si te fateris eſſe furum maximum.
20 1361 716 1413 MER. Tace, ſceleſte, & impie, aduerſum Deos.
20 1415 762 1465 DO. Quibus eſt ratio, & oratio communis eſt.
19 1467 642 1518 MER.Fuere quæ dicenda. iam dixi, ſile.
19 1518 686 1568 DO. Auditus es. ne audire dicentem fuoe.
20 1570 740 1618 MER.Nimium es diſertus: ede quod nomen tibi
19 1619 631 1679 Do. Quaſi fugitiuu iſte celarit priu.
784 1690 874 1721 PHI.
