919 1251
50 8 559 34 S EBECIAS TRAGOEDIA. !
1 35 308 58 ſus aheno, ſera non uno.
1 58 354 83 Obdit ferro, contrita jacent.
5 80 294 105 Soliti portis jura ſub altis
5 102 416 127 Rddere proceres, nunc illa timent,
7 125 340 150 Quæ dat victrix jura libido.
11 148 342 173 Heu ubi ſanctæ regula legisſ
11 172 366 195 Vbi fatidicâm carmins vatum!
13 194 324 218 Populo nullus ventura caxit,
17 216 331 241 Aut ſua vanus ſomnia nartat
1 239 336 263 5Rigidis tecti corpora villis
20 262 325 285 Iacuere ſenes, tepido crinem
20 284 365 309 Cinere ſparſi; prohibet nullus
22 306 366 331 Hoc de Solymis ſumere victor.
25 330 324 354 Virgo pudicas laniata genas,
2 352 358 377 5 Virgo ſolutas lacerata comas,
28 374 352 397 Patriaæ ſeſe in pulvere verſat
55 396 354 426 Tabida longo lumina ſetu
31 419 311 447 Acitsſenſim tenuata fugit.
30 441 336 467 Intima torquer viſcera luctus,
1 465 399 493 lo elleum amaras jecur in lacrymas.
34 489 358 514 Abit effuſn, termamq́ue rigat
34 511 381 535 Dum tot in unam congeſta diem
34 534 336 560 Mala ploramus: cùm depoſiti
38 556 378 584 Solymæ propter compita paſſimn
1 581 347 606 25 Pueri dulces linquunt animas;
41 602 337 628 Preſſoque infans ubere fruſtrâd
43 626 341 651 Moritur primo in limine viæ.
68 648 396 673 At quibus ætas gmaodior os jam
48 671 373 697 Vocemque dedit; Heu ubi panisI
1 695 390 723 n90 Heu ubi, mater optima, viuum eſt!
48 717 370 743 Miſeri clamant ; voceq́ue in ipâ,
48 740 365 766 Deſecta calor membra relinquit.
48 765 371 789 At ſi qua pio natum eanimem
48 787 406 811 Fovet amplexu, gremio hic matris
7 809 351 834 295 Animam reddens colla reclinat.
66 832 384 854 Quibus aſſinilem tua ſama Sion?
52 855 371 880 Quibus exemplis relevare parem?
52 877 471 903 Miſeri miſerom hoc ſolamen habent
54 900 343 925 Similis ſocios memorare mali.
13 922 342 948 400 At nemo tuis tladibus uſquam
57 947 372 972 quando tulit Premeris toto m
58 969 405 994 Obruta Pons, nec opem in tantis
58 991 368 1017 Quiſqnam ærumnis ferre laborat.
39 1012 418 1037 QQis ſerre tamen ( fac velle queati
19 1036 301 1062 305 Somnia vates delira ribi
59 1054 420 1084 Cecinit blandus, nimiomq́ue ſaves
60 1079 352 1107 Selera obtexit: nemo ſalubres
60 1100 566 1135 Gtmitus moris, quibus inſenſum movidæ.
