890 1291
45 1 656 59 s2bECIS TRAE0IA. 2e!,
1 27 415 63 0 Videx poteſtas. quod coli Numen jubes,
19 54 357 85 Si nemo novit, fi ſceleſtis inteerum
24 70 424 107 Addit. & utroſvis fulminum aſtatu petit?
14 90 509 129 IER. Document in inges Regibus ebræi ſumus,
26 118 425 155 Qum certa Superi damna neglecti ferant.
1 141 436 177 55 Nec tibi ſunetbo cuncta ſi ad vntum fluunt.
6 160 472 197 Sic fuerit olim ; vindicem agnoſces D EV M.
26 186 441 223 Sæè ille ſeram. ſed gravem pœnam exigit.
25 203 512 243 NAB. Longinqua narras; tempore accepto Hterim
5 233 489 266 Vtamur. IER. Ecquod tempus acceptum vocas,
1 256 420 289 5o Cum polliceri craſtinum nemo audeat?
27 271 498 311 5AB. Cane iſta Hebræis: numina. & vates miâi
25 300 417 333 Timent minari: fi meis quiſquam andeatr
25 324 358 359 bſtare votis, obruam Mvſtas ſuis
26 346 458 380 Deoſqe templis. IER. Obrni putris queunt
1 368 419 406 55 Ludibria trunci, ſtulta quæ Perſis colit:
28 390 416 425 At lle noſter qui tenet cælum DEEVS.
1 411 478 451 Nuſquam tenetur clauſus, & nuſquam deeſt
27 437 433 471 Mortaliumq́ue fata, regnorum vices,
20 461 378 494 Non fortuitâ cæcus ex umnâ movet;
1 480 425 518 0 Sed mente longè providâ rerum modum
25 500 512 541 Metaſue ponit. NAB. Regna, regnorum ſtatms,
25 527 460 563 Martem ſecundum, vota in hâc poſui manu.
1 551 406 586 Precariò regnatur. ubi capiti imminet
12 566 517 611 ajor poteſtas. IER. Qui D EO ſubdiabnuit.
1 572 591 635 V Regnate longm non poteſt. NAB. Poſſum, abnuos!
26 623 418 654 Teſtorq́ue nullos eſſe quà regno Deos.
27 641 420 677 Abſcede vates: trahitur en vinctus mihi
27 675 188 705 Rex perduellis.
575 663 658 689 !
63 694 483 737 NABvChODONOSOR. SEDECIAS.
150 732 418 761 FILII SEDECIAÆ.
173 761 473 793 Tene ego infandum caput
25 787 419 822 Aſpic io? ſed qno perſdum cultn decet.
532 788 591 820 l.
1 812 461 846 c ſpe paterna ſceptra moderari manu
23 828 462 865 Dederam immerenti, bella ut ingratus mihi
1 854 494 889 Hoſtis reponas ? SED. Fateor. ingratum tenes.
21 879 439 911 Sontem, rebellem: dira ſupplicia ingere,
22 902 467 937 Ferrumq́ue & ignes; mille per mortes neca.
1 925 448 961 5 Nj deprecabor meritus: at talem quoque
21 949 436 984 Aliquid rogare liberùm infelix manus
18 965 448 1008 Cogit patentem; narce puerorum indoli.,
22 993 395 1027 uns tenellæ primus ætatis decor
24 1019 386 1049 nbducit iræ, vlcte iadignos nuta
1 1029 484 1075 Quorum cruentes ſangnine ultricem manun.
24 1059 456 1095 Non illud oro, priſtinæ ut ſortis decus
22 1076 467 1117 Nomenqu teneant, liberis hanc ſoem mes
21 1096 475 1139 PeCdus ademl patere, quod captis ſat eſt.
477 1104 595 1141 Sevire!
294 1127 361 1148 V3
506 1204 636 1233 5i !5
643 1220 703 1253 15.
467 1243 513 1267 2
