657 1251
109 47 605 75 SEDCIAS TRAGOEDIA. 5
96 70 549 98 VeI ad tyrannum. Qiſquis es tamen, precor,
90 94 490 120 Ne filiorum membra proculcem parens,
54 117 493 143 25 Catrſve ſanguis lubricum fallat pedem.
96 139 494 165 Violare furor eſt, ipſa quod tuto in loco
95 162 471 188 Natura poſuit. fallor? n tetri ſpecus
96 185 540 216 Irer eſt ad umbras, carceriſque antrum mei?
95 208 430 234 Illuc eamus : cæcitas capiti impiq
66 230 588 258 o Parum alta nox eſt. Quid malè hic ſuperas domos
98 253 517 281 Funus, lueſque oberro? quid manes meos
98 275 441 301 Et inſepultas vivus exequrs traho,
98 297 552 326 Mihimet parentans? reddite ſepulchro ſuum,
100 322 491 346 Aut rupis altascondite abſtruſum ſpecu.
68 343 474 370 35 Non ille primis ſolibus pateat locus.
101 367 551 393 Non ille ſeris. quid mihi impendat diem
100 389 541 415 Perdatjue Phœbus? Nocte non unâ obrutus
42 413 483 438 Liberior illic queſtubus vitam exigam,
102 435 466 460 Et juſta genitor liberis ſolvam tribus
69 457 519 483 40 Forſan inhumatis. lacrymas oculi negent
100 481 510 506 Melius inanes ſanguinem volvent genæ.
99 505 533 529 Numquam coire patiar hac venas manu.
99 524 589 562 rotpor unenr ́vpnera, c ſis entta;
86 550 536 576 Non alius imber hos magis luctus decet.
70 570 550 599 45 Heu me ! per ipſas urbis ingredimur vias,
100 597 578 622 Sentio, videmur: verba, q́uod poſſum, audio!
99 619 525 644 Tande miue noſtris aliquis ingemuit malis.
100 643 513 668 Seu Medus ille eſt victor. & duro quoque
100 664 506 693 Vel ab hoſte pietas eprimit luctus ſuos;
70 687 559 718 50 Sive eſt Hebræus, voe qui cimidâ ingemit.
99 711 547 735 Spectatq́ue trunct eriſte ſimulacrum Ducis;
96 734 563 761 Sive hunc & illum miferet, utrumque alloquor.
95 757 575 788 Mihi dare gemitus parcite, haud pro me queror.
98 780 535 809 Dies ademptus, & ptii ingeſta orbitas.
68 803 513 827 55 Sed tum videnti : vincla, carcer, ſervitus,
95 825 511 852 Vindicta levis eſt; ferre quod merui, fero.
92 848 483 875 Nil ille lacemo moveat è vultu cruor:
95 867 574 898 Meus eſt: nocens eſt: alius hanc veſtem imbul,
96 895 483 921 Patriumque nati ſanguis inſecit ſinum:
65 915 493 943 0 Innocnus aliouid iſte virgineum rubet,
96 941 559 965 Lerymiſque dignum: cæcus hoc etiam ſclo.
94 964 516 989 Captiva turba, Filiæ heu! quondam Sion,
96 988 492 1011 Lamenta. lacerum crinibus vulſis caput.
95 1010 497 1035 Veſtroſque planctus filii inſontes perunt,
67 1030 572 1057 5Non pater iniquus. Perferam hanc molem mall,
96 1054 507 1080 Clariſq́ue nimium rebus evolvam miſer
94 1077 493 1102 Perplexa nuper fats: præſtabo fdem
95 1101 448 1125 Vtrique vatum, ponè victrices rotas
97 1119 567 1148 Cùm pars triumphi magna abylonem iovehar.
64 1143 494 1177 50 Sed non vidobo ;luce abamiſâ hocarit
518 1162 605 1182 Sola mon
363 1168 461 1189 x3
