1137 2046
518 161 853 213 ERGASTI
225 174 307 210 I96
302 219 922 269 Ni craſſiore amictus: hoc circumdedi
293 273 872 324 Aptum videri corpus, & tangi manu,
303 323 928 376 Hominum ſaluti ac dignitati ſeruiens.
306 374 994 428 Neque hoc pudendum, nec recuſandum mihi,
303 426 998 477 Aut Cælitum cuicumque: cum mentem ſubit
234 479 991 531 emoranda vis amoris, exemplo & modo
310 536 907 585 Votoque maior, illa, quam natus Deo,
292 584 867 637 Deus ipſe, cæli genitor, ac terræ ſator
261 640 991 689 Oſtendit, vltro amplexus humanum genus:
310 689 1000 741 Cui ne inſita animo peſtis, & patrium ſcelus
311 743 910 796 Inſtar veneni diditum, mortem daret,
284 799 1000 844 Indutus hominis ora, quæ numquam exuat,
312 849 971 901 Sanguine medelam peperit, & vitam nece:
311 897 1086 952 Hominemque, quem condiderat, vt paruogradu
311 951 949 1007 Noſtro ordine minor eſſet, excelſum ſupra
279 1005 798 1056 Omnia, locauit in poli faſtigio,
314 1054 1082 1109 Quod noſtra mens defixa, ne attingit quidem,
314 1111 971 1163 Ergo, quod auctor omnium, & rector Deus,
315 1163 994 1215 Qui capite cælum ſuperat, & terram premit
314 1214 1018 1271 Pedibus trementem, appetiit, hoc famulus ſibi
316 1270 975 1321 Neget decorum, nec magis rapere occupet?
316 1319 956 1375 Quod ille quondam corpus, adſciuit ſemel,
316 1372 975 1424 Numquam relinquet: ipſe tam ſpatio breui
317 1425 957 1478 Nube hac caua grauabor? O tinam mihi
316 1476 965 1530 Liceret etiam ſanguinem, & vitam ſuper,
317 1532 967 1583 Per tela & ignes, fundere: imitarer meum
316 1584 977 1636 Vtcumque regem. nunc enim tantum bona
312 1636 916 1692 Supereſt polumas: ſed voluntati comes
1031 1682 1095 1730 Det
