1144 2046
180 158 689 193 ACTVSSECVNDVS.
782 172 873 205 203
17 216 760 264 EG. Redeam: quaſi abierim ad alios: nuper fui
59 271 619 314 Iuris alieni, timidus & cæcus puer,
60 320 777 369 Horrensque nutum, & nomen irati patris.
60 373 738 420 Iam tandem aperta lumina: & catulis licet
67 423 631 474 Late euagari qualibet. factum eſt diu
61 477 624 527 Quod ſuaſit ætas illa: nunc ætas mihi
67 529 707 577 enſque alia: quæro ſeria, abieci nuces:
63 582 636 630 Parere par eſt tempori. puerum metus
63 633 712 682 Pudorque, iuuenem pulchra libertas decet.
17 685 735 736 ARIS. Quæruntur ecquæ ſeriasapricæ plage.
63 738 658 787 Campi virentes, fontium dulcis liquor,
67 792 629 836 Colles amœni, floribus ridens nemus,
71 843 617 892 Equi, caneſque: hæc illa libertas tua.
63 893 710 944 Quin ea magis curanda: doctorum ſchola,
63 948 651 993 Præcepta vitæ, dicta ſapientum virum,
63 998 668 1047 Quibus paratur gloria, & verum decus.
61 1052 771 1099 Longam iuuentam iuuenis & vitam cupiss
62 1103 655 1149 VViuas ſenectæ oportet ac mortis memor.
19 1153 731 1201 ERG. Cane iſta ſapiens grandibus, longa viri
61 1207 588 1254 Ætate feſſis: hi ſenectutis malum
62 1259 567 1299 Sermonę vario leniant totos dies:
64 1309 607 1358 Quibus voluptas omnis æuo euanuit
61 1353 736 1408 Dilapſa ad aures. Alia ſunt iuenum bona,
68 1412 692 1461 Quibus fruendum iugiter. Quiſquis ſapit
68 1463 834 1511 Diem ante, deſipit. ARIS. Et tamen dulcis mili
64 1515 687 1565 Etate in hac (habenda Superis gratia)
67 1565 879 1614 Sapientiæ amor & cultus. ERG. Haud mirum, tibi
71 1619 712 1669 Si dulcis eſt:de ventre materno, vt ſerunt,
722 1672 877 1715 Tyrrhe-
