1115 2046
536 141 870 176 ERGASTI
259 143 315 173 t6
313 196 955 246 Nubes honoris, poetarum ſequens
313 251 910 301 Nugas canoras, ſe per anguſtam viam,
250 303 884 351 Per ſenticeta & ſaxa coniecit: miſer.
311 355 874 405 Guſtanda in ipſo flore tibi dulci fuit
315 409 857 458 Vitæ voluptas, frater. At tu deſipis,
311 461 949 507 alumquecuris addis, & curas malo.
313 513 1004 565 Omiſera ſors mortalium. O hominum genus
310 567 1028 615 Rerum miſerrimum, & miſeriarum vltimum.
308 621 1003 668 Quæ pars dolore vacuas quæ cura caret
310 673 985 723 Pars vitæ acerba? Naſcimur: ab ipſis ſtatim
313 725 923 775 itam auſpicamur lacrimis & fletibus.
308 775 938 827 Et eſt nouum mirumue, ſi qualis fuit
309 830 896 878 Ingreſſus, idem reliquus eſt æui tenort
307 883 949 936 Lugemus, hoc Natura nos primum docet.
313 934 1032 984 Quæ culpa porro noſtrasquia nati ſumus.
306 990 975 1040 Mox vincla nexu corpus aſtringunt, recens,
309 1043 1003 1090 Tenerum, caducum, aliena ni firmet manus.
247 1093 866 1144 Tandem labore plurimo emergit ſuæ
306 1145 921 1198 Ad ſenſa mentis voce promendum, puer,
313 1199 961 1249 Caſus per omnes. Hinc magiſtro tradimut
306 1251 811 1297 Triſti, ſeuero, duro, inexorabili,
304 1305 925 1354 Chirona qualem eſt Æaci nactus nepos.
277 1358 917 1410 Neque hocſat eſt:aſſiduus accedit comes
307 1410 960 1461 Cuſtoſque, ſæuus, toruus, attentus, ſagax.
305 1463 980 1514 Et ſuſpicax, & perſpicax. Argum putes,
298 1516 986 1566 Centena cui ſtent lumina, & oculeum caput.
302 1567 1000 1627 Quid iurgia hic minaſque quid virgas trues,
304 1621 986 1674 Crudeliu, quam Tantalo ſaxum improbum,
999 1678 1098 1729 Dicam
