1125 2046
519 150 852 182 ERGASTI
262 160 315 192 288
350 206 1033 256 TROPHIMVS, ERGASTVS,
258 254 1111 360 AGASTE, quo te, Ergaſte? ERO. Quis reuocatt
417 316 616 368 Cmalum)
290 366 1009 416 Magiſter eſt. Incommodum ſemper virum.
309 418 878 468 Mirabar hoc ſi abiret, vt poſſem mihi
308 472 1090 515 VVacare. Salue. TRO. Det Deus mentem bonam.
256 523 881 577 ER. on alia diceretur amenti ſalus.
257 576 1093 629 TRO. Qui ſolus hic? ER. Nunc eſe, nunc ſolus mili
309 629 1042 680 Videbor, ante non fui. TRO. Quis tecum eratt
253 678 1041 732 ERG. Eoo ipſe. TRO. Fac vir iſte ſit ſaltem bonus,
252 734 1089 785 ERG. Talem eſſe ſemper credidi. TRO. Raram ſidem.
305 786 990 838 An te tibi eſſe cognitum, adoleſcens, putass
229 839 1007 891 Nihil eſt magis difficile. ERO. TuSapientia,
302 892 1070 942 Etiami ne verba fundita TRO. Nimium es feru
303 946 955 997 Ergaſte factus. ERG. Eſe me talem decet.
251 996 1106 1050 TRO. Non tamen oportet. ER. Iſta iam pridem pue
306 1051 1058 1101 Satis tuli, timuique. TRO. Nunc vero es ſenex.
253 1103 991 1154 ERO. Quicquid ſit, ætas poſtulat mores nouos.
254 1156 1043 1206 TRO. Etate in omni eſt moribus ſanctis locus.
235 1208 1045 1260 ERG. Numquam ne vocum fuerit iſtarum modus?
254 1263 1099 1309 TRO. Cum feceris quod admonent. ERG. Totiespioet
1059 1299 1102 1329 6
305 1315 983 1362 Eadem moneri. TRO. Id accidit culpa tua:
303 1366 1036 1419 Pare monenti. ERG. Odioſus es tandem mihi.
304 1418 1066 1470 Quid pareamTRO. Feciſe quod ſemper bene eſt.
252 1470 1070 1522 ERG. Sat hactenus, ſat parui. TRO. Non eſt ſatis,
304 1524 1014 1579 Ni fiat etiam ſemper. ER. At ſatias capit
302 1575 1097 1628 Rerum omniui. TRO. Qutas animus inuitus facit:
304 1628 1097 1684 Non quas νolens, libeng, CR. Quid mecum tibit
1056 1689 1100 1722 Te.
