1146 2046
540 156 878 191 E RGASTI
280 172 341 202 24
292 212 997 265 Iam quot choreas, ſuaue cantantum choros
324 263 962 321 Quot comparauit? vocibus quales ſonos,
324 317 1012 369 Carmenque quale attemperat? Veteri mero,
326 371 869 424 Lectaque toto ab orbe regifica dape
315 425 1066 475 enſam refertam, mille famulantum manus
327 476 940 528 Vni vt miniſtrent, ſedula inſterni iubet.
261 529 1105 584 Super omnia hæc, quod maximum in magnis reor,
255 582 891 634 Ad ipſa facta vultus accedet bonus.
326 632 992 688 Quid plurat me nunc miſit aduorſum tibi,
321 684 954 738 Miſſura plures obuiam, aduentum ſimul
320 736 1007 788 Certum eſſe norit. Propter hanc ripam ſede,
320 790 931 847 Longaque corpus pone defeſſum via.
321 847 872 888 Interea ad illam iætus ibo nuntius,
329 896 1054 950 Laturus ingens præmium. ERG. Duc nos cito,
328 952 1055 1001 Duc nos ad illam. Quodque punctum tempori
329 1005 888 1057 Spatio videtur annuo longinquius.
276 1053 1025 1107 TRO. En capta miſera præda ad ignem ducitur.
268 1105 1066 1158 PAN.Morem libentergeſſero: & quando hoc ſedet,
327 1163 855 1210 Iter docebo breuius hiac prona via.
275 1216 981 1268 ERG. Ipræ, ſequar, ſigniſque in impreſis tuis
325 1267 966 1320 Ponam pedum veſtigia haud lento gradu.
273 1319 1054 1368 PAN. At tu interim quas Dædala efſinxit manus,
328 1372 921 1426 Vt ſe patentes vndique oſtentent opes,
327 1425 978 1478 Per cuncta paſſim lumina intendens, lege.
327 1476 926 1535 AQatura nuſquam melius indulſit ſibi.
241 1529 1042 1577 ERGO blanda nemora, o limpidi ſemper latu
328 1583 927 1638 Ograta Tempe, o montium viridiſſimi
325 1637 922 1699 Mihi apparatu, nulla quos ſpoliet dies.
1008 1684 1113 1733 O ſcns
