1134 2046
210 148 877 196 ACTVS VARTVS. 2
40 298 858 382 AVIVS CA .
93 381 780 457 ARISTVS. ERGASTVS.
243 515 363 558 ſedes,
243 566 866 615 Stupeſque, cantu vt ebrius? ERG. Liqui-
242 619 438 659 . dum bibi,
63 667 690 717 Et dulce carmen: ſenſu vt abſtracta e ſuo
63 723 685 773 Mens ierit illuc, vnde tam lætum mihi
64 759 620 819 Acroama fſuxit:nec reuertiſſet diu,
65 824 687 878 Niſi reuocaſſes. Ipſa nondum etiam meas
64 877 622 927 Vox præter aures vecta, miranti ſedet
61 928 665 978 Infixa penitus animo. Abite, abſiſtite,
61 980 630 1031 Valete, Muſæ turpium morum illices,
60 1031 685 1087 Eſcæ malorum. Tuque luctificum malum
62 1084 640 1135 Fallax Poéſis, blanda pernicies virum.
61 1135 759 1194 Quæ veſtra ſint Circæa tamquam pharmata,
62 1189 756 1238 Pandam nouus Mercurius, expertus tamen:
66 1240 604 1292 Ne quiſpiam fallatur ignarus doli.
69 1290 787 1343 VVos audiendo, eſt aliqua, nec vehemens quidem
67 1344 652 1394 Senſu voluptas: ſed voluptatem grauis
68 1395 735 1449 æror dolorſequitur: hæc præteruolat:
65 1448 658 1498 Defixus animo inhæret æternum dolor.
58 1497 740 1552 Quam pæne per vos, vaſta tenebrarum loca,
64 1550 631 1601 Et quo trahebar Tartari vidi ſpecus?
41 1601 737 1659 Quuam pæne in Ori linen intulimus pedem?
536 1655 960 1711 P 4 Quaτ
