1128 2046
532 135 871 189 ERGASPI
208 152 322 186 22
318 196 1088 259 Quam pæne non extulimuss En horret, miſer,
318 248 943 299 Reuolutus horret animus in ſæuos metus.
266 298 1078 351 ARIS. Quis horror eſt Ergaſte, quos narras metus:
266 352 1017 405 ER. Vix tantum ab ipſa Morte, & atris abfui
318 403 1103 459 Antris, Ariſte. ARIS. Hoc illud est, quodte modo,
319 456 979 508 Cum feſſa placidus membra leniret ſopor.
317 511 920 562 Cernere videbar, fauce correptum fera
316 563 842 610 Diri draconis:miſſa ni cælo mianus
250 615 916 667 Seruaſſet hæc in tuta tranſlatum loca.
265 668 1007 718 ERG. Ita eſt. Opem mihi attulit ab alto Deus:
315 720 1020 776 Ipſe eſt mei miſertus. ARIS. At nos hoc duce
316 774 980 824 Et auſpice, hanc ſequamur inceptam viam.
317 824 950 880 En iam minuſque accliuis, & lenis magis
315 878 1055 931 Se pandit ipſa. ERG. Et longa ſat viſa eſt quies.
264 931 1004 985 ARIS. Eamus ambo: & triſte ſi quid ſe offeret,
314 984 867 1034 Pius vterque tranferens fratri vices
315 1033 1110 1089 Iuuabit alterũ. ER. Heu cado. AR. Ah medium tens
315 1088 921 1143 Ergaſte, quo te coniiciè quid agas vide.
262 1139 1106 1193 ERO. Nunc quoque ruentem ſuſtine. RIS. Atti-.
377 1197 656 1232 mium es celer
277 1247 984 1300 Præceps, lente, frater appropera gradum.
312 1299 815 1351 Ipſa ſibi feſtinatio nectit moras.
240 1353 966 1395 Eſt ambulandum, non volandum. Sat cito
279 1406 1084 1456 Si ſat bene.ERG. En iam prendimus ſacrum iugun
311 1455 910 1508 Poſt tot pericla, & caſuum diſcrimina.
312 1509 1098 1563 Loca hæc licebit iam ſalutare. ARIS. Et Dei
293 1564 1059 1615 Celebrare laudes. ERG. Montis alti culnina
311 1613 919 1670 Vicina cælo, floreum, & caſtum nemus,
1003 1667 1105 1713 Salue.
