1132 2046
194 160 673 204 ACTVVS VARPVS.
743 178 869 210 239
62 216 657 264 Et quiſque qua ſit laurea, quo munere,
62 272 738 316 Præ ceteris donandus. ERG. Et quando dari
60 321 788 374 Iſtæc iubebit munera H o N. Hoc prudens agit:
59 374 606 420 Hoc ſcilicet deliberat: & vna potens
58 426 728 476 Diſceptat hoc Iuſtitia: tum Famam vagam,
6 479 736 526 Quæ fert per orbem facta veſtrorum ducum,
58 531 592 577 Qui gloriam vicere priſci temporis,
58 584 616 623 Hus euocari voluit, vt clara citet
59 636 700 682 Voce meliorum nomina: & libros parat,
57 688 704 735 Minioque, & auro, puro & argento illitos,
56 741 678 787 Quos muneretur ſplendide, in clariſſimo
31 790 628 842 Præſtantium virtute, & illuſtri nota,
60 844 621 890 Ac dignitate principum, cœtu virum.
9 896 809 947 ERG. Sapienter iſta, & digna quæ repetat frequens.
1 947 576 994 Paulum ſepultæ inertiæ diſtat diu
57 1001 736 1052 Celata virtus. HoN. Fallere, haud VVirtus eget
57 1052 642 1098 Pracone, per ſe clara:ſed tamien in loco,
58 1104 582 1153 Vicina qualis arbor irriguis aquis,
59 1153 860 1202 Laudata creſcit. ERG. Gaudeo. R o.En Virtus adeſt.
35 1207 706 1255 Hinc Gloria, hinc Iuſtitia, cinxerunt latus.
8 1255 843 1310 AR. VVbi nam? Procumbo ad genuas? RO. Ne faxis caus
58 1308 654 1361 Veſtros honores neglioit: ſe ipſa eſt ſatis
4 1367 756 1411 Contenta. A RIS. Quæ paremus illi exordiat
7 1429 859 1497 v2RIVS, ARISTVS, HONGR
256 1504 612 1545 ERGASTVS.
1 1562 810 1654 O metus, amici. Dexteram noſtram obſidem
138 1623 710 1680 Accipite fidei. eſter aduentus mihi
798 1689 897 1718 Hoc
