1161 2046
561 128 944 173 ERGASTI
284 152 425 189 242
339 197 1043 250 Ad tempus, his te iunge, & vt viſum modo e,
340 251 925 305 Effare, quo ſit quiſque dignus munere.
340 304 866 350 Honos, corollas dextera nectes tua
341 352 967 408 Semper virenti ex arbore, e noſtra domo,
259 407 903 460 Victoribuſque illuſtre velabis caput.
346 459 905 508 t tu Poeſis, quæ virorum nomina
347 512 917 564 Orco eripis, vetasque defunctos mori,
348 564 1032 617 Præſcribe verſus, quos nouis concentibus
347 619 936 673 VVirgo canendi docta modulari queat.
348 667 995 728 Iamque aderit ipſa Famna: non aberit diu.
351 722 890 775 Iußſt euocari: longe & audita tuba,
353 776 949 829 Qua ſuſcit atur Laudis excellens amor,
308 827 1010 873 Pronuntiabit nomina adoleſcentium,
289 878 925 936 Qui inter ſodales, æmulos inter ſuos,
355 932 945 983 Scientiæque & ingeni primas ferunt.
357 985 985 1037 Ea dum parantur, grata ſi vobis quies,
356 1039 903 1085 Huc ite iuuenes:noſtra vobis limina
358 1087 1022 1144 Fas tangere. Hinc deſcenſus haud longa via
358 1143 992 1195 Facilique vos reſtituet in planum locum,
295 1194 1008 1253 Vnde intuliſtis huc per adſcenſum gradus.
498 1268 914 1325 CHORVS.
292 1351 1089 1414 VDATV ſatis eſt: iam iuuenes modus,
315 1405 865 1457 Iam finis poſitus difficili viæ:
364 1458 901 1510 Iam ceſſere metus, & labor inquies
308 1518 743 1566 Pulchri perpetuus comes.
309 1565 755 1615 Iam deſidertis meta fidelibus,
334 1615 887 1670 Veſtri & ſtudii ex animo obtigit
1016 1659 1154 1721 Eis
