1149 2046
159 152 890 208 ACTVS VINTVS. 24S
60 217 651 265 In lumine: vt futura vita omnis mihi
59 272 606 309 Sit mors acerba, & carceris duri loco
59 324 620 370 Hoc corpus ipſum, iuſſa ni faciam pia,
59 375 686 421 Affirmet & Spes certior, curſu hoc breui
30 427 580 474 Vitæ peracto, me reuiſurum domos,
57 479 486 525 Vbi quiete detur æterna frui.
58 530 609 576 VVos o beati, tanta queis ſemper ſedet
55 583 624 629 Animo voluptas: ſiue Reginam licet
55 634 670 682 Spectare, ſiue audire præſentem loqui.
54 686 693 733 At nos, quibus res obtigit, qua non queat
53 738 675 785 Eſſe vlla melior, anima dum corpus reget,
53 790 677 835 Eſt quicquid aui, quicquid hoc vitæ ſuper,
52 841 776 889 Quod quale ſit, neſcimus (haud longum quidem
52 892 695 939 Illud futurum eſt)rebus in cunctis, bonum,
37 944 612 993 Qui cautus eſt magiſter oſficij, metum
50 995 606 1042 Semper tueri oportet, vt conſtet ſalus.
51 1049 631 1093 Hoc eſſe quemque gratiorem conuenit,
49 1089 791 1147 Quo plus recepit miunerum. Cui plus datum eſt,
53 1152 785 1198 Et plus ab illo exigitur. ERG. Haud aliter reor.
13 1202 694 1249 ARIS. O ſi magiſter noſtra gaudens gaudia
54 1254 611 1299 Hic eſſet, vt labori hunc fructum ſui
55 1306 757 1353 Percipere tandem poſſet. Hic noſtræ modo,
57 1357 639 1404 Hic, frater, vnus deeſt voluptati locus.
9 1407 906 1458 ER. Ipſe euocem. At quæro vnde. Quam inſiſtam viam
6 1460 816 1513 ARIS. Pietas vetat diſcedere. Hic ſtandum et tibi.
8 1512 740 1561 ERG. Eadem magiſtrum adeſſe queſitum iubet.
54 1565 686 1611 Oimplicatum tempus. Oanimos, duo
53 1614 693 1664 Quos diſirahunt conſilia. Pietatem fugat
572 1665 853 1724 S Ad-
