1161 2046
565 154 895 192 ERGASTI
308 160 396 201 246
356 210 924 267 Aduerſa pietas. Iuſſa Virtutis ſacr
358 267 1077 319 Si rantulum contemnimus, magnum nefas:
357 320 944 370 Neſcire rurſus, noſtra quæ ſint gaudia,
323 371 1002 422 Qui monitor, auctor, ſuaſor impulſor fuit,
355 423 1040 472 Non eſt ferendum. ens in obſcuro iacet
360 478 981 523 VVt terra in vmbra media, cum ceſſit dies.
308 530 979 577 ARIS. T qui tenebras dimoues e pectore,
344 583 929 631 VVt Sol opaco ab orbe, cum rediit dies,
359 635 932 681 Et nox receſſit iuſſa. Tu fons luminis
357 688 1011 725 Prætende lucem hac nocte curarum Deus.
350 745 1113 818 TROPHIMVS, ERGAS TS
572 826 952 883 ARISTVS.
308 892 1128 984 E VANVS labor, o iuuenes. Men quitit
468 948 636 994 dſum
361 997 1080 1047 Veſter ego, hic adſum. Nec me communia fallunt
308 1050 1049 1098 Gaudia quæ fuerint. Ego vos per cæca viarum,
360 1104 1001 1152 Per durum irtutis iter, per deuia montis,
328 1152 997 1203 Adduxi ſuperaque ambos ex arce reduxi.
360 1208 1092 1257 Quamuis nulla meos penetrarint lumina vultus.
360 1260 1081 1308 Non mnortalis ego, Ergaſte, o mea imnaxima cura.
359 1314 1083 1364 Namque tibi e cœtu aligerum me rector Olympi
359 1364 1108 1411 Cuſtodemque ducemque dedit, cum matris ab alu
359 1416 950 1464 Egrediens primum viſiſti luminis oras.
354 1469 1111 1516 Ipſe autem, errantem, & vitæ per iniqua vagantem
290 1520 1024 1567 VVt regerem nielius, mortalia corpora ſumpſi,
274 1574 995 1611 Et lucem ætheriam nubes obduxit amictu.
348 1624 1046 1678 Nunc autem, Deus ipſe pium ſuccedere rotum
1063 1678 1130 1726 νl
