<?xml version="1.0" encoding="UTF-8" standalone="no"?><PcGts xmlns="http://schema.primaresearch.org/PAGE/gts/pagecontent/2019-07-15" xmlns:xsi="http://www.w3.org/2001/XMLSchema-instance" xsi:schemaLocation="http://schema.primaresearch.org/PAGE/gts/pagecontent/2019-07-15 http://schema.primaresearch.org/PAGE/gts/pagecontent/2019-07-15/pagecontent.xsd"><Metadata><Creator/><Created>2022-01-27T08:27:49</Created><LastChange>1970-01-01T00:00:00</LastChange><Comments/></Metadata><Page imageFilename="0009.png" imageHeight="959" imageWidth="572"><TextRegion id="r1" orientation="0.625" type="paragraph"><Coords points="1,1 570,1 570,957 1,957"/><TextLine id="l1"><Coords points="116,17 117,51 370,49 369,15 116,17"/><TextEquiv><Unicode/></TextEquiv><TextEquiv index="1"><Unicode>a (0)I &amp;</Unicode></TextEquiv></TextLine><TextLine id="l2"><Coords points="462,28 462,48 488,47 488,27 462,28"/><TextEquiv><Unicode/></TextEquiv><TextEquiv index="1"><Unicode>7</Unicode></TextEquiv></TextLine><TextLine id="l3"><Coords points="57,88 61,88 62,87 64,87 66,86 66,82 66,81 77,81 78,81 78,80 78,79 128,79 129,79 129,84 129,85 132,85 134,83 134,80 233,79 234,80 235,79 270,78 271,79 271,80 272,80 273,79 301,79 302,78 302,77 322,77 323,78 336,77 337,78 337,83 338,82 340,82 341,81 342,81 343,81 343,80 344,78 370,78 371,77 413,77 414,78 419,78 420,79 421,77 446,77 447,76 479,76 480,76 480,79 480,80 482,80 483,79 484,79 486,77 486,76 487,75 487,72 486,71 486,70 485,70 474,70 474,69 473,64 472,64 471,63 443,63 442,63 442,59 442,58 433,58 431,60 431,64 403,65 402,64 374,64 373,64 373,60 373,59 356,59 355,58 354,58 353,57 352,58 350,58 349,59 321,60 320,59 315,59 314,58 305,58 304,59 272,59 271,60 241,60 240,61 240,65 183,66 182,66 182,62 181,60 179,60 177,62 177,66 145,67 144,66 112,66 110,64 105,64 104,63 104,61 93,61 92,62 92,65 67,65 65,67 41,68 40,67 40,63 39,63 38,62 35,62 34,63 32,63 31,64 30,64 28,65 28,66 28,67 27,67 25,69 25,71 24,72 24,74 25,75 25,76 26,77 26,78 26,79 29,79 30,80 54,79 55,80 55,86 56,86 57,87 57,88"/><TextEquiv><Unicode/></TextEquiv><TextEquiv index="1"><Unicode>Cp. Et quando veniet Ficaſ. hoe adhne,</Unicode></TextEquiv></TextLine><TextLine id="l4"><Coords points="86,86 86,111 197,109 197,84 86,86"/><TextEquiv><Unicode/></TextEquiv><TextEquiv index="1"><Unicode>ſpero, die.</Unicode></TextEquiv></TextLine><TextLine id="l5"><Coords points="62,112 63,131 383,127 382,108 62,112"/><TextEquiv><Unicode/></TextEquiv><TextEquiv index="1"><Unicode>Adveniet invitatus humaniſſime</Unicode></TextEquiv></TextLine><TextLine id="l6"><Coords points="294,160 294,161 295,160 295,159 296,158 298,158 298,157 298,153 299,153 331,152 331,153 332,158 333,159 335,159 336,158 338,158 339,158 338,155 339,154 354,154 354,153 355,152 389,152 390,153 397,153 398,152 433,151 435,153 436,152 482,152 483,151 486,151 487,149 487,147 488,146 488,140 486,138 477,138 476,137 476,134 474,132 473,132 472,133 465,133 464,134 438,134 437,133 435,133 433,135 433,138 407,139 406,138 406,134 405,133 391,133 388,135 388,139 388,140 322,141 321,140 291,140 288,142 288,144 287,146 257,146 256,146 256,144 254,141 237,142 236,141 224,141 222,139 222,136 221,135 220,135 219,134 216,134 215,135 214,135 213,136 183,136 182,137 182,142 146,142 145,142 91,142 90,142 90,137 90,136 88,136 87,137 64,137 63,138 62,138 60,140 60,151 61,152 61,154 62,154 98,154 99,155 100,154 153,153 154,154 155,154 156,153 183,153 183,154 183,155 184,155 185,154 220,154 221,155 222,155 223,154 262,153 262,154 262,157 263,157 265,157 268,154 291,154 291,157 294,159 294,160"/><TextEquiv><Unicode/></TextEquiv><TextEquiv index="1"><Unicode>Solennem ad actum, quo puer hic hodle</Unicode></TextEquiv></TextLine><TextLine id="l7"><Coords points="85,162 85,181 152,180 152,161 85,162"/><TextEquiv><Unicode/></TextEquiv><TextEquiv index="1"><Unicode>tribum</Unicode></TextEquiv></TextLine><TextLine id="l8"><Coords points="82,205 111,211 112,211 450,207 450,206 426,206 425,206 425,194 424,193 408,194 408,193 408,189 407,189 405,189 404,188 314,189 314,188 314,185 312,184 311,184 310,183 77,185 76,186 63,186 62,187 61,187 59,190 59,192 60,193 60,202 62,204 81,204 82,205"/><TextEquiv><Unicode/></TextEquiv><TextEquiv index="1"><Unicode>Sutorianam augebit adlectus recens.</Unicode></TextEquiv></TextLine><TextLine id="l9"><Coords points="383,232 389,232 391,229 391,226 392,226 468,225 468,224 468,210 469,209 468,208 468,207 449,207 448,208 448,213 421,214 420,213 419,213 418,214 379,214 378,213 378,210 373,210 372,210 372,209 372,208 369,208 368,209 340,209 337,212 337,213 301,214 300,213 300,212 299,211 299,210 298,209 296,209 295,208 294,208 293,209 292,209 289,211 289,214 289,215 242,215 241,215 241,211 241,210 239,210 237,212 237,215 237,216 177,216 176,216 176,213 175,211 173,211 172,212 172,217 145,218 144,217 134,217 133,216 133,211 132,210 131,210 130,211 83,211 82,212 82,217 52,218 51,217 51,214 48,211 38,211 37,212 35,212 34,213 33,213 32,213 32,219 30,221 30,222 29,223 29,224 28,226 26,226 24,227 24,228 28,232 29,232 30,231 32,231 33,230 79,229 80,230 81,229 111,229 112,228 139,228 140,229 153,228 154,229 174,229 175,228 380,226 380,230 381,231 382,231 383,232"/><TextEquiv><Unicode/></TextEquiv><TextEquiv index="1"><Unicode>ud. Snlennis omnino actus &amp; diguus viri</Unicode></TextEquiv></TextLine><TextLine id="l10"><Coords points="360,259 362,259 363,259 363,252 363,251 374,251 375,252 382,252 383,252 383,254 383,255 385,255 386,254 387,254 388,253 388,252 389,251 464,250 465,249 467,249 468,248 469,248 470,246 470,239 469,238 468,238 467,237 459,237 458,237 458,234 457,232 418,233 417,233 417,237 417,238 405,238 404,239 380,239 379,238 379,235 378,234 359,234 358,233 357,234 339,234 337,236 337,237 304,238 303,237 303,236 301,234 296,234 295,235 292,235 289,237 289,238 288,240 255,240 254,240 254,236 254,235 252,235 251,236 251,240 221,241 220,240 220,235 219,234 218,234 217,235 216,235 213,237 213,240 213,241 189,241 188,242 146,243 145,242 145,241 132,241 131,240 131,236 111,236 109,237 109,240 109,241 77,241 76,241 76,239 75,237 60,237 59,238 59,239 58,240 58,243 59,243 62,243 62,244 63,254 64,255 68,255 69,254 112,254 113,253 149,252 150,253 175,253 176,254 176,260 180,260 181,260 181,254 181,253 307,252 308,252 308,257 308,258 313,258 314,257 314,253 343,252 344,251 359,251 360,252 360,259"/><TextEquiv><Unicode/></TextEquiv><TextEquiv index="1"><Unicode>Tanti ſacra præſentia. Cap. Dixi, vir hie</Unicode></TextEquiv></TextLine><TextLine id="l11"><Coords points="275,283 279,283 281,282 281,281 281,280 536,277 537,277 536,276 281,279 281,278 345,277 346,276 484,275 485,274 486,274 487,273 486,272 486,257 484,256 300,258 299,259 192,260 191,261 60,262 59,264 60,265 60,280 165,279 166,280 274,279 275,280 275,283"/><TextEquiv><Unicode/></TextEquiv><TextEquiv index="1"><Unicode>Non notus eſt mibi. pallium à me conficl</Unicode></TextEquiv></TextLine><TextLine id="l12"><Coords points="59,286 60,313 488,308 487,281 59,286"/><TextEquiv><Unicode/></TextEquiv><TextEquiv index="1"><Unicode>Tu juſſeras, tu ſolve, vel- Fic. ſimus</Unicode></TextEquiv></TextLine><TextLine id="l13"><Coords points="83,313 83,333 141,332 141,312 83,313"/><TextEquiv><Unicode/></TextEquiv><TextEquiv index="1"><Unicode>boni,</Unicode></TextEquiv></TextLine><TextLine id="l14"><Coords points="58,336 58,357 426,353 426,332 58,336"/><TextEquiv><Unicode/></TextEquiv><TextEquiv index="1"><Unicode>Simus boni. ni veniat hae adhuc die</Unicode></TextEquiv></TextLine><TextLine id="l15"><Coords points="58,361 58,382 443,378 443,357 58,361"/><TextEquiv><Unicode/></TextEquiv><TextEquiv index="1"><Unicode>Reverendus iſte Dominus affinis meus</Unicode></TextEquiv></TextLine><TextLine id="l16"><Coords points="157,411 158,411 158,408 159,407 166,407 168,409 171,409 171,408 172,407 325,406 326,407 330,407 331,407 333,407 335,405 335,403 336,402 344,402 345,401 474,400 475,399 486,399 487,397 487,395 486,394 486,388 484,386 476,386 475,385 475,381 474,381 360,382 359,383 358,383 357,384 356,384 356,385 356,386 355,387 355,388 211,390 210,389 210,386 208,385 206,385 206,389 206,390 90,391 89,391 89,388 87,386 85,386 84,387 63,387 63,388 62,388 60,390 60,391 59,391 58,392 59,393 59,400 60,401 60,403 62,404 76,404 77,405 129,405 129,407 130,408 157,407 157,408 157,411"/><TextEquiv><Unicode/></TextEquiv><TextEquiv index="1"><Unicode>Solvatque pretium, erus ego ſolvam omnit</Unicode></TextEquiv></TextLine><TextLine id="l17"><Coords points="288,434 288,435 289,434 289,433 313,433 314,432 315,432 317,429 317,427 318,427 429,425 429,426 429,427 431,428 431,426 432,425 470,425 470,426 471,427 472,427 472,426 472,425 473,425 475,425 476,424 485,424 486,422 486,419 485,418 481,418 480,417 480,413 479,413 478,412 471,412 470,411 470,407 464,407 463,406 454,406 453,407 453,408 430,408 429,409 429,411 414,412 413,413 366,413 365,413 365,410 364,408 363,408 361,410 361,414 322,415 321,414 306,414 305,413 305,409 304,409 303,408 301,410 276,410 275,411 275,415 239,416 238,415 215,415 214,414 214,413 200,413 199,412 199,411 198,411 197,410 190,410 189,411 188,411 187,412 160,412 159,411 134,412 133,411 133,410 128,410 127,411 111,411 109,412 109,415 109,416 79,416 78,416 78,414 78,413 77,413 76,412 67,412 66,413 65,413 64,414 63,414 62,415 62,416 60,418 60,419 59,420 59,423 60,424 60,427 62,428 65,428 66,429 68,429 69,430 74,430 75,429 122,429 123,430 129,430 130,431 130,430 130,429 131,429 156,428 156,429 156,431 157,431 157,430 159,428 188,428 189,429 203,429 204,433 205,434 205,435 205,436 206,436 208,434 238,434 239,434 241,434 242,434 242,433 242,432 242,430 243,429 260,429 261,428 286,428 286,432 288,433 288,434"/><TextEquiv><Unicode/></TextEquiv><TextEquiv index="1"><Unicode>Certiſſimè. Cap. quod plgnus interea? Fc.</Unicode></TextEquiv></TextLine><TextLine id="l18"><Coords points="84,443 84,461 135,460 135,442 84,443"/><TextEquiv><Unicode/></TextEquiv><TextEquiv index="1"><Unicode>cape.</Unicode></TextEquiv></TextLine><TextLine id="l19"><Coords points="101,479 110,484 111,484 453,480 453,479 454,478 482,478 482,477 483,477 486,474 486,473 487,472 487,470 483,467 480,467 480,466 480,463 478,462 437,462 437,457 436,456 309,458 308,457 86,459 84,457 84,456 490,452 491,451 490,451 80,455 80,456 80,461 79,461 60,461 60,462 60,477 59,478 60,479 101,479"/><TextEquiv><Unicode/></TextEquiv><TextEquiv index="1"><Unicode>Han dexteram, τi Iufficit, uto inſuper,</Unicode></TextEquiv></TextLine><TextLine id="l20"><Coords points="304,509 308,509 308,508 308,501 309,501 330,501 331,502 365,501 366,500 429,499 430,500 431,500 432,499 454,499 455,498 459,498 460,497 460,496 460,495 454,495 453,495 453,490 452,488 424,488 423,488 423,484 422,483 411,483 410,482 405,482 404,483 381,483 380,483 380,488 380,489 354,489 353,488 335,488 334,488 334,486 333,484 331,485 330,484 329,484 328,485 327,485 325,486 325,489 325,490 277,490 276,490 276,487 275,485 258,485 257,484 199,485 196,487 196,489 195,491 149,491 148,491 148,487 147,486 146,486 145,486 145,490 145,491 122,491 121,492 102,492 101,492 101,489 100,487 78,487 77,486 64,486 63,485 61,485 60,486 60,492 61,492 65,492 65,493 65,503 66,503 67,503 68,504 108,504 108,508 110,510 112,510 112,509 112,504 113,504 289,502 289,505 292,508 303,508 304,509"/><TextEquiv><Unicode/></TextEquiv><TextEquiv index="1"><Unicode>Tibioue honeſti obſtringo Sutoris fidem.</Unicode></TextEquiv></TextLine><TextLine id="l21"><Coords points="60,536 62,536 63,535 64,535 65,535 65,534 65,533 74,533 76,531 102,531 103,532 104,532 105,533 107,533 108,534 115,534 116,533 116,529 150,528 151,529 152,529 153,528 246,527 247,528 261,528 262,527 294,527 295,526 321,526 322,526 322,531 322,532 326,532 327,531 327,527 377,526 378,527 379,527 380,526 381,526 382,525 448,524 449,523 452,523 480,523 481,524 482,524 483,523 486,523 486,522 486,521 485,520 485,506 484,505 483,505 482,506 450,506 449,507 448,507 446,509 446,510 445,511 445,512 401,513 400,512 383,512 382,511 382,509 381,508 379,508 378,508 378,513 378,514 340,514 339,514 339,511 338,509 336,509 335,510 335,513 309,514 308,513 308,509 303,509 302,510 301,510 300,510 300,511 299,512 299,514 299,515 221,516 220,515 174,515 173,515 173,512 172,510 170,512 170,516 132,517 131,516 131,514 129,512 129,511 128,511 127,512 100,512 99,513 98,513 96,515 53,516 52,515 52,511 49,511 48,510 42,510 41,511 40,511 39,512 38,512 36,513 36,514 34,516 34,517 33,518 33,524 32,525 33,528 34,530 58,529 59,530 59,535 60,536"/><TextEquiv><Unicode/></TextEquiv><TextEquiv index="1"><Unicode>Cap. Quàm dextera tua eſt piceal tam fidei</Unicode></TextEquiv></TextLine><TextLine id="l22"><Coords points="84,542 84,555 138,554 138,541 84,542"/><TextEquiv><Unicode/></TextEquiv><TextEquiv index="1"><Unicode>tenx</Unicode></TextEquiv></TextLine><TextLine id="l23"><Coords points="58,560 59,586 488,581 487,555 58,560"/><TextEquiv index="0"><Unicode>Ut ſit precatus, abeo. vah! quantum pice</Unicode></TextEquiv><TextEquiv index="1"><Unicode>IIt ſit precatus, abeo. vabl quantum pice</Unicode></TextEquiv></TextLine><TextLine id="l24"><Coords points="60,586 60,608 486,603 486,581 60,586"/><TextEquiv index="0"><Unicode>Maculata fœtet dextera! lavanda illico.</Unicode></TextEquiv><TextEquiv index="1"><Unicode>Maculata fœtet dextera Iavanda illico.</Unicode></TextEquiv></TextLine><TextLine id="l25"><Coords points="161,636 162,670 364,668 363,634 161,636"/><TextEquiv index="0"><Unicode>Scena Quinta.</Unicode></TextEquiv><TextEquiv index="1"><Unicode>Scena Quinta.</Unicode></TextEquiv></TextLine><TextLine id="l26"><Coords points="33,676 33,707 299,704 299,673 33,676"/><TextEquiv index="0"><Unicode>Picaſius, Prudentulus.</Unicode></TextEquiv><TextEquiv index="1"><Unicode>Picaſius, Prudentulus.</Unicode></TextEquiv></TextLine><TextLine id="l27"><Coords points="1,722 1,723 32,723 33,723 33,731 34,733 94,732 95,733 96,733 97,734 98,734 99,735 102,735 103,736 109,736 110,737 111,737 113,735 451,731 452,730 454,730 455,730 455,727 455,726 485,726 487,724 487,721 520,720 521,720 520,719 489,720 489,719 489,715 530,714 531,714 531,712 530,711 489,712 489,711 489,709 485,706 405,707 404,706 403,706 402,707 42,711 41,712 40,712 39,713 38,713 37,714 36,714 36,720 35,721 1,721 1,722"/><TextEquiv index="0"><Unicode>Pic. Quid? hanc manum fœtoris accuſet caper?</Unicode></TextEquiv><TextEquiv index="1"><Unicode>Pie. Quid hanc maoum fſœtoris accnſet caper</Unicode></TextEquiv></TextLine><TextLine id="l28"><Coords points="138,761 139,761 140,759 140,758 142,757 318,755 318,756 320,758 323,758 323,757 323,753 343,752 344,751 541,749 542,749 542,748 541,747 489,748 488,746 488,741 487,740 487,739 485,738 484,738 483,737 452,737 452,735 451,734 437,734 437,732 436,731 430,731 429,732 357,733 355,735 39,739 39,748 38,749 38,751 37,752 37,753 36,754 35,754 34,755 34,756 35,757 36,757 37,758 137,757 137,760 138,761"/><TextEquiv index="0"><Unicode>Prud. Et jure merito: namque ſordidiſſimum</Unicode></TextEquiv><TextEquiv index="1"><Unicode>Prud. Et jure merito: namoue ſordidiſſimum</Unicode></TextEquiv></TextLine><TextLine id="l29"><Coords points="84,786 87,786 87,782 88,781 89,781 90,780 125,780 126,781 177,780 178,779 270,778 271,779 273,779 275,777 381,776 381,780 383,782 390,782 392,779 392,776 393,776 436,775 437,774 484,774 485,775 486,775 487,776 490,772 488,770 483,770 482,769 482,765 480,763 469,763 468,762 421,763 420,762 420,757 418,757 417,757 417,762 417,763 356,763 355,763 355,761 353,758 351,758 350,759 349,759 347,761 347,764 310,765 309,764 309,760 293,760 292,760 292,765 292,766 259,766 258,766 258,762 258,761 255,761 254,762 254,766 229,767 228,766 216,766 215,765 215,761 186,761 185,762 184,762 182,764 182,765 181,766 181,767 130,768 129,767 129,764 128,763 69,763 68,764 67,764 66,765 65,765 62,768 62,769 61,770 61,776 62,777 62,778 65,780 66,780 67,781 83,781 83,782 83,786 84,786"/><TextEquiv index="0"><Unicode>Opificium eſt ſutoris. hinc &amp; ego horreo.</Unicode></TextEquiv><TextEquiv index="1"><Unicode>Opificium eſt ſutoris. hine &amp; ego horreo.</Unicode></TextEquiv></TextLine><TextLine id="l30"><Coords points="59,787 59,812 491,807 491,782 59,787"/><TextEquiv index="0"><Unicode>Nolo eſſe ſutor. Pic. Ergo ſartorum in tribum</Unicode></TextEquiv><TextEquiv index="1"><Unicode>Nolo eſſe ſutor. Fic.Ergo ſartorum in tribum</Unicode></TextEquiv></TextLine><TextLine id="l31"><Coords points="227,835 230,835 232,833 232,829 272,828 273,827 331,827 332,828 334,827 335,826 370,826 371,827 371,831 372,832 375,832 376,832 376,826 376,825 417,825 418,825 418,831 418,832 420,832 421,831 421,825 424,825 425,825 426,825 427,824 428,824 429,824 429,816 430,815 430,812 429,811 429,810 427,808 424,809 423,808 423,812 422,813 399,813 398,814 358,814 358,810 356,808 355,809 308,810 307,809 306,809 306,814 305,815 272,815 272,812 271,811 260,811 259,810 255,810 254,811 253,811 252,813 252,814 251,815 251,816 250,816 213,817 212,816 210,816 209,817 146,818 146,817 146,813 145,813 142,813 142,817 141,818 114,818 114,817 114,813 113,813 108,813 106,815 106,816 105,817 105,818 104,819 77,819 77,816 75,814 73,814 72,813 68,813 67,814 65,814 64,815 63,815 61,818 61,820 60,821 61,822 61,827 65,831 69,831 70,832 71,832 72,831 101,831 102,830 150,829 151,830 158,830 159,829 185,829 186,830 186,835 190,835 191,835 191,830 191,829 226,829 227,829 227,834 227,835"/><TextEquiv index="0"><Unicode>Conſortiumque poſcis admitti puer?</Unicode></TextEquiv><TextEquiv index="1"><Unicode>Conſortiumque poſcis admitti puert</Unicode></TextEquiv></TextLine><TextLine id="l32"><Coords points="140,861 143,861 143,860 143,856 144,856 156,855 157,854 209,854 209,856 210,857 212,857 215,854 273,853 274,852 281,852 346,851 347,852 348,851 354,851 355,850 381,850 382,851 399,851 399,852 401,854 402,853 403,853 406,850 432,849 433,850 436,850 437,849 455,849 456,848 484,848 485,848 486,849 489,849 490,847 490,846 489,845 489,832 487,831 484,831 484,834 483,835 444,835 444,834 442,832 439,832 438,831 417,832 416,833 416,837 415,838 374,838 373,837 372,837 371,838 364,838 363,839 332,840 331,839 326,839 325,838 320,838 320,837 320,834 319,834 313,834 312,833 311,834 310,834 310,838 309,839 278,839 277,840 263,840 263,838 262,837 262,836 261,835 225,836 224,837 223,837 223,838 222,839 222,841 221,842 175,842 175,838 174,837 172,837 171,839 171,842 170,842 121,843 121,842 121,838 120,838 114,838 113,839 85,839 83,837 82,837 81,839 81,843 80,843 53,844 53,843 53,840 52,839 52,838 51,838 50,838 49,837 40,837 39,838 39,848 38,849 38,851 38,852 37,852 35,853 35,855 37,857 76,856 77,855 78,855 108,855 109,856 110,856 111,855 138,855 138,859 140,861"/><TextEquiv index="0"><Unicode>Prud. Neque hoc, ſed inter litteratos, ò Pater!</Unicode></TextEquiv><TextEquiv index="1"><Unicode>Prud. Neque hoc, ed ioter litteratos, ò Paterl</Unicode></TextEquiv></TextLine><TextLine id="l33"><Coords points="91,887 96,887 96,882 97,881 149,881 150,881 181,881 182,880 192,880 193,879 221,879 221,882 222,883 224,883 225,882 226,882 226,881 226,880 228,879 273,878 273,879 273,880 274,880 276,880 279,877 333,877 334,877 351,877 352,876 392,876 393,875 450,874 451,873 472,873 473,872 490,872 490,871 490,867 484,867 483,866 483,855 482,855 481,856 480,856 479,856 479,860 479,861 437,861 436,861 436,857 436,856 435,856 433,858 433,861 409,862 408,863 307,864 306,863 304,865 248,865 247,865 247,861 246,859 245,859 244,860 243,860 240,863 240,866 240,867 198,867 197,866 197,861 192,861 191,862 168,862 167,863 138,864 136,862 132,862 131,863 130,863 129,863 129,864 128,865 128,867 128,868 82,868 81,867 71,867 70,867 70,866 69,864 68,864 65,867 65,869 64,870 64,872 63,873 63,874 62,875 62,876 59,879 59,881 61,882 62,882 63,881 90,881 90,882 90,887 91,887"/><TextEquiv index="0"><Unicode>Atque ſtudioſos, fac, ut annumerer brevi.</Unicode></TextEquiv><TextEquiv index="1"><Unicode>Atque ſtudioſos, fac, ut annumerer brevi.</Unicode></TextEquiv></TextLine><TextLine id="l34"><Coords points="453,881 453,905 492,904 492,880 453,881"/><TextEquiv index="0"><Unicode>Jam</Unicode></TextEquiv><TextEquiv index="1"><Unicode>Iam</Unicode></TextEquiv></TextLine><TextLine id="l35"><Coords points="250,887 250,909 291,908 291,886 250,887"/><TextEquiv index="0"><Unicode>A 4</Unicode></TextEquiv><TextEquiv index="1"><Unicode>A q</Unicode></TextEquiv></TextLine><TextEquiv><Unicode/></TextEquiv></TextRegion></Page></PcGts>