<PcGts xmlns="http://schema.primaresearch.org/PAGE/gts/pagecontent/2019-07-15" xmlns:xsi="http://www.w3.org/2001/XMLSchema-instance" xsi:schemaLocation="http://schema.primaresearch.org/PAGE/gts/pagecontent/2019-07-15 http://schema.primaresearch.org/PAGE/gts/pagecontent/2019-07-15/pagecontent.xsd"><Metadata><Creator>User123</Creator><Created>2022-01-27T06:58:34</Created><LastChange>2022-01-27T06:58:34</LastChange></Metadata><Page imageFilename="0026.png" imageHeight="958" imageWidth="573"><TextRegion id="r0" type="paragraph"><Coords points="1,1 571,1 571,956 1,956"/><TextLine id="r0_l001"><Coords points="228,21 228,54 408,54 408,21 228,21"/><TextEquiv index="1"><Unicode>0</Unicode></TextEquiv></TextLine><TextLine id="r0_l002"><Coords points="81,34 81,53 106,53 106,34 81,34"/><TextEquiv index="1"><Unicode>4</Unicode></TextEquiv></TextLine><TextLine id="r0_l003"><Coords points="344,86 534,86 534,82 535,81 549,81 552,78 552,77 552,76 550,76 549,75 545,75 544,75 544,71 542,68 539,68 538,68 538,67 537,65 505,65 504,65 504,63 503,61 462,61 461,60 441,60 439,62 160,62 158,60 156,60 155,61 108,61 106,63 106,79 107,79 200,79 200,80 200,81 202,82 343,82 343,83 343,86 344,86"/><TextEquiv index="1"><Unicode>Nos lnter, t- Pic. propera eitò. Stip.</Unicode></TextEquiv></TextLine><TextLine id="r0_l004"><Coords points="133,86 133,111 296,111 296,86 133,86"/><TextEquiv index="1"><Unicode>exſpecta parum,</Unicode></TextEquiv></TextLine><TextLine id="r0_l005"><Coords points="108,111 108,134 494,134 494,111 108,111"/><TextEquiv index="1"><Unicode>Pro me ſimul, fac, afferas cere viſiam.</Unicode></TextEquiv></TextLine><TextLine id="r0_l006"><Coords points="273,160 275,160 275,156 277,154 329,154 330,155 331,155 332,154 388,154 389,155 390,154 499,154 500,155 501,155 502,154 502,147 503,146 503,145 504,144 504,143 505,142 505,140 502,136 498,136 495,139 495,142 464,142 463,142 463,138 463,137 461,137 460,138 460,142 428,142 426,140 425,140 424,141 423,141 422,142 371,142 370,142 370,139 368,136 366,136 365,137 356,137 355,138 355,142 323,142 322,142 322,139 322,138 321,138 320,137 316,137 312,141 312,142 231,142 230,142 230,137 230,136 215,136 213,138 213,142 178,142 177,141 169,141 168,141 168,138 167,136 134,136 133,136 133,135 133,134 130,134 129,135 129,141 99,141 98,141 98,139 94,134 85,134 83,136 83,138 85,140 85,150 83,152 85,153 193,153 194,154 271,154 271,155 271,159 273,160"/><TextEquiv index="1"><Unicode>Pud. Cereviſiam pro Seiſtrenuo viro</Unicode></TextEquiv></TextLine><TextLine id="r0_l007"><Coords points="275,184 276,184 276,180 277,179 343,179 344,180 346,180 347,179 401,179 402,180 403,179 458,179 459,178 475,178 485,178 486,179 512,179 513,178 515,178 516,177 516,176 517,175 517,171 514,167 497,167 496,167 496,162 496,161 475,161 474,162 473,162 472,163 472,167 413,167 412,167 412,163 412,162 371,162 370,163 370,168 329,168 328,167 287,167 286,166 285,167 263,167 262,167 262,163 261,161 258,161 257,162 256,162 254,164 254,167 208,167 207,166 161,166 160,166 160,163 160,162 153,162 152,161 151,161 149,163 100,163 99,163 99,161 98,159 97,159 96,158 93,158 92,159 91,159 90,160 89,160 87,162 87,169 84,172 84,176 85,176 88,176 89,177 99,177 100,178 116,178 116,179 116,183 117,183 119,183 119,181 123,177 149,177 150,178 208,178 209,179 275,179 275,180 275,184"/><TextEquiv index="1"><Unicode>Stup. Pro more ſueto non niſi viuum hibo</Unicode></TextEquiv></TextLine><TextLine id="r0_l008"><Coords points="109,186 109,210 549,210 549,186 109,186"/><TextEquiv index="1"><Unicode>Burgundinm, eſt hodie tamen, cum litteras</Unicode></TextEquiv></TextLine><TextLine id="r0_l009"><Coords points="439,236 440,236 440,230 441,229 450,229 451,228 507,228 508,229 539,229 539,230 539,233 540,233 541,233 542,232 544,232 545,231 546,231 546,230 547,229 547,224 547,223 545,223 544,222 538,222 537,222 537,219 537,218 534,218 533,217 491,217 490,217 490,214 489,213 489,212 489,211 488,211 487,212 460,212 459,213 459,217 391,217 389,216 389,212 389,211 364,211 363,210 362,211 354,211 353,212 348,212 347,213 347,217 300,217 299,217 299,212 299,211 267,211 265,213 265,214 264,215 264,216 243,216 242,217 213,217 212,217 212,212 211,210 209,212 209,217 183,217 182,216 167,216 166,216 166,213 165,212 165,211 165,210 164,211 122,211 121,210 109,210 108,211 108,212 109,212 110,212 111,214 111,225 109,225 108,226 108,227 109,227 133,227 134,228 196,228 196,229 196,230 197,231 197,234 198,234 199,234 200,235 201,234 201,230 203,228 240,228 241,229 244,229 245,228 272,228 273,229 438,229 438,230 438,236 439,236"/><TextEquiv index="1"><Unicode>Debebo plures ſcribere illuſtrem ad virum,</Unicode></TextEquiv></TextLine><TextLine id="r0_l010"><Coords points="425,261 429,261 429,260 430,259 431,259 432,258 433,258 433,254 434,253 461,253 462,254 467,254 467,255 467,259 468,259 472,259 472,254 473,253 499,253 500,254 514,254 515,253 515,247 516,246 517,246 517,243 517,242 504,242 503,241 494,241 493,241 493,238 492,236 490,236 489,237 489,241 459,241 458,242 444,242 443,242 443,241 441,239 441,238 440,236 439,236 438,237 438,242 405,242 404,241 395,241 394,241 394,236 394,235 375,235 374,236 373,236 370,239 370,242 338,242 337,242 337,238 336,237 336,236 332,236 331,237 322,237 321,238 321,242 290,242 289,241 288,242 268,242 265,245 239,245 238,245 238,244 236,241 218,241 217,240 216,241 198,241 197,241 197,238 196,236 151,236 150,235 114,235 113,234 111,234 110,235 109,235 108,236 108,251 110,252 140,252 141,253 199,253 199,254 199,259 200,259 204,259 204,255 205,254 245,254 245,255 245,257 246,257 247,257 248,256 249,256 251,254 371,254 372,253 417,253 418,254 422,254 422,255 422,258 424,260 424,261 425,261"/><TextEquiv index="1"><Unicode>Et Principem, ereviſis aſt longè aptior</Unicode></TextEquiv></TextLine><TextLine id="r0_l011"><Coords points="288,285 293,285 293,280 294,279 354,279 355,278 356,278 381,278 382,279 451,279 453,281 454,281 455,282 457,282 458,283 460,283 461,284 463,284 463,279 464,278 491,278 492,279 546,279 547,278 547,269 547,268 546,268 545,267 544,267 543,266 535,266 534,267 507,267 506,266 505,266 504,267 462,267 461,267 461,266 459,263 458,263 457,262 456,262 455,261 425,261 424,262 424,266 394,266 393,266 393,265 392,264 392,263 392,262 390,262 389,261 381,261 380,262 381,263 381,264 382,265 382,274 355,274 354,273 349,273 347,272 347,268 347,267 346,267 345,266 344,267 319,267 318,267 318,263 318,262 317,262 316,261 310,261 308,263 308,266 189,266 188,266 188,262 188,261 158,261 157,260 151,260 150,259 149,260 118,260 117,259 116,260 113,260 110,263 110,276 112,277 137,277 137,278 137,285 138,285 140,285 140,278 141,277 153,277 154,277 155,278 234,278 235,279 287,279 287,280 287,285 288,285"/><TextEquiv index="1"><Unicode>Snblimibus eonceptibus. Prud. Quantum</Unicode></TextEquiv></TextLine><TextLine id="r0_l012"><Coords points="136,286 136,308 187,308 187,286 136,286"/><TextEquiv index="1"><Unicode>Mubes</Unicode></TextEquiv></TextLine><TextLine id="r0_l013"><Coords points="110,310 110,335 501,335 501,310 110,310"/><TextEquiv index="1"><Unicode>It afferatur? nempe menſura integra</Unicode></TextEquiv></TextLine><TextLine id="r0_l014"><Coords points="239,360 242,360 243,359 243,355 244,354 245,354 246,353 384,353 384,354 384,357 385,357 387,357 388,356 389,356 389,355 391,353 423,353 424,352 462,352 463,353 525,353 526,354 528,354 529,353 531,353 532,352 532,344 530,341 529,341 528,340 516,340 515,341 498,341 497,341 497,336 497,335 456,335 452,339 452,341 389,341 387,339 385,341 369,341 368,341 368,338 367,336 353,336 351,334 348,334 347,335 319,335 317,337 317,338 316,339 316,340 315,341 302,341 301,342 265,342 264,341 218,341 217,341 217,337 217,336 210,336 209,335 152,335 151,336 151,338 103,338 102,338 102,336 101,334 99,334 98,333 94,333 93,334 92,334 91,335 90,336 90,337 89,338 89,344 87,346 87,348 86,349 86,351 88,352 101,352 102,353 118,353 118,354 118,358 120,359 121,359 122,358 123,358 123,356 124,355 124,354 125,353 237,353 237,354 237,359 239,360"/><TextEquiv index="1"><Unicode>Stup. Dimidia pro me ſnfficitt nam ſobrium</Unicode></TextEquiv></TextLine><TextLine id="r0_l015"><Coords points="136,385 163,386 164,385 492,385 492,384 248,384 247,384 247,382 248,381 420,381 421,380 425,380 425,379 426,378 467,378 468,377 470,377 472,375 472,373 473,372 473,371 472,370 472,369 469,365 451,365 450,365 450,361 449,359 137,359 136,360 116,360 112,364 112,366 111,367 111,372 112,373 112,374 116,377 118,377 119,378 132,378 132,379 132,384 133,384 136,384 136,385"/><TextEquiv index="1"><Unicode>Oportet eſſe publicum ſcrioam, ſuo</Unicode></TextEquiv></TextLine><TextLine id="r0_l016"><Coords points="112,386 112,410 531,410 531,386 112,386"/><TextEquiv index="1"><Unicode>IIt muneri faciat ſatis. Pic. potus utique</Unicode></TextEquiv></TextLine><TextLine id="r0_l017"><Coords points="329,436 330,436 330,429 331,428 486,428 486,429 486,430 487,430 490,430 491,429 491,428 492,427 492,423 491,421 481,421 480,421 480,418 478,415 451,415 450,415 450,411 450,410 412,410 411,409 410,409 409,410 118,410 117,409 111,409 110,410 110,426 109,427 111,428 146,428 146,429 146,432 148,433 309,433 310,434 313,434 313,429 314,428 328,428 328,429 328,436 329,436"/><TextEquiv index="1"><Unicode>Largior obeſt conceptibus ſublimibus,</Unicode></TextEquiv></TextLine><TextLine id="r0_l018"><Coords points="213,459 538,459 538,458 321,458 320,458 321,457 359,457 360,456 361,456 364,453 388,453 389,452 501,452 502,451 503,451 504,450 504,442 503,440 481,440 480,440 480,436 479,434 386,434 385,435 124,435 123,434 115,434 114,433 113,433 112,434 111,434 110,435 110,451 111,451 112,451 113,452 138,452 138,453 138,457 139,457 212,457 212,458 212,459 213,459"/><TextEquiv index="1"><Unicode>Experior ipſe hoc ſæpius, ſi ſum ebrius</Unicode></TextEquiv></TextLine><TextLine id="r0_l019"><Coords points="441,484 444,484 445,483 445,479 446,478 479,478 480,479 481,479 482,480 483,480 484,481 486,481 487,482 490,482 491,483 499,483 499,478 500,477 538,477 539,476 539,470 540,469 540,460 540,459 536,459 535,460 535,463 530,463 529,464 528,464 527,465 490,465 486,461 485,461 484,460 483,460 482,459 479,459 478,460 476,460 473,463 423,463 422,463 422,461 421,459 414,459 411,462 411,463 410,464 410,470 408,472 408,473 382,473 381,472 376,472 375,472 375,467 374,465 371,465 370,466 333,466 332,466 332,460 332,459 330,459 328,461 328,466 267,466 266,465 264,465 263,466 227,466 226,465 210,465 209,465 209,461 209,460 208,460 207,459 206,460 204,460 202,462 202,464 201,465 138,465 137,464 130,464 129,464 129,460 129,459 113,459 112,458 110,460 110,461 112,463 112,473 111,473 110,474 110,477 111,477 210,477 211,478 249,478 249,479 249,484 250,484 254,484 255,483 255,479 256,478 310,478 311,479 312,479 313,478 348,478 349,479 362,479 363,478 381,478 383,476 410,476 411,477 414,477 415,478 439,478 439,479 439,483 441,484"/><TextEquiv index="1"><Unicode>Non eonſuo aptos ealeos. Stup. Quanti</Unicode></TextEquiv></TextLine><TextLine id="r0_l020"><Coords points="138,484 138,503 182,503 182,484 138,484"/><TextEquiv index="1"><Unicode>ſolet</Unicode></TextEquiv></TextLine><TextLine id="r0_l021"><Coords points="111,509 111,534 540,534 540,509 111,509"/><TextEquiv index="1"><Unicode>Menſura media ſtare Prud. bluis crucigeris.</Unicode></TextEquiv></TextLine><TextLine id="r0_l022"><Coords points="120,565 154,572 155,571 570,571 570,570 155,570 154,570 154,565 155,564 167,564 168,563 304,563 305,562 535,562 537,560 537,559 538,558 538,554 538,553 537,553 536,552 532,552 531,552 531,550 529,547 528,547 527,546 503,546 502,546 502,541 502,540 186,540 185,539 125,539 123,537 93,537 90,540 90,548 89,548 87,550 87,555 89,556 92,556 93,557 119,557 119,558 119,560 120,561 120,565"/><TextEquiv index="1"><Unicode>Stup. ris minuti copiam haud mecum fero,</Unicode></TextEquiv></TextLine><TextLine id="r0_l023"><Coords points="512,585 513,585 514,584 514,583 515,582 514,581 515,580 570,580 570,572 570,571 569,572 569,579 508,579 507,579 507,573 507,572 506,572 505,571 456,571 455,570 453,570 452,569 447,569 446,569 446,565 446,564 412,564 411,565 411,570 169,570 168,570 168,566 167,564 125,564 124,563 114,563 111,566 111,569 112,569 116,569 116,570 116,581 117,581 181,581 182,582 236,582 237,583 346,583 347,582 452,582 453,583 500,583 501,584 511,584 512,585"/><TextEquiv index="1"><Unicode>Tantum aureos crutena concludit es.</Unicode></TextEquiv></TextLine><TextLine id="r0_l024"><Coords points="112,589 112,614 518,614 518,589 112,589"/><TextEquiv index="1"><Unicode>Cede Domine cognate crucigeros duos</Unicode></TextEquiv></TextLine><TextLine id="r0_l025"><Coords points="110,614 110,639 532,639 532,614 110,614"/><TextEquiv index="1"><Unicode>Mihi mutuos, fideliter redda omnia,</Unicode></TextEquiv></TextLine><TextLine id="r0_l026"><Coords points="112,639 112,659 464,659 464,639 112,639"/><TextEquiv index="1"><Unicode>Ibi refectos calceos ſolvam ſiul.</Unicode></TextEquiv></TextLine><TextLine id="r0_l027"><Coords points="569,694 570,695 570,666 570,665 566,665 565,666 565,676 503,676 502,675 494,675 493,674 492,674 491,675 474,675 473,676 435,676 434,675 401,675 400,676 356,676 355,675 346,675 345,676 289,676 288,676 288,672 287,670 286,670 284,672 284,676 259,676 258,675 177,675 176,675 176,671 176,670 152,670 151,669 146,669 145,670 144,670 143,671 142,671 140,673 140,674 111,674 110,674 110,672 109,671 109,670 109,669 88,669 87,670 87,687 88,687 89,687 90,688 91,688 92,687 146,687 147,688 148,688 150,690 151,690 152,691 155,691 155,690 156,689 156,688 157,687 220,687 221,688 294,688 295,689 312,689 312,690 312,694 313,694 317,694 317,689 318,688 399,688 399,689 399,692 400,692 402,692 403,691 404,691 404,690 406,688 458,688 458,689 458,693 460,694 463,694 464,693 464,689 465,688 538,688 538,681 539,680 539,679 540,678 565,678 565,679 565,694 566,694 569,694"/><TextEquiv index="1"><Unicode>Pie. Quin mutuos do quattnor, nam quattnor</Unicode></TextEquiv></TextLine><TextLine id="r0_l028"><Coords points="369,719 375,719 376,718 378,718 378,717 379,716 379,714 380,713 564,713 564,714 564,716 565,716 568,716 569,715 570,715 570,696 569,694 469,694 468,695 467,695 466,696 466,700 340,700 339,700 339,696 339,695 162,695 161,694 113,694 111,696 111,699 112,699 115,699 115,700 115,707 85,707 84,708 85,708 115,708 115,709 115,711 116,711 117,711 118,712 201,712 202,713 247,713 247,714 247,718 249,719 256,719 257,718 258,718 258,715 259,714 272,714 367,714 367,715 367,718 369,719"/><TextEquiv index="1"><Unicode>Tundem erucigeros talis agnatus valet. ]</Unicode></TextEquiv></TextLine><TextLine id="r0_l029"><Coords points="571,749 571,720 64,720 64,749 571,749"/><TextEquiv index="1"><Unicode>Pig. Seduoune Domine ſcriba τibi nimis gravisI</Unicode></TextEquiv></TextLine><TextLine id="r0_l030"><Coords points="571,773 571,749 112,749 112,773 571,773"/><TextEquiv index="1"><Unicode>Iſte locus, &amp; ſutrina tam ſœtens pice5</Unicode></TextEquiv></TextLine><TextLine id="r0_l031"><Coords points="341,798 344,798 345,797 345,793 346,792 359,792 360,791 409,791 410,792 411,792 412,793 413,793 414,792 489,792 490,791 491,791 491,785 493,783 493,781 493,780 470,780 469,779 454,779 453,779 453,778 451,775 449,775 448,774 442,774 440,776 440,790 415,790 413,788 408,788 407,788 407,782 406,780 381,780 380,780 380,775 379,773 377,773 376,774 370,774 369,775 368,775 366,777 366,779 365,780 307,780 306,780 306,776 306,775 280,775 279,774 270,774 269,775 269,780 181,780 180,779 170,779 169,779 169,774 169,773 168,773 167,772 166,773 165,773 164,774 163,774 161,776 161,778 160,779 132,779 131,778 123,778 122,778 122,775 122,774 119,774 118,773 112,773 111,774 110,774 109,775 109,789 108,790 108,795 104,795 103,796 104,796 132,796 133,795 134,795 134,794 135,793 135,792 136,791 170,791 171,792 340,792 340,793 340,798 341,798"/><TextEquiv index="1"><Unicode>Ego ferre non dlutius poſſum. Pater</Unicode></TextEquiv></TextLine><TextLine id="r0_l032"><Coords points="566,830 567,830 567,822 568,821 568,808 568,807 540,807 539,807 539,800 539,799 299,799 298,798 134,798 133,797 105,797 104,796 103,796 102,797 102,798 85,798 84,799 84,804 85,805 85,812 86,812 113,812 116,815 118,815 119,816 199,816 200,817 234,817 235,818 362,818 362,819 362,823 363,823 364,823 365,824 366,824 367,823 566,823 566,824 566,826 565,827 565,828 566,829 566,830"/><TextEquiv index="1"><Unicode>Clavem ad eubiculum ſuperius. Pic. Quod</Unicode></TextEquiv></TextLine><TextLine id="r0_l033"><Coords points="136,824 136,847 211,847 211,824 136,824"/><TextEquiv index="1"><Unicode>petis,</Unicode></TextEquiv></TextLine><TextLine id="r0_l034"><Coords points="492,845 492,881 568,881 568,845 492,845"/><TextEquiv index="1"><Unicode>Co0-]</Unicode></TextEquiv></TextLine><TextLine id="r0_l035"><Coords points="106,892 106,916 418,916 418,892 106,892"/><TextEquiv index="1"><Unicode>Dat Prudentulo pecuniss, qui abit</Unicode></TextEquiv></TextLine></TextRegion></Page></PcGts>