686 1291
31 59 136 101 4
199 123 579 159 ARGVMENTVM.
144 186 683 236 AgrHAINE magnâ ex
213 235 683 275 parte à Scipione captâ, oppi-!
147 274 683 315 lani in arcem, quæ velut alte-
52 313 683 360 ra quædâ urbs fuit, Byrſam nomi-!
53 351 683 396 ne, ſe recipiunt. Erant præter Aſ-!
125 394 683 436 drubalem, ac Numidarum transfu.!
125 434 683 482 gas DCCCC. Punici nominis ferèl
124 475 683 517 LM. Quorum ad calamitates præl
1 513 683 557 ter famis acerbitatem, quæ jamdu-
1 543 683 602 dum etiam ſtante adhuc urbe ſævire
126 595 671 639 cœperat, transfugarum deſperatio,
129 637 672 678 ac crudelitas acceſſerat : qui per vi-
123 676 683 720 cos, atque domos graſſati infeſta
58 718 683 760 omnia direptione ac cædibus habe-
122 759 673 801 bant. Inter tot incommoda, cùm
128 798 674 841 jam V. fermè dies Scipioni reſti-
128 839 675 882 tiſſent, poſtremò Sacrorum Antiſti-
129 879 675 922 tes cum infulis, & ſuppliciis ad eum
130 919 679 963 allegant. A quibus tentatum fruſtrâ
132 960 679 1003 eſt, ut everſam patriam inſtaurare!
131 1001 676 1047 iiſdem in veſtigiis liceret. Quae
131 1039 676 1085 per eoſdem Legatos de deditione
130 1081 676 1124 actum eſt, eâ lege, ut ſalvi omnes
132 1120 676 1162 Byrſâ atque incolumes evaderent,
571 1163 676 1219 uo
