685 1287
55 40 504 62 10 DIONSII PETAVII
111 64 360 89 Ardent Sidoniæ domus.
117 86 405 111 Et quamvis properet furens
74 111 386 135 130 Vulcanus, properet manu
117 135 390 158 Hoſtis non patiens moræ;
119 157 380 181 Vrbis mole tamen minor
119 180 369 203 Lentos increpitat rogos.
117 202 404 226 Nec dum funditus obrutam
55 225 375 248 135 Victor bis decimo propè
119 248 362 272 Ardentem queritur die.
118 271 389 297 At nunc funditus obruet:
120 294 343 320 Evictamq́ue rapacibus
122 317 358 341 Flammis altius hauriet
54 339 376 366 140 Congeſtus cumulo cinis.
123 362 415 388 Sed quiſ-nam attonitas ferit
124 386 401 412 Aures jam propior ſonus?
124 410 371 434 Tyrrheniq́ue frequentior
124 433 381 458 Æris perſtrepuit fragor?
76 454 406 481 145 Dus ſigna Auſonius movet.
109 485 635 527 ACTVS SECVNDVS.
188 549 557 569 SENATOR CARTHAGINIENSIS
127 582 633 616 Queritur cives fame premi, atque in urbis
156 616 424 649 deditionem propendet.
123 661 595 722 CEu prona medio puppis in pelago, diu
169 685 572 710 Luctata, primis fluctibus feſſum ut latus
159 709 576 737 Submiſit; exin agmine ingenti globus
129 731 586 756 Præruptus undæ ſequitur, & gravidam premit
108 754 543 779 5 Magis, magiſq́ue: donec incumbens ſuper
130 777 571 802 Graviore decimus impete hanc fluctus voret.
129 800 509 824 Aut qualis alto vertice aſtriferi ſenis,
129 824 557 850 Seu Thracis Hæmi, Cilicis aut Tauri jugis,
129 846 489 871 Luxata cæco turbine, aut longo ſilex
76 869 461 894 10 Adeſa ſenio, ſicubi avulsâ trahi
131 892 501 916 Radice tandem potuit, immani tuens
130 914 502 939 Fragore quatitur. Talis adverſis ſemel
103 937 544 964 Impulſa fatis, ſæcla poſt dena occidens,
131 961 554 986 Carthago peſsùm rapitur, & longam trahit
100 984 563 1008 15 Præceps ruinam. Triſte documentum ſumus
130 1005 633 1034 Quid iniqua poſſint numina. O patria! O Tyri
128 1029 556 1054 Antiqua ſoboles! cinere mox denſo tepens
129 1050 633 1091 Nil præter urbis nomen, & fœdam ſtruem,
129 1072 511 1098 Idemq́ue ſortis ſpecimen infelix eris.
99 1090 633 1122 20 Nam quid moræ ultra est? Quantulūm id ne ſis vetat?
128 1116 598 1144 Pars quota ſuperſtes? Huccine hæc moles redit?
111 1138 516 1168 Quantæ reliquiis urbis, ac gentis ſimul
594 1159 643 1191 Arx
