692 1286
15 1 72 20 5
204 35 524 62 DIONVSII PETAVII
44 44 112 60 1
92 59 537 87 240 Depone primus. Spiritus agedum truces,
135 83 543 107 Nec uiles compeſce. Quid pugnam cies?
135 105 575 133 ,,Impunè nemo Principem aggreſſus tulit.
136 123 674 161 ASD. Animam inſolentem frangere, & ſtolidi ſenis!
138 151 592 178 Comprimere faſtus, facile, ſi lubeat, viro eſt.
98 175 614 201 245 Nunc cura revocat gravior. Arcete hunc procul.
1 179 29 216 !
140 191 675 228 Raptetur. MAH. Vt ſe non ſnum ad morem ferus
141 221 586 248 Componit ægrè! Mitis eſt tandem Aſdrubal.
1 227 29 259 I
141 238 675 274 Quis poſſe credat? ASD. Hæc mihi infeſix malo
143 268 671 294 Domanda lingua eſt. Fræna quo laxes magis,
105 290 547 316 250,, Hoc mage ſeroces colla luctantur jugo
1 296 30 336 I
145 314 573 340 ,,Bxcutere: habenis meliùs adductis regas
144 337 552 363 ,,Inobſequentes., Si quis eſt miles propè,
145 352 681 386 Sucedat. Hunc vos rapite. MA. Quæ tam barbaram
1 370 27 409 I
146 383 561 410 Hyrcana monſtrum tigris, aut fœta algido
112 406 533 433 255Speco proſudit urſa? quæ ſimilem tulit
1 411 29 471 !
148 429 575 456 Olim Tyraunum regio? Non ille hoſpitum
149 453 574 479 Pharios tepenti ſanguine inſpergens focos.
151 475 493 501 Aut ille aheno ſuetus iucluſos bove
1 490 30 530 I
152 500 571 525 Torrere ſontes Phalaris. Aut qui præpetes
117 521 549 549 â0 Æque hoſpitali Thracius Princeps dape
152 543 611 571 Pavit quadrigas, tam ferum, ac tetrum indnit,
1 543 31 593 I
151 567 575 594 Avidumq́ue cædis pectus. Vt perdant malè
152 591 560 617 Dii te Senatus carnifex, gentis probrum!
154 614 588 642 ASD. Etiam laceſſis ore furibundo procax?
119 637 551 666 2s5 Injicite vincla. Noſtra quid poſſint ſcies
156 653 680 692 ,,Imperia. SEN. Mentis fervidos motus preme;!
156 685 582 711 ,,Ne quid quod olim pigeat irata occupet.
156 706 558 734 ,,Malus regendi interpres officii furor.
160 729 689 768 ,Q plura facere liceat; hoc libeat minus.
1 735 28 769 1
118 752 589 780 1150 ASD. Faceſſat. Hæc tu capite. ſi vivo, lues.
160 777 536 803 Vos ſaniori mente, quod facto eſt opus
1 775 29 820 5
158 798 646 825 Conſulite mecum. Nec meâ hic causâ labor
162 822 565 849 Suſaeptus angit. Nullus immemorem ſui
161 846 539 870 Et obſtinatum in fata pervincit timor.
121 869 548 895 25 Sed patria clades: cujus afflictæ piget.
165 893 507 919 Piget cadentis Imperi, ætatis piget
162 915 560 937 Imbellis heu! ſexſſque, confusâ furens
162 937 577 964 Quem ſtrage paſſim gladius hoſtilis merit.
161 926 689 1006 ne me uns trepiduma cura, me imbellem facit.!
121 983 579 1008 1i0 Hæc me, quod iſtis peſſimum in fatis reor,
164 1008 563 1032 Hoſtem rogare cogit. Ergo iterum prece
162 1029 574 1054 Tentanda miſeris venia, & Auſonius rigor
163 1052 503 1075 Emolliendus. Vna perculſis ad huc
163 1074 510 1099 Spes eſt ſalutis, ſi qua Legatis ſalus
114 1082 681 1123 2s5 Expreſſa veniat. SEN. Quis fbi has mandet vices
164 1112 682 1143 ASD. Partes Deſim hæ ſunt. SEN. Numinum huc
238 1141 369 1166 aliq́uid polo
602 1152 682 1190 rrhe!
