688 1291
135 37 617 74 CARTHAGIN. TRAGOEDIA.
102 64 606 98 Quidquam pavendum reſtet.SCI. Hic mecum labor
64 83 603 120 Fuerit. MAR. Quod inſtat, penitùs inimicam erui
102 111 540 140 Vrbem Senatus mandat. Hæc tacitè in ſinum
72 134 515 165 25 Commiſſa per me ſedulo ut præſtes rogat.
103 157 520 188 Pax huic, fideſq́ue nulla. nec veniæ locus,
100 179 485 205 Nec ulla ſunto fœdera. In flammas eat
100 202 505 231 Carthago, & altus condat everſam cinis.
581 226 630 240 V
101 226 479 255 Cœlum execrandæ peſtis aſpectu leva,
45 249 590 282 30 Terrore patriam. SCI. Sponte currentem incitas:
101 272 600 305 MAR. Video, nec addam his plira. Quin veterum
100 296 599 328 Septena Libycis miſſa ſupplendis venit. (cohors
100 319 512 352 Subvecta patiter farra, & in belli moras
99 342 602 374 Quod atrributum eſt æris. SC Hoc me animo jurat
61 363 476 391 s Certare Patriæ, quo meis rebus favet.
129 410 570 456 Legati Scipionem fruſtra rogant, ut
231 448 451 486 Carthagini parcat.
100 491 597 527 LEGATISACERDOTES.SCIPIO.
96 526 598 557 LE.Quande Superis Ductorl Huc Tyriâ ſacer
158 550 569 581 Legatus arce tendit, & veniam rogat.
97 572 646 603 SCIP. Quænans huc ſubegit cauſa? LEG. Quæ e
220 595 310 619 proſperis
96 617 484 643 ,Rebus fluentem lubrica infidæ monet
1 640 509 673 H 40,, Timere ſortis: quoque te extollit mnagis
95 665 515 694 Hoc te magis contrahere, nec duro pede
94 686 497 713 Aliena premere fata, metuentem Deos
94 711 500 741 Parum fideles. Sæpe Romanos ouidem
94 733 500 761 Cartbago ſupplex adiit. Hæ gentis vices.
1 751 525 787 45 Hæc generis olim fata. Sic nunquam tamen
94 780 508 806 Supplex adivit. Maximum hæc vobis diet
92 803 501 831 Novumue prima decoris acceſſum parit.
93 825 491 858 HIomines ſolebat antè. Nunc pro ſe Deos
93 850 502 879 Allegat. Hos tu ſtare nobiſcum, hos focis
47 872 448 898 50 Ariſue pulſos genibus advolvi tuis.
94 896 495 924 Vnâ & precari crede: Teue ergo Africæ
92 920 524 950 Sceptris tumentum patria, & Herculei ſupra
81 942 469 971 Fi nem laboris ſpatia merantem imperi
1 959 442 988 5 Io has Latino Marte ruituram vices
55 989 452 1016 55 Sperare potnit ullus, ut dextrâ genu
92 1011 493 1039 Hoſtile prendens. ſupplici inſtares prece,
90 1035 480 1063 Non imminenti ut colla ſubducas ingo.
91 1059 518 1086 Dominſimve renuas: non u,hanſtis levet
92 1081 507 1107 Sereile pretium capitis. He! grarior tibi
52 1103 557 1127 60 Sors deprecanda eſt. Tantulum ut ſalvam velit
94 1127 538 1152 iſeramq́ue victor. mole pugnandum arduâ.
89 1150 501 1177 Hæc ſumma voti, ue ſolo afflictam tenus,
537 1176 597 1202 Rapi.
