685 1303
148 45 619 76 CARTHAGIN. TRAGOEDIA. 3
107 70 520 93 Deripere portu. Subdoli ad nutum Ducis
106 93 505 120 Adve himus. Opibus ſola de cunctis ſibi
105 115 609 144 Cart hago reliqua fuerat. Hoc veſtrâ in manu eſt,
104 140 506 163 Vtru ſuperſit. Per tot impenſas, nihil
66 159 524 188 115 Prærer ſalutem pacta, & incolumes Deos,
103 184 532 209 Non obtinebit? nec datam exſolvet fidem
102 207 578 233 Iamnjam bilinguis Roma? quam labem inferar
102 230 543 259 Agnoſce. Cauſam ſi minus noſtram probas;
102 254 574 280 Propriæ faveto. Quid quod hæc ſtirpis tuæ eſt,
1 273 542 301 1a20 Aviq́ue munus ſalva? Quid damnas avum?
99 300 603 327 Quid ſtemma patrium catpis? & magnæ amputas
98 323 502 351 Monimenta laudis? Hlle ſubjunctâ jugo
1 330 481 372 Contentus urbe, majus ereptâ tulit,
99 367 613 396 Pretium, decuſ, ue. Nomen huic Libya inclytum,
1 393 558 426 I5 Non tam manu perdomita, quam ſoſpes dedit.
100 416 534 442 Dabit & nepoti. Vincet hunc etiam nepos,
98 438 498 465 S. fracta cujus Marte Carthago occidit,
98 461 544 487 Iterum hoc jubente ſurgat. & priſco gradu
99 485 497 511 Redivra ſtare mœnia, atque arces velit.
59 507 563 535 10 Quod tu, per illam dexteram, Publi, precor;
97 531 549 558 Per iniqua Pœnis numina, & Trojâ, ac Tyro
96 554 489 581 Profugos penates: perq́ue nullius manu
95 578 532 604 Movenda patrum buſta, maneſq́ue integros,
97 600 505 626 Permitte tandem. Veſtra ſic ſemper Deos
57 623 553 650 5 HIabeat ſecundos Roma, Sic nullos tremant
1 633 522 671 Tarpeja Gallos culmina. Hoc Divûm ſator
96 667 454 696 Armatus orat falce procurvâ ſenex,
1 687 492 741 rifda coercet cuſpide. oc charâ petit
97 692 540 719 Hoſpeſq́ue quondam veſter; hoc qui cœlites
98 738 510 764 Pro gente ſupplex Conjugis magni ſoror.
1 756 529 788 1P Hoc lucis almæ genitor: hoc Phœbo ſatus,
98 785 527 811 Quem Gtaja colubri terga pandentem colit
99 807 486 832 Epidaurus. Vltrâ ſi peti pœnas placet;
99 831 505 856 Servata pœnas, & quidem ingentes, luet,
99 855 540 880 Ne metue: vivet miſera. Nil elale hac potes
55 875 457 902 H45 Aſtruere gravius, eſſe crudelis potes.
98 901 597 926 SC. Non me eſe, tumido læta quem rerum efferant
97 924 509 949 Faſtu inſolentem: quem ſuperbifico juvet
99 947 500 971 Calcare greſſu, Marte quos fractos ſemel
98 970 551 995 Vel merita ſors extmrbat: haud equidem reor
1 975 554 1020 35o Latere quenquam. Nec mihi ſerro aſperum,
98 1016 481 1042 Aut ſilice, credo, pectus obductâ riget.
97 1039 455 1064 Sed imperantis juſſa me patriæ neſas
96 1056 524 1087 vViolar. Si vos ſœdus ex animo irritum
96 1084 468 1111 Sarctre, non jam Panict optatis fide:
55 1103 543 1133 155 Præſto eſt: nihil me plura cunctantem loqui,
95 1129 523 1157 Vos terere luctu tempus imbelli expedit.
92 1149 535 1179 Incilis viaeſt, breviſq́ue. Quæ geminus tulit
559 1172 588 1192 D
