780 1340
712 30 750 55 t
115 61 598 94 C ARTHAGIN. TRAGOEDIA. 7
717 66 757 106 I
166 108 515 143 Fruſtra pro transfugis agunt.
93 162 568 184 LEGATI CARTHAG. SCIPIO.
82 197 565 223 LEG. Cujus armis ſubdita Auſonias potens
153 220 593 252 Aurit ſecures Libya, Scipiadum genusI
82 244 446 268 Romæ ſecundis, Punicæ infenſis rer
1 266 530 291 5 Exorte Superis. Quod malis minimum potes
84 289 497 315 Impendere, audi. Neve quod victi preces
86 312 527 337 Gemituſq́ue toties ferimus, aſflictos tuis
86 336 593 361 ,,Contemne pedibus. Hanc habent magnæ indolè,
88 359 539 383 ,,Et avida laudis pectora, ut miſeros levent,
1 383 570 407 Ao00,, Premant feroces. Non ego ut patriam precor,
88 406 515 430 Sedémve dones veterem; ut intactas adhuc
88 428 559 451 Ferróue, & avidis ſubtrahas flammis domos.
1 452 439 491 Et hoc tamæn decebat orantes Deos
88 473 507 503 Audire, & animos regere, plus captâ ſatis
1 496 523 533 o5 Vrbe obſecutum. Nam quid excisâ amplius
88 521 516 546 Aſqueris? in vos imperi damnum redit.
88 543 592 569 Veſtrum omne, veſtrum eſt, Africæ quidquid perit:
88 566 592 593 Dolor eſt pudoŕue noſter. At nil jam integrum eſt
90 591 436 616 Ardemte totâ, ſede ni priſcâ jacens
1 611 604 643 310 Rurſum excitetur. Hoc quoque infenſus negas?
91 637 522 663 Nec jam precamur. Vertite, obruite omnia:
89 660 458 685 Vrbis reliquias ſpargite: infelix Tyri
88 683 550 710 Nuſquam propago, nuſquam Agenoreæ domus
91 707 466 731 Vaſto ſuperſit cinere cumulatus labor.
27 727 568 754 15,, Quodcunque victor ſtatuit, hoc vitis grave eſt
93 752 511 779 ,Tolerare, & eſt neceſſe. Sed vel jam pati
93 776 525 800 Liceat: date odiis compotes noſtri modum.
92 799 489 823 Donate miſeros luce: ſpoliatos, vagos,
95 822 475 846 Patriâ carentes, quotquot excisâ ſuper
61 845 483 870 32o Reſtamus urbe, Byrſa quos vivos tegit,
96 867 459 893 Errare quovis ſinite. Seu rellus placet
93 891 541 917 Peregrina; ſeu quam vetere ſummotram novæ
94 913 533 939 Mandatis urbi. SCI. Transfugâ excepto nihil
95 935 498 961 Moramur omnes: ſolus hic pœnas dabit.
23 958 589 987 ,25 LEG. Patce. Imperator, parce. SC. Nec veniam Iovi
1 982 471 1011 Devota Stygio capita, nec lethi ſugam
97 1002 577 1029 Meruere. LEG. Precibus, Conſul, extremis fave.
26 1019 591 1050 SCI. Abfiſte. LEG. Patere id unicum obtineam.
184 1055 276 1072 SCI.Veto
100 1073 472 1099 Vltra precari. Quid teris fando diem?
64 1097 466 1123 0 Abite. Cives arce quò viſum eſt, eant
103 1120 506 1146 Migrent́ue ſoli Denſa fugitivum gregem
102 1140 508 1169 Hinc inde ferro actincta prætexat cohors:
101 1164 484 1193 Ne quâ fuga dilapſus iu turbâ Nomas
487 1178 588 1208 Corripiat.
702 1203 778 1267 ,
