708 1348
127 87 644 123 CARTHAGIN. TRAGOEDIA. 35
95 132 624 167 Tribunus Carthaginis arcem eaptam in-
134 165 561 197 relligens, transfugas obſer vart iubet.
92 207 594 229 TRIBVNVS MILITV. NVNCIVS
241 232 448 250 M. Æ MILIVS.
91 263 593 291 TRIB. Vò tam citatus raperis? N.Ex voto Deis
164 287 603 312 NAuſpicibus act eſt Vacua Sidoniâ man
92 308 484 336 Byrſa obtinetur. Fixa jam medio aggere
47 334 541 359 25 Romana ſtant vexilla, TRIB. Sed belli caput
91 357 579 382 Quonam Aſdrubal, mileſque deſertor loco eſt?
90 380 582 406 VNC. Stat arce mediâ rupibus cinctum arduis,
88 402 590 429 Adituq́ue templum hiaud facile, Phœbi genæ ſacer
92 425 494 452 Vbi blandus adytis colitur arcanis draco.
41 444 513 475 â0 Hoc transfuga hoſtis opere munitum & ſitu
57 471 489 498 Aſdrubale petiit comite. Nec parvo licet
92 495 464 523 Subire damno. Quippe prærupto ſilex
90 518 418 544 Adeſa latere calle vix arcto viam,
92 541 525 566 Fallente greſſu, verticem ad ſummum facit.
43 565 509 591 55 Tum prona ab alto ſaxa ſuperantes jugum,
91 588 590 613 Et jacula quatiunt. MAR. Igne correptum ardeat,
90 611 583 637 TRIB. Nunc primus illos fervor, & veniæ ſimul,
88 634 486 659 Vitæque ſpes adempta furibundos necem
90 659 530 684 ,, Oppetere ſtimulat. Impetus magnos habet
39 682 507 707 290,, Expes priores ira, Qui ſperat nihil,
90 701 528 729 Perinde nil jam metuit. Aliquanto impotens
87 727 540 753 Spatio refidat æſtus, Haud multum tamen
85 750 539 775 Moræ trahendum eſt. Interim excubias vigil
87 773 475 798 Quartanus omnes obeat ad clivi exitus.
37 796 542 821 25 Ne clauſus uſquam transfuga in tutum evolet.
122 843 557 874 ASDRvALELATEBRA PRODIENS,
104 886 583 924 A Scipione ſupplex veniam, ac vitan
251 924 426 955 petere ſtatuit.
93 959 485 985 Bſceſſit. Ibo, moq́ue Ductori offeram
82 982 563 1009 Supplex Latino. Quo miſer properas Dabit
83 1006 563 1029 Nempe ille veniam? Perimet illuſum: & cruce,
86 1029 457 1056 Ferrc ve plectet. Vrbe vaſtatâ ferum
32 1053 458 1078 3 Fors mitigabit pectus: & nimiùm ſibi
84 1075 476 1101 In nos furot permiſit. Exhauſtis cadent
84 1096 504 1123 Violenta Pœnis odia. Quid demens agis?
83 1121 546 1146 Sic credis hoſti? Quo tuum imprudens caput
82 1141 537 1169 Committis? Atcui? quém, ve ? Sic notus tibi
29 1166 531 1192 5 Olim hoſtis idem victor? Ergo illum timrs.
74 1188 508 1215 Qi jam pepercit? Nam quid in causâ pari
521 1210 595 1228 Diltiao
291 1212 396 1235 C3
