678 1286
179 44 497 69 DIONYSII PETAVII
9 51 90 82 35
107 65 546 97 Diſtinguat unum? Sed Ducem infenſus velie
103 91 501 116 Vt eſſe ſalvum vereor : Et, quo non benâ
108 115 495 141 Canhago ſtante jaceat, in patriæ metus
68 136 568 167 g10 Hunc ſoſpitem ultrò linquat. Adde Italos neci
110 159 527 187 Per me cruentæ rraditos. Piget, ab! piget
109 183 502 210 Sæviſe tantùm, cùm ſub aſpectum Ducis
108 208 457 229 Per mille fluxit tela captivus cruor.
110 227 551 256 Quid nunc rear? Facilſne poſt tantum nefas
69 251 515 280 115 Sperem Latinos? Qualibet profugus late.
111 268 667 303 Fuge. Quò revertar? Quas petam extorris plagas?5
110 297 551 323 Vrbémne? Quam vis ignium rapidis cremat
112 320 572 348 Complexa fammis ? Templa perfugio legam?
113 342 572 372 Modo quæ reliqui: quæq́ue poſtremò hoſticus
53 368 552 394 320 Pervadet enſis? Regna longinqua expetam?
115 389 540 414 Pet Latia dubium caſtra tentandum eſt iter
112 412 519 441 Qui fallere autem dabitur? Obſedit viam
111 434 665 463 Crebra hinc, & inde ſtatio. Quid demum ſequar?
112 458 533 487 Nec ſtare tuto hic; fugere nec tuto datur.
73 481 581 513 5 Ibo, ibo ad hoſtem. Quid paras? redeo: feror.
116 505 471 530 Revertor, ades. Fervet agitato mari
115 524 519 554 Par mentis æſtus. Genu ne acclinis ſolo
114 549 669 582 Inimnica ſtringam mnibus? Vt domini tremens.
118 572 538 600 Feram ſuperbi juſſ? Quid Pœni interim?
76 593 567 625 30 Quid Libya dicet? Quid fugæ hortatrix. tori
120 618 527 647 Animoſa conſors ?cuius adgemitu ferox
120 641 541 669 Magnifica dederam verba. Sed jam ſpiritus
118 664 545 689 Omitte veteres: debitam fato indolem,
120 679 548 716 ioreſque patere, ceâe vei sââris. rude
79 709 530 738 335,, Hoſtem precari? vVanus aſfflictis pudor.
122 734 460 761 ,Felix decori ſerviat, vitæ miſer.
122 776 668 816 Bithyjas figâ elapſus ſdrubali ſuades,
195 811 523 848 ut ſe Scipioni committat.
195 854 551 879 ITHYAS. ASDRVBAL.
124 875 666 916 aITI. 5Nter tumultum lapſus, & ſtrepitum, ſaerâ!
196 912 601 939 Tandem profugi ſede Dii! factum benè
127 935 504 964 Quod eruiſtis. PrO! mihi quantus fuit
85 958 546 985 S40 LatÆre noſtros pariter, atque hoſtes labor!
120 974 665 1012 Hc nunc eundum eſt, vulgus ut captum aſſequat;
127 1004 543 1032 nò jam Aſdtubal tetendit: & nullo reor
127 1027 586 1053 Comitante, ſed me conſcio. Vrgendum eſt iter.
128 1050 515 1075 Hi templa teneant, febiles lethi moras.
84 1071 553 1098 45. Pereantque ſoli. Stulta in extremis fides.
126 1094 581 1119 ,.Sibi quiſque primùm, cetera oblitus, vacet.
125 1109 661 1145 ASDR. Qis ille ab arce tendit? Ipſe adeo eſt fugæ!
119 1140 527 1170 Nihi conſiliq́ue ſocius. Adventu beas.
567 1156 661 1193 Fidus
