708 1352
107 85 619 120 CARTHAGIN. TRAOEDIA. 39
68 115 427 137 Fidus mnearum particepsrerum veni.
22 138 634 170 50 BIT. Dii me, Imperator, téue, quod voti eſt taput,
67 160 494 186 Eripere pergant. Pars quidem elapſis adhuc
67 183 449 208 Spei peracta eſt: cetera in ſatis ſedent
67 206 567 231 AS. Qui tu atce demum evadis? Bl. in ſeſſum pvens
67 228 513 253 Dum Numida clivum munit, & templi objice
20 251 485 299 15rfmt?e
68 297 448 322 Qua patula ſterili crate ramorum viret
68 320 492 344 Caprificus, altum ſubrigens trunco nemus.
69 343 394 368 Inde alligatâ reſte demiſſus ſolo.
21 365 468 394 30 Obſtante nullo, fugio. Tu necdum ſubis
71 389 507 414 Optata Rutulum caſtra. Quid lentus manes?
67 411 598 436 ASD. Nempe animus inter dubia curarum æſtuat
67 435 474 460 Vttremulus undæ fulgor adverſo micans
66 457 520 482 Hûc Sole & illuc volitat: haud animo ſecus
19 481 441 506 a65 Partes in omnes conſiſi incertus feror.
66 503 572 532 BITH. Quis te metus? quæ cura diſtractum rotat?
68 526 572 552 ASDR. Leviora tantis nulla quod caſus malis
46 550 570 575 Terfugia monſtret. BlT. Rurſus in dubium vocas,
70 573 571 598 Quod j neceſſe eſl? ASD. Pars mihi eſt luctus, geri
20 596 574 620 70 Quod jam neceſſe eſt. BITH. Turpe num veniam
68 620 577 644 Orare? non eſt turpe. Credatur tamen. (putas
66 643 443 667 Hoc tantus omne dedecus victor levat.
68 665 570 691 Quid? cedere illi?fectere hinc precibus probrſ eſt,
69 688 512 713 Cui cedit Orbis? Aſia quem dominum colit?
19 711 541 737 Cui Libya ſervit? Nam quid Europam loquar?
69 734 478 759 Olim hæc habenas ſenſit. Hic quanti jugo
66 757 461 782 Flexere Reges colla! quot ſtatos humi
68 780 442 805 Erexit hic, qui parcere afſictis ſolet.
69 800 559 827 Calcare tumidos populus! ASD. Eſto, animus fibi
19 825 521 850 3E0 p5umile imnerabit aliquid, atque infr virum.
67 848 596 872 Quid deinde? parcet ille? BrrH. Iam factum puta.
66 869 575 898 AS. Quidnam hæc futura credis? ! Expertus ſcios
66 894 531 919 Mihi nota gentis pectora. ASD. At ne vindices
69 918 423 942 In me, ſuorum, juſtus itritet dolor.
19 936 528 964 305 THI. Majora quanto meritus evaſit tamen
68 961 604 988 Barcæus Heros? ASD. Poſt necem es torris luit.
607 974 673 1000 3I5
66 983 600 1013 BITH. Bis jam rebellis, armaq́ue in dominos ciens
69 1008 578 1034 Rediviva periit. AS. Fors triumphales ovans
69 1032 475 1057 Dux ante currus colla devinctum trahet;
19 1050 623 1082 23o0 Celebriſi; gradiar pompa. BT. Quid pronus labat
69 1074 572 1105 In pejus animus? Tam ſecus capto poteſt (ri,
69 1096 578 1127 Acc idere, quàm quod metuis. AS. Ante equidâ mo-
70 1120 515 1150 Adigiq́ue ad umbras ſulmine impacto velim,
70 1145 466 1170 Qum me iſte tali ſorre damnatum raui
20 1169 487 1193 95 Sol videat. Hoc tu facilè pervincas prece.
485 1203 581 1234 Aſdru
331 1208 391 1238 C 4
660 1236 706 1265 j
