707 1302
150 57 668 86 CARTHAGIN.TRAGOEDIA. 45
61 84 613 112 440 C. Poſt tot peracta ſceleraAS.Sum fateor nocens:
98 105 545 130 Sed hoſtis. Hoc ſi crimen eſt, tecum eſt mihi
111 127 672 157 Commune. SC. N hic arma, n Libyam, Aſdrubal,
113 153 527 175 Per te rebellem, ſolita nec Martis queror
115 174 569 202 Quidquid ferum, crudele, ſævum, atrox tulit,
1 191 582 224 445 Simplex quod hoſtis faceret: hoc nulli imputo.
113 219 671 251 (Quamquâ nec ipſum hoc ſcelere poſt fœdus vacas)
95 244 538 270 Eſt gravius, aliud quo tuum excutrit nefas,
110 267 580 293 Dirumq́ue, nec jam hoſtile; quod pœnis furens
113 289 527 316 Romana ſubdis capita. Te ne auſum meos
1 311 493 340 45 Ante ora Cives mœnibus tortos palm
114 336 558 362 Laniare? Quod tu ob crimen inſontes necas?
112 359 541 387 Quæ culpa? qui mos iſte? quæ belli vices?
111 384 503 408 Si vinci ab hoſte, ſi capi ferinus vocas:
112 402 586 432 Eadem penes te eſt noxa. Quo vultu. Aſdrubal!
64 428 547 456 455 Quâ fronte veniam? quæq́ue reſcindis prior
113 448 612 479 Commercia optas? ASD. Fateor, hoc ingens dolor.
111 475 552 501 Hoc ira vecors ſuaſit. Et merui cuidem,
113 498 498 523 ,,Sed pœnitet feciſſe. Tu quant altiùs
112 522 519 547 ,,Fortuna te provexit: hoc animn minus
8 543 571 575 460,, Obſequere: quoſq́ue milite, ac ferro domas,
114 565 584 593 ,Virtute ſupera. Per tuam dextram, & qoibus
111 592 527 618 Advolor ultrò, genua, Scipiade precor.
113 612 599 640 SCIP. Ne metue, dabitur vita. Scit tumidos meus
1 618 41 633 5
112 637 518 663 Compeſcere enfis: idem & oppreſſis ſciet
63 658 582 687 465 Conſulere. ASDR. vViles aliquis in Libyâ locus
114 681 566 707 Latebras dabit. Permitte quocumque exſulem
98 703 618 733 rrare. SCIP. Poſthac videro. ASD. Accedat datæ
112 729 540 756 Hoc quoque ſaluti ; compede æratâ gravem
113 750 547 776 Ne me ad triumpbos pompa ſolennes vehat.
1 768 614 802 e! 0 ASD. Animum labantem, & vana trepidantâ erige,
115 799 477 824 I, refice laſſum miles, & caſtris loca-
113 844 614 881 Legatus arrat omnia Romanis codere,
182 876 546 910 Pœnorumá perfidiam exponit.
113 921 613 946 LEGATVS SCIPIONIS. SCIPIO.
111 955 602 982 LEG.5Agnanime Conſul Libyca felici affero
175 978 616 1002 V2CAnfecta ſorte bella.Qim loga eſt, tuas
113 1004 505 1027 Horret ſecures Africa, & patitur jugum.
55 1022 580 1053 45 Domiuoſq́ue euondam ruere, nunc hoſtes. Tyri
115 1048 544 1072 Gaudet colonos. SCIP. Læta ſucceſſu novo
115 1069 576 1101 Cumulantur. O me compotem! O voti reum!
115 1092 539 1119 Nihil ne tant ex gente, tet ſars oppidis
114 1115 601 1146 Hoſtile ſupereſt LEG.uiduid hac hatiis tenus
1 1138 521 1169 ?40 Obſtiterat armis: urbium quidquid fuit
100 1162 539 1195 Pœno implicatum fœdere, in partes venit.
566 1182 619 1203 Hos
380 1186 440 1209 Æ5
