706 1301
126 60 595 93 CARTHAGIN. TRAGOEDIA. 45
89 85 452 110 Seu primus rapiet militis hunc furor.
90 108 451 135 Seu pompæ veniet legitimus comes;
89 130 433 155 Et vinctum rigidis brachia nexibus
88 153 440 179 Captivum patriis mœnibus invehet
43 177 449 205 15 Curru Scipiades quadrijugo ferox.
88 200 460 227 Mox atro domitus carcere, compedis
88 223 461 250 ternæ-ve trahet pondera ; vel ſacro
89 246 443 273 Præceps colle ruens funeris indigos
87 268 388 300 Artus Heſperiis alitibus dabit.
318 324 591 364 VINTVS.
130 321 273 337 5 55
87 320 322 352 A CI V S
163 381 539 414 CONIVX ASDRVBALIS
89 420 589 464 Maritum maloram omnium caſam ar-
157 456 559 497 guit, ei mortem imprecatur.
87 498 485 527 ,,Rfama veri neſcia, & falſi tenax!
87 521 574 576 TSteiefſe
88 567 579 600 ,,Experſq́ue ſidei? Quantulum eſt miſeris tamen,
69 591 522 621 5,, Quod facere licent? noſter & quanto viris
89 614 471 642 ,,Leviora ſexus peccat? Exiguis. mali
87 637 514 668 ,,Fas ſi quid ultrâ geritur, in rebus latet:
86 660 589 689 ,,Nec damna ſpectar publica, aut ſummæ intereſt.
88 683 471 711 ,,At non virilis parva nequitiæ comes,
56 707 516 735 10,, Parvoq́ue luitur noxa. Quos rerum penes
83 729 574 757 ,Status. horum in omnesculpa. vel virtus redit.
84 753 526 776 ,,Sed culpa poriùs. Hoc ſuo infelix mal0
85 777 546 803 Experta patria eſt. Quidquid ærumnæ accidit.
85 799 485 826 Bis gemina quidquid meſſis adverſi tulit.
54 822 537 846 15 Libycum quod armis columen externis labat.
85 844 550 873 Quod Phrygia moles flamma Sidonias cremat,
82 868 520 893 Quod miſera periit. hoc Duci adſcribat ſuo:
83 892 485 920 Ducis ignis ille eſt. Teſtor everſæ rogos.
86 914 491 942 Cinereſq́ue patriæ. Civium & manes ſinu
54 937 542 965 210 Fumantis hauſtos: vos quoque imbelles Deos,
88 962 491 988 Aut non amicos: me nihitrerum inſciâ,
84 983 461 1010 Nihil tacente tulimus: & vidi prior;
84 1007 499 1034 Nec credita umquam cladis interpres fui.
86 1029 476 1056 Scit illa Libyæ peſtis, Imperii lues,
54 1051 562 1079 25 Fax ſola patriæ. Nam quid appellem virum,
87 1076 511 1101 Qui me meoſq́ue prodit? Ah! quoties tibi
84 1098 553 1125 Aaud falſa cecini! Nunc fidem eventus probat,
87 1123 518 1148 Nunc vera vates, ſed tui quondam arguor.
88 1145 529 1171 Priameia virgo. ſimilis. Eſt aliquod malis
55 1168 498 1195 30,, Solamen hxc ſenſiſſe. Quâ potui tenus
511 1190 596 1212 Præſtare
