676 1286
204 33 532 65 nIONYSII ETAVII
138 56 663 89 PH. Ecquid ſceleſli coniugis facinus probas
138 78 670 112 C. Fac compotâ hujus: ſcelera quàm placeant ſc iei
140 107 667 137 Quam u & ſcies. M. Odiſſe te hunc merito decet!
98 130 666 161 2St C.Odiſe tantum? Imbelle: nec forti eſt ſatis.
143 153 597 181 M. Quid, fare, præter odia vindictæ ſtruis?
144 176 587 205 C Pœnas, cruorem, funera, & cædes volo.
145 190 666 228 M. Abeſt maritus: quantulum abſenti noces?
146 223 594 251 C. Peperi. Furori quod ſat eſt, uterus tulic.
99 237 666 276 29o M. Ginatſſne cædem mater: nne aliud paras?!
147 269 592 297 C. Factura quid ſim, tempore agnoſces ſuo.
146 286 666 322 M. Sobolis profundes ſanguiuem? C. Vt dolent!
214 325 284 343 parens.
147 332 666 368 ,,M. Tanti hoc meteris? C. Marimum ulciſci!
210 366 325 391 lucrum eſt.
146 383 568 412 ,,Sollicita cùm ſit cætera, & luctus capax,
103 402 673 438 295,, Suave hoc poteſtas Principi. atque ingens parit,!
149 430 597 461 ,,Impune quòd non aggredi hunc aliis Iicet,
150 453 581 482 ,Cui liceat omnes. Sorte privatâ amplius
152 470 666 506 ,.Hac dote regnú eſt. M. In meum quamvis capit
114 500 563 531 Culpa hæc mariti vergat, & clade obfidis
104 524 555 553 300 Fas ſit piare generis, hinc ſodes tamen
149 546 551 575 Diſcede potius. tale quâm pecces ſcelus.
151 560 665 599 C. Anrè haud ſinebas. nunc domum hoſtilâ fover?
150 591 664 621 ,,M. Tam dira fugio exempla. C. Morirurus times
114 615 665 647 2,,Aliquid? M. Nihil tam crimine ex illo horreo,
105 640 665 697 05.. Quim crimen ipſum. C. Fiet: audebo viris
151 663 583 692 Horrenda mulier. Liberum in cædes ruam,
151 687 592 715 Meaḿue. Si quis ſceleris aſpectum pavet;
150 710 501 740 Ante occupare fata, vel condi licet,
150 730 593 760 M. Morituta proles ede quas laebras tenet?
106 746 666 787 310 C. Hâc ſequere, ducam. . Num gradum adfa.
219 784 333 803 cinus citat?
153 797 665 832 C. Maturs nondum cœpta:necdum omnis phalanr
153 825 542 852 Educta caſtris: ouippe Romano velim,
155 841 664 879 Atque utinam & illo teſte, quod placiti eſt geri.
155 891 664 932 Fæminæ exemplo ad generoſam mortem
236 929 583 966 oppetendam ſe ſuoſq́ animat.
211 970 595 1009 PHAMEAS AD MILITES
157 1007 585 1038 Fæminæ ingens ſpecimen! 6 turpi viro
110 1028 661 1062 315 Indigna conjux ltriſte & horrificum neſas
154 1056 490 1078 Etſ ferox molitis, & prolem neci
113 1079 594 1104 Me non probante, tradis: at gratum eſt. meo
152 1096 658 1130 Quod in hoſte peccas: quod mihi ultricem moves
152 1124 658 1156 Præſtaſsue dextram. Non diu inſultans dolis,
107 1147 518 1167 20 Et iuultus in nos tacita deſertor feret
608 1166 658 1201 Fl
