<PcGts xmlns="http://schema.primaresearch.org/PAGE/gts/pagecontent/2019-07-15" xmlns:xsi="http://www.w3.org/2001/XMLSchema-instance" xsi:schemaLocation="http://schema.primaresearch.org/PAGE/gts/pagecontent/2019-07-15 http://schema.primaresearch.org/PAGE/gts/pagecontent/2019-07-15/pagecontent.xsd"><Metadata><Creator>User123</Creator><Created>2022-01-24T09:06:09</Created><LastChange>2022-01-24T09:06:09</LastChange></Metadata><Page imageFilename="0054.png" imageHeight="1291" imageWidth="663"><TextRegion id="r0" type="paragraph" orientation="0.5"><Coords points="1,1 661,1 661,1289 1,1289"/><TextLine id="r0_l001"><Coords points="81,1 1,1 1,19 81,19 81,1"/><TextEquiv index="1"><Unicode></Unicode></TextEquiv></TextLine><TextLine id="r0_l002"><Coords points="191,57 192,93 517,90 516,54 191,57"/><TextEquiv index="1"><Unicode>DINYSII PETAVII</Unicode></TextEquiv></TextLine><TextLine id="r0_l003"><Coords points="72,72 73,92 96,92 95,72 72,72"/><TextEquiv index="1"><Unicode>5</Unicode></TextEquiv></TextLine><TextLine id="r0_l004"><Coords points="650,147 657,147 658,147 658,140 659,139 659,136 660,135 659,127 660,126 660,116 660,115 652,115 651,116 651,124 620,124 619,124 619,118 618,116 615,116 614,116 611,116 609,118 608,118 605,120 605,121 605,122 530,122 529,121 527,121 526,120 487,121 486,120 480,120 479,119 477,119 476,120 453,120 452,119 452,113 449,110 447,110 444,113 443,113 442,114 441,114 440,115 440,119 409,119 408,120 380,121 379,120 366,120 365,119 358,119 357,120 341,120 340,119 340,113 317,113 316,112 293,112 292,113 290,113 289,114 259,115 257,113 234,113 233,114 206,114 205,115 205,120 204,121 204,122 203,123 175,123 174,123 174,116 174,115 165,115 164,114 159,114 158,115 148,116 146,118 145,118 144,118 144,119 143,120 143,121 140,125 139,125 138,125 138,126 136,129 135,129 134,130 120,130 119,131 120,132 120,135 121,137 122,137 123,138 146,138 147,138 147,143 148,145 150,145 154,141 154,140 155,139 155,138 194,137 195,136 205,136 206,135 283,134 284,135 287,135 288,134 315,134 316,135 316,144 319,144 321,143 321,136 322,134 346,134 347,133 396,132 397,133 433,133 434,134 434,140 437,140 438,140 438,139 440,137 440,135 440,134 464,134 465,134 465,143 465,144 467,144 468,143 468,134 487,134 488,135 543,134 544,135 545,135 546,136 589,136 590,136 590,142 591,144 593,144 594,145 606,145 607,146 609,146 610,145 611,145 612,144 612,138 649,137 650,138 650,147"/><TextEquiv index="1"><Unicode>Aſdrubal à Scipione mn ſuorum eomſpe-!</Unicode></TextEquiv></TextLine><TextLine id="r0_l005"><Coords points="650,180 656,180 657,180 657,174 658,173 658,148 657,147 513,148 513,147 511,145 468,146 468,145 468,144 467,144 465,144 465,149 464,150 321,151 320,150 312,150 312,147 311,146 277,146 276,145 261,146 260,145 259,146 179,146 178,147 173,147 172,148 170,148 169,150 169,154 166,157 166,159 165,160 165,161 164,162 164,166 165,167 165,168 166,169 195,169 196,168 359,167 360,167 360,170 361,172 413,171 414,172 414,174 415,175 418,175 419,175 419,169 419,168 574,167 575,168 588,168 589,169 649,168 650,169 650,180"/><TextEquiv index="1"><Unicode>ctum adducitur, atque â Plamea</Unicode></TextEquiv></TextLine><TextLine id="r0_l006"><Coords points="386,208 388,207 389,206 450,206 451,205 452,205 452,204 452,200 453,200 512,199 513,198 514,198 514,195 514,194 513,194 512,193 506,193 505,193 505,186 503,184 498,185 497,184 471,184 471,183 471,181 470,181 463,181 463,180 463,177 462,177 305,178 305,179 305,184 304,184 247,185 246,186 244,186 243,187 243,188 242,189 242,199 243,200 348,199 348,203 349,204 383,204 383,205 386,208"/><TextEquiv index="1"><Unicode>cra viter perſtiigitur.</Unicode></TextEquiv></TextLine><TextLine id="r0_l007"><Coords points="651,249 655,249 656,249 655,236 656,235 656,212 657,211 657,210 652,210 651,211 651,212 650,213 650,219 559,220 558,219 537,219 536,218 475,219 474,218 436,218 435,219 272,220 271,220 157,220 156,220 154,220 153,221 152,221 149,223 149,235 152,238 167,237 168,238 169,238 170,239 172,239 173,238 448,236 449,237 552,236 553,237 609,237 610,238 619,237 620,238 650,238 650,239 651,249"/><TextEquiv index="1"><Unicode>SCIpIO. ASDRVAL. PhAMEAS IN</Unicode></TextEquiv></TextLine><TextLine id="r0_l008"><Coords points="262,243 262,261 480,259 480,241 262,243"/><TextEquiv index="1"><Unicode>ARCE. MILITES.</Unicode></TextEquiv></TextLine><TextLine id="r0_l009"><Coords points="83,303 84,303 85,302 87,302 87,301 106,301 110,297 110,296 173,295 174,296 174,301 176,301 177,300 189,300 190,300 190,295 190,294 227,294 228,293 270,293 271,294 283,293 284,294 309,294 310,293 361,293 362,293 362,296 362,297 363,297 365,295 365,293 410,292 411,293 413,293 414,292 438,292 439,291 466,291 467,292 488,292 489,292 489,297 489,298 490,298 491,297 491,292 545,291 546,292 576,292 577,293 580,293 583,290 583,287 584,286 584,283 582,281 582,280 579,278 578,277 577,277 576,276 575,276 574,277 574,280 573,281 533,281 533,278 532,277 532,275 531,274 529,274 528,276 528,280 527,280 496,281 495,280 469,280 468,281 440,281 440,277 439,276 433,276 432,278 432,279 431,280 431,282 430,282 403,282 402,281 395,281 395,277 394,276 393,276 392,275 391,276 385,277 384,278 384,280 383,281 347,281 347,280 347,275 346,275 344,275 342,277 342,281 341,282 270,283 269,282 221,282 221,281 221,276 220,276 219,276 217,278 209,278 208,279 198,279 197,280 182,280 181,281 180,281 180,282 180,283 179,283 153,284 153,283 153,280 152,279 152,278 151,278 129,278 128,279 127,279 125,281 125,284 124,285 84,285 83,284 79,284 78,283 77,284 76,284 76,285 77,286 77,288 78,289 78,291 79,291 80,292 80,302 81,302 82,302 83,303"/><TextEquiv index="1"><Unicode>355 SC. Nimo metum depelle. Securum be n?</Unicode></TextEquiv></TextLine><TextLine id="r0_l010"><Coords points="652,328 656,328 656,318 657,317 657,316 656,315 656,292 655,291 651,291 651,292 651,298 650,298 636,298 635,299 634,299 633,301 633,304 571,305 570,304 513,304 512,303 501,304 500,303 499,303 498,302 492,302 491,301 491,298 490,298 454,298 454,303 454,304 428,304 427,304 427,301 426,300 412,300 412,301 412,305 372,306 371,305 366,305 365,304 365,299 363,298 361,300 343,300 342,301 342,305 342,306 288,306 287,306 287,301 285,299 284,299 283,301 283,303 260,304 259,305 240,305 239,306 210,306 209,306 209,303 207,301 191,301 190,300 186,300 185,301 173,301 173,302 173,305 172,306 172,307 170,309 170,310 169,311 169,313 170,313 174,313 175,312 199,312 199,313 199,315 202,317 212,317 212,318 212,322 214,323 215,322 216,322 216,321 216,317 217,317 251,317 252,316 278,315 279,316 280,316 281,317 283,317 284,318 287,318 288,317 316,317 317,316 341,316 341,320 343,322 344,321 345,321 345,320 345,316 346,316 360,316 361,315 386,315 387,315 388,315 389,316 402,316 403,315 437,315 438,314 475,314 475,320 476,321 478,321 478,320 478,314 479,314 501,314 502,314 527,314 528,315 559,315 560,316 622,315 623,316 651,316 651,317 651,328 652,328"/><TextEquiv index="1"><Unicode>Sperare de me jubeo. Ne dubita: ratum eſt!</Unicode></TextEquiv></TextLine><TextLine id="r0_l011"><Coords points="232,347 235,347 235,346 235,339 236,339 252,339 253,340 269,340 269,344 271,346 272,346 272,345 272,341 273,340 305,340 306,339 406,338 407,339 408,338 460,338 461,337 499,337 501,339 523,338 524,337 524,336 522,333 515,333 514,333 514,328 514,327 513,327 512,326 492,327 491,326 491,322 490,321 450,321 449,321 449,326 449,327 415,327 414,327 414,322 414,321 410,321 406,325 406,327 383,328 382,327 365,327 364,326 364,322 347,322 345,323 345,324 345,325 341,325 340,325 340,327 340,328 318,328 317,328 317,323 317,322 304,322 303,323 302,323 301,324 290,324 289,325 289,329 272,330 271,329 260,329 259,328 259,323 258,322 257,322 255,323 255,328 255,329 208,329 207,328 182,328 181,329 153,330 152,329 140,329 139,328 139,327 138,326 136,326 135,325 130,325 129,326 128,326 126,327 126,340 128,342 144,342 145,341 168,340 169,339 201,339 202,340 224,340 224,344 226,346 228,346 228,345 228,339 229,339 231,339 231,346 232,347"/><TextEquiv index="1"><Unicode>Romana quidquid hoſtibus ſanxit fides.</Unicode></TextEquiv></TextLine><TextLine id="r0_l012"><Coords points="409,367 411,367 412,367 412,362 412,361 541,360 542,361 542,364 543,364 545,363 545,358 543,356 538,356 537,356 537,351 536,349 534,349 533,348 508,348 507,348 507,345 507,344 500,345 499,344 331,345 330,346 233,347 232,348 130,349 128,350 128,351 129,352 130,363 130,364 271,363 272,363 408,362 409,363 409,367"/><TextEquiv index="1"><Unicode>Nunc te ad tuorum ſiſtere aſpectum libet,</Unicode></TextEquiv></TextLine><TextLine id="r0_l013"><Coords points="652,389 655,389 656,389 656,361 655,360 651,360 651,361 651,371 650,371 606,372 606,371 606,367 605,367 604,367 603,366 601,366 600,367 600,372 599,373 551,373 551,372 550,371 530,371 529,370 529,369 527,367 504,367 504,368 504,372 503,372 457,373 457,372 457,370 454,368 453,368 452,367 452,369 451,370 402,370 401,369 382,370 382,373 381,374 381,375 380,376 380,377 379,378 379,381 378,382 354,382 354,381 354,375 352,374 319,374 319,370 318,369 316,369 316,370 316,371 315,371 308,371 308,372 308,375 307,375 263,376 262,375 248,375 247,374 246,374 245,375 174,375 174,370 172,368 170,368 169,369 168,369 166,371 129,372 129,374 130,376 131,376 132,376 132,386 133,388 135,388 136,387 172,386 173,387 173,391 175,391 176,391 176,387 176,386 270,386 272,387 273,386 327,386 328,387 328,390 329,391 330,391 332,389 332,385 358,385 359,386 361,386 362,385 386,385 387,385 411,385 412,384 460,384 461,383 504,382 505,383 544,383 545,384 545,390 569,390 571,388 571,384 590,384 591,383 606,383 615,383 616,383 632,383 633,384 651,384 652,385 652,389"/><TextEquiv index="1"><Unicode>Ne ſpes moretur aliqua. AS. vVerùm obſiat pudor.</Unicode></TextEquiv></TextLine><TextLine id="r0_l014"><Coords points="653,419 656,419 656,390 655,389 652,389 652,390 652,394 651,394 635,394 634,395 603,396 602,395 600,395 599,396 556,396 555,395 548,395 548,391 547,390 545,390 544,391 526,391 525,393 525,395 524,395 492,396 491,394 491,391 490,391 489,391 488,392 488,394 487,395 470,395 469,396 431,396 430,397 406,397 405,396 356,397 355,398 331,398 330,397 292,397 292,394 291,393 289,393 289,394 289,397 288,397 190,398 189,397 174,397 174,395 173,394 171,394 170,393 166,393 165,394 134,395 133,396 133,398 132,399 108,399 108,398 108,397 107,397 104,397 102,399 91,399 90,400 89,400 87,403 87,412 85,414 85,415 86,416 86,417 87,417 92,417 93,415 94,415 96,414 96,412 96,411 137,411 138,410 163,409 164,410 186,410 187,411 187,415 191,415 192,415 192,410 192,409 228,409 229,409 229,413 229,414 246,414 247,415 248,415 250,413 250,411 287,410 288,409 311,409 312,408 341,408 342,408 342,410 342,411 344,411 346,409 346,408 348,408 349,408 349,415 350,416 352,416 352,415 352,408 387,407 388,408 421,408 422,407 445,407 446,407 446,413 446,414 447,413 447,407 453,407 454,407 454,411 454,412 456,412 457,411 457,407 467,407 468,406 500,406 501,406 510,406 511,407 511,411 512,412 513,412 514,413 520,413 521,413 521,412 523,410 523,408 523,407 582,407 583,408 585,408 586,407 615,407 616,407 624,407 625,408 651,408 652,409 652,419 653,419"/><TextEquiv index="1"><Unicode>a60 S. Captum putabuat. non meas protugâ in manus!</Unicode></TextEquiv></TextLine><TextLine id="r0_l015"><Coords points="336,438 338,438 339,436 339,432 340,432 411,431 412,430 542,429 543,430 550,430 551,431 553,431 554,430 554,427 554,426 548,426 547,426 547,421 546,419 545,419 544,418 507,418 506,418 506,414 505,413 491,414 490,413 488,413 488,415 487,416 487,417 487,418 463,418 462,419 448,419 447,418 447,414 446,414 444,414 444,415 444,419 418,419 417,419 417,415 416,414 412,414 412,415 410,415 409,416 409,417 408,418 408,419 353,420 352,419 352,416 350,416 349,416 349,418 348,419 348,420 348,421 305,421 304,421 304,417 304,416 291,416 289,418 289,429 268,430 267,429 267,423 266,422 258,422 257,421 257,417 256,417 255,417 255,419 255,420 252,420 251,421 227,421 226,420 226,417 217,417 213,414 212,415 211,415 211,416 174,416 173,417 173,421 148,422 147,421 147,418 133,418 132,418 132,419 133,420 133,421 134,422 134,423 135,424 135,426 137,428 137,431 139,433 181,432 182,433 183,432 215,432 215,436 216,437 217,437 217,436 217,432 218,432 262,432 263,433 272,433 273,433 275,433 276,432 300,432 300,433 300,437 301,437 302,437 302,433 303,432 335,432 335,437 336,438"/><TextEquiv index="1"><Unicode>Veniſſe ſponte. Templa conferti ambiunt.</Unicode></TextEquiv></TextLine><TextLine id="r0_l016"><Coords points="510,459 515,459 515,458 516,457 517,457 518,456 518,453 519,452 535,452 536,451 536,443 535,441 534,441 533,440 525,440 524,440 524,438 524,437 523,438 523,441 522,442 498,443 497,442 490,442 489,441 465,441 464,440 464,437 463,436 461,436 460,437 418,437 417,438 348,439 347,439 347,450 347,451 322,451 321,451 321,445 321,444 312,444 311,444 311,441 310,439 309,439 308,440 308,444 270,445 269,444 269,440 268,440 267,440 267,443 267,444 224,444 223,443 223,440 211,440 210,439 209,439 208,440 208,441 205,441 203,443 203,444 159,444 158,444 158,441 157,440 157,439 156,440 133,440 131,441 131,455 133,457 192,456 193,455 265,455 265,460 266,461 267,461 268,459 268,456 269,456 328,455 329,456 331,456 332,455 396,454 397,455 398,455 399,454 423,454 423,455 423,459 424,459 426,459 426,455 427,454 452,454 453,453 506,452 506,453 506,457 508,458 509,458 510,459"/><TextEquiv index="1"><Unicode>Iubete filtant jacula. PH. Scipiadæ tegit</Unicode></TextEquiv></TextLine><TextLine id="r0_l017"><Coords points="337,485 339,485 340,484 340,478 366,478 367,477 388,476 389,477 389,481 391,481 393,480 393,479 394,477 443,477 444,476 491,476 492,476 492,482 492,483 510,482 511,481 512,481 514,480 514,476 514,475 535,475 536,476 539,476 540,476 540,473 538,471 532,471 531,471 531,466 529,463 521,463 520,463 520,461 520,460 518,460 517,461 517,465 499,466 498,465 471,465 470,464 470,462 469,462 468,461 468,460 467,460 467,464 467,465 449,465 448,466 411,466 410,466 410,463 409,461 405,461 402,464 402,467 381,468 380,467 380,466 358,466 357,465 357,461 356,460 355,461 333,461 332,462 314,462 313,463 313,468 282,468 281,468 281,463 280,461 279,462 257,463 256,462 255,462 254,462 254,466 254,467 230,467 229,466 229,462 221,462 220,461 217,461 215,463 202,463 201,464 201,465 200,466 200,468 162,468 161,467 141,468 140,467 140,465 139,464 134,464 132,465 133,477 132,478 132,479 132,480 133,479 145,479 160,478 161,479 175,479 176,478 226,478 227,479 272,479 273,479 288,479 289,478 336,478 337,478 337,484 337,485"/><TextEquiv index="1"><Unicode>Latus Aſdrubal. oi fallor; &amp; certè tegit.</Unicode></TextEquiv></TextLine><TextLine id="r0_l018"><Coords points="652,509 653,508 654,508 655,508 655,498 656,497 656,481 655,480 655,474 654,473 652,473 652,474 652,475 651,476 651,481 650,481 612,482 611,481 610,481 609,482 609,486 608,487 587,487 586,488 547,488 547,482 546,481 537,481 536,482 492,483 492,488 491,489 459,489 458,488 447,488 447,487 447,486 446,485 446,483 445,483 443,483 443,484 443,489 442,489 395,489 394,490 381,491 381,490 381,487 380,487 380,490 379,491 368,491 367,490 348,490 348,489 348,487 347,486 347,485 346,485 337,485 337,489 336,490 306,490 305,491 281,491 280,490 268,491 267,490 266,491 237,491 237,490 237,484 236,484 217,484 215,482 213,482 213,483 213,484 212,485 212,486 211,486 185,486 184,487 160,487 159,486 158,486 157,486 153,486 152,487 151,487 150,488 136,488 136,489 135,490 135,498 134,499 134,501 135,502 135,503 135,504 186,503 187,504 191,504 192,505 193,505 194,506 197,506 198,507 203,507 204,506 205,506 206,506 206,503 206,502 220,502 221,502 221,508 221,509 222,509 223,508 223,502 234,502 235,502 235,506 235,507 238,507 239,506 239,502 276,501 277,502 319,502 320,501 366,501 368,499 383,499 384,499 384,507 384,508 398,507 401,505 401,501 401,500 469,500 470,499 495,499 501,499 502,499 574,499 575,500 592,500 593,500 593,504 593,505 596,505 597,504 598,504 599,503 599,500 618,499 619,498 651,498 652,499 652,509"/><TextEquiv index="1"><Unicode>SC. Quâ ſpe arma miles quo duce infelix capis?!</Unicode></TextEquiv></TextLine><TextLine id="r0_l019"><Coords points="93,532 94,532 95,531 97,531 97,530 97,529 116,529 117,528 118,528 119,527 119,526 157,526 158,526 168,526 169,525 190,525 273,524 274,525 363,525 364,525 364,528 364,529 367,529 368,528 368,524 524,522 525,523 530,523 531,522 547,522 548,521 549,521 550,521 550,512 549,511 546,511 545,510 539,510 539,506 538,505 516,505 514,508 514,509 513,509 479,510 478,508 478,507 476,506 473,506 473,507 472,508 471,508 470,509 470,510 468,512 425,512 425,508 424,507 384,508 384,512 383,513 344,513 344,512 344,508 343,508 337,508 336,509 333,509 333,518 332,519 309,519 309,515 308,514 307,514 306,513 288,513 288,510 286,508 285,510 285,514 284,514 256,515 255,514 230,514 229,513 222,513 222,512 222,509 221,509 213,509 212,508 184,508 181,512 181,514 180,514 152,515 151,514 149,514 149,513 149,511 148,511 147,511 146,510 136,510 135,511 111,511 110,510 109,510 107,512 106,512 105,513 93,513 92,515 92,521 91,522 91,526 90,527 90,531 91,531 92,531 93,532"/><TextEquiv index="1"><Unicode>165 Huc flectite oculus. Ecquid hic veſter fuit</Unicode></TextEquiv></TextLine><TextLine id="r0_l020"><Coords points="653,556 655,556 655,542 656,541 656,530 655,529 655,521 654,520 652,520 652,521 652,522 651,523 651,530 627,530 626,530 626,527 625,526 624,526 623,525 621,528 621,530 592,531 591,530 591,529 590,529 574,529 573,529 573,532 573,533 546,533 545,533 545,531 544,529 543,529 542,530 489,531 488,532 464,532 463,532 463,533 463,534 430,534 429,534 429,532 429,531 424,531 421,534 421,535 363,536 362,535 361,536 325,536 324,536 324,531 324,530 321,530 320,531 297,531 296,532 296,536 272,537 271,536 271,532 265,532 264,531 264,530 263,530 259,530 259,531 258,531 257,531 257,532 257,533 245,533 243,534 243,535 242,537 200,537 199,537 199,533 198,531 196,531 195,532 195,537 178,537 177,538 152,539 151,538 151,537 147,533 140,533 138,534 138,535 137,536 137,537 136,538 136,539 135,540 135,542 136,543 136,544 140,548 141,548 142,549 145,549 146,550 147,550 149,552 153,552 154,553 156,553 157,554 158,554 159,554 160,553 162,553 163,552 163,550 164,549 172,549 173,548 216,548 216,554 217,555 219,555 219,554 219,548 220,548 263,548 264,549 286,548 287,549 292,549 293,548 328,548 328,549 328,552 329,552 330,552 331,550 331,549 332,548 332,547 333,547 362,547 363,548 364,547 381,547 420,546 421,547 521,546 522,545 651,544 651,545 651,549 652,550 652,556 653,556"/><TextEquiv index="1"><Unicode>Quondam Aſdrubal, nunc noſter? AS. Hæ Maris!</Unicode></TextEquiv></TextLine><TextLine id="r0_l021"><Coords points="226,576 239,577 240,577 269,577 269,576 240,576 239,575 239,571 240,571 259,571 259,570 259,567 251,567 250,566 250,559 228,559 227,558 227,557 225,555 217,555 216,555 216,559 216,560 203,560 202,561 202,562 203,563 203,564 204,565 204,567 205,568 205,570 207,571 223,571 223,572 226,575 226,576"/><TextEquiv index="1"><Unicode>vices.</Unicode></TextEquiv></TextLine><TextLine id="r0_l022"><Coords points="519,597 520,597 521,596 527,596 528,596 528,592 528,591 553,591 554,592 554,595 555,595 556,594 557,594 558,594 558,592 559,591 559,588 557,586 551,586 550,586 550,575 550,574 547,574 546,575 546,579 510,579 509,579 509,574 509,573 497,574 494,576 494,577 494,578 485,578 484,579 451,579 450,578 434,578 433,578 433,574 432,572 429,572 428,573 420,573 419,574 404,574 403,575 403,579 362,580 361,579 361,575 360,574 359,574 357,575 357,580 357,581 315,581 314,581 314,579 313,578 313,577 313,576 245,577 244,576 241,576 240,577 239,577 238,577 238,578 237,579 237,581 237,582 193,582 192,582 192,579 191,577 188,577 187,578 186,578 184,580 184,581 183,582 157,583 156,582 150,582 149,581 149,579 148,579 147,578 136,578 134,579 135,590 134,591 134,594 134,595 222,594 223,594 223,596 223,597 224,597 225,596 226,595 226,594 343,593 344,593 344,597 344,598 347,598 348,597 348,592 426,591 427,590 508,589 509,590 518,590 519,591 519,597"/><TextEquiv index="1"><Unicode>Hæc fata, ſocii. Templa vobiſcum aſſequi,</Unicode></TextEquiv></TextLine><TextLine id="r0_l023"><Coords points="202,623 557,620 558,620 557,619 419,620 419,617 419,616 492,616 493,615 540,614 541,613 542,613 544,612 544,609 543,608 543,604 542,603 521,603 521,598 520,597 469,598 469,597 469,596 468,596 463,596 462,597 396,597 395,598 184,600 183,601 147,602 146,603 134,603 134,604 136,606 136,617 136,618 199,617 200,618 200,621 202,623"/><TextEquiv index="1"><Unicode>Nec ſugere quivi. Sic q́ue deprenſus, vias</Unicode></TextEquiv></TextLine><TextLine id="r0_l024"><Coords points="509,643 511,643 512,643 512,641 512,640 607,640 608,639 607,639 512,639 512,638 565,638 567,636 567,633 565,632 558,632 558,621 557,620 540,620 539,619 502,619 501,619 500,620 357,621 355,623 355,624 354,625 354,626 353,627 152,629 149,626 148,626 147,625 143,625 142,624 139,624 138,625 137,625 137,626 138,627 138,640 138,641 227,640 228,640 228,643 229,645 231,645 232,644 232,643 407,641 408,642 408,643 508,642 509,643"/><TextEquiv index="1"><Unicode>Dum me per omnes refero, pars prædæ ſui.</Unicode></TextEquiv></TextLine><TextLine id="r0_l025"><Coords points="258,670 259,670 259,669 259,663 260,663 274,662 275,663 284,663 285,662 342,662 343,661 368,661 391,660 392,661 426,661 426,662 426,666 427,666 429,666 429,661 430,660 465,660 466,659 497,659 498,660 531,659 532,660 535,660 536,659 536,653 537,652 538,652 538,648 536,645 535,645 534,644 513,644 511,643 508,643 508,644 500,645 499,645 499,647 499,648 440,648 439,649 418,649 417,650 385,651 384,650 367,650 366,649 366,645 339,645 337,644 333,644 333,645 332,645 331,646 269,647 268,646 268,645 267,645 265,645 265,646 226,646 224,645 223,645 223,646 204,646 203,647 203,648 160,648 159,648 148,648 147,647 140,647 139,647 139,650 139,651 97,651 96,652 96,653 94,655 94,665 93,666 93,667 96,669 100,669 101,668 109,668 111,665 111,664 112,663 112,662 113,662 140,662 141,663 163,662 164,663 199,663 200,664 201,663 236,663 237,664 239,664 240,663 257,663 257,669 258,670"/><TextEquiv index="1"><Unicode>50 PH. Ai0 ſceleſte? ſcilicet captus venis?</Unicode></TextEquiv></TextLine><TextLine id="r0_l026"><Coords points="523,689 527,689 528,688 529,688 530,687 530,685 531,684 544,684 545,683 546,683 547,682 547,677 548,676 548,673 548,672 547,672 546,671 507,671 506,671 506,666 506,665 503,665 502,665 501,666 476,666 475,666 475,670 475,671 457,671 456,672 416,672 415,672 415,669 415,668 414,668 413,667 411,667 410,668 409,668 408,669 408,670 407,671 407,672 355,673 354,672 354,669 353,668 329,668 328,667 327,668 324,668 323,669 307,669 306,670 306,673 301,673 300,674 261,675 260,674 260,670 256,670 255,671 248,671 246,672 246,673 245,675 161,675 160,675 160,671 159,670 144,670 142,672 141,672 140,672 140,673 139,674 139,677 138,678 138,682 142,686 144,686 145,687 147,687 148,688 159,687 160,686 181,686 276,685 277,686 297,686 298,685 354,685 355,684 393,683 393,684 393,687 394,687 396,687 396,685 397,684 422,684 423,683 461,683 461,687 462,688 464,688 464,687 464,683 465,683 520,682 520,683 520,688 521,688 522,688 523,689"/><TextEquiv index="1"><Unicode>Clam me eſſe vero facinus, &amp; turpis fugæ</Unicode></TextEquiv></TextLine><TextLine id="r0_l027"><Coords points="182,716 187,716 188,716 188,715 190,713 190,711 190,710 395,708 396,709 396,713 544,712 545,712 544,711 453,712 453,711 454,710 454,709 523,708 524,708 524,707 525,706 525,704 523,702 517,702 516,697 515,695 505,695 504,695 504,690 504,689 503,689 501,688 488,688 487,689 387,690 386,691 139,693 138,693 139,706 137,708 138,710 166,709 167,710 179,710 180,711 180,714 182,716"/><TextEquiv index="1"><Unicode>Indigna credis furta? Niljam, perfide,</Unicode></TextEquiv></TextLine><TextLine id="r0_l028"><Coords points="519,736 520,736 521,736 521,730 521,729 557,729 558,730 558,732 559,733 561,731 562,731 563,730 563,725 561,724 555,724 555,718 554,717 545,717 545,713 544,712 537,712 536,711 533,711 532,712 511,712 511,713 511,717 510,717 460,718 459,717 458,717 457,718 428,718 427,719 388,719 388,714 387,714 377,714 377,717 376,718 361,718 360,719 320,719 320,718 319,717 319,716 318,715 313,715 312,717 312,721 311,721 274,721 273,721 260,721 260,720 260,718 259,717 259,716 258,716 257,716 256,715 237,715 236,714 235,714 234,715 233,715 233,719 232,720 219,720 218,721 200,721 199,722 168,722 168,717 167,716 139,717 138,718 137,718 137,719 138,720 138,732 139,734 200,733 201,732 283,731 284,732 298,732 299,733 299,735 302,732 325,732 326,731 363,731 364,731 364,735 365,737 366,737 368,735 368,732 369,732 369,737 369,738 370,738 371,737 371,732 390,731 391,730 445,730 446,730 446,734 446,735 448,735 449,734 449,729 512,728 513,729 518,729 519,730 519,736"/><TextEquiv index="1"><Unicode>Nil me relictum, &amp; turpibus captum dolis,</Unicode></TextEquiv></TextLine><TextLine id="r0_l029"><Coords points="652,762 654,762 654,727 653,726 651,726 651,727 651,731 650,732 650,735 649,735 359,738 358,737 140,739 139,740 138,740 138,742 139,743 139,755 140,757 228,756 229,756 229,758 231,760 235,760 235,759 495,757 496,757 496,759 497,760 650,758 650,759 650,761 652,762"/><TextEquiv index="1"><Unicode>Dextramq́ue fidei conſciam, aut Superum querar</Unicode></TextEquiv></TextLine><TextLine id="r0_l030"><Coords points="429,783 430,783 430,777 431,776 534,775 535,776 544,776 544,777 544,779 546,780 549,777 549,773 549,772 548,772 547,771 542,771 540,770 540,766 539,764 500,765 499,764 499,760 497,760 496,760 496,762 496,763 386,764 385,763 385,762 383,762 382,761 324,761 323,762 323,765 179,766 178,766 178,763 178,762 159,763 158,762 157,762 156,763 149,763 148,764 139,764 138,765 98,765 95,768 95,778 93,780 93,782 95,783 96,783 97,784 98,784 99,783 100,783 101,782 216,781 216,782 216,784 218,785 273,785 273,784 273,779 274,779 408,777 409,776 429,776 429,777 429,783"/><TextEquiv index="1"><Unicode>355 Violata per te numina. Hæc nec tu times,</Unicode></TextEquiv></TextLine><TextLine id="r0_l031"><Coords points="293,808 295,808 295,802 296,801 327,801 328,800 388,800 389,800 393,800 394,799 506,798 506,783 506,782 504,782 503,783 503,786 503,787 461,787 460,786 460,785 459,784 459,783 458,782 455,782 454,783 428,783 427,784 427,787 420,787 419,788 389,788 388,788 387,789 316,789 315,789 315,785 314,783 305,783 304,784 304,790 274,791 273,790 273,785 271,785 270,785 270,788 270,789 233,789 232,788 232,786 231,786 230,785 204,785 203,786 199,786 198,787 196,787 194,789 194,791 155,792 154,791 154,788 153,787 139,787 137,788 137,789 138,790 139,790 139,802 140,803 186,802 187,803 188,802 292,801 292,802 292,808 293,808"/><TextEquiv index="1"><Unicode>Nec eſſe ſiatuis ulla: nec tanti eſt mei</Unicode></TextEquiv></TextLine><TextLine id="r0_l032"><Coords points="280,831 282,831 283,831 283,825 283,824 337,824 338,824 338,828 338,829 361,829 362,830 364,830 365,829 366,829 367,828 367,826 368,826 369,825 369,824 402,823 403,824 403,825 405,823 437,823 438,824 438,826 440,828 451,828 452,829 453,829 454,828 454,822 533,821 534,822 557,822 559,821 558,811 557,809 515,809 514,809 514,805 514,804 511,804 510,805 510,809 466,810 465,811 424,811 423,811 423,808 423,807 422,807 421,806 419,806 418,807 417,807 416,808 416,812 389,812 388,812 344,812 343,811 343,808 342,807 341,807 340,807 340,808 339,809 339,811 339,812 296,812 295,812 295,809 295,808 293,808 292,809 292,812 260,813 259,812 259,807 257,807 256,807 256,808 256,809 232,809 231,810 230,810 229,810 229,811 228,812 228,814 228,815 205,815 203,813 201,813 200,814 171,814 170,814 170,811 169,809 168,809 167,808 139,809 137,810 138,824 138,825 159,825 160,825 170,825 171,826 179,826 180,825 192,825 193,826 193,832 195,832 196,832 196,826 196,825 208,825 209,826 209,827 211,827 212,827 212,826 212,825 279,824 280,825 280,831"/><TextEquiv index="1"><Unicode>Iactura. Sed cui conjugemu. &amp; gnatos iners</Unicode></TextEquiv></TextLine><TextLine id="r0_l033"><Coords points="169,855 198,855 199,855 199,849 199,848 259,848 260,848 260,852 260,853 262,853 263,852 263,848 321,847 322,848 322,853 324,853 326,852 326,847 326,846 388,846 389,846 402,846 403,845 493,845 494,845 494,849 494,850 497,850 498,849 498,845 524,844 525,844 525,837 527,835 527,833 525,831 524,831 523,830 523,831 523,832 521,833 496,834 495,833 474,833 474,832 474,830 472,829 471,829 470,828 469,829 429,829 428,828 423,828 422,829 401,829 400,831 400,834 399,834 307,835 307,834 306,833 305,832 304,832 303,831 280,831 280,832 280,835 279,835 239,836 239,835 239,831 238,831 231,831 230,830 228,830 228,835 227,836 197,836 197,833 196,832 181,832 180,831 178,831 178,832 178,837 177,837 160,837 159,837 150,837 150,836 150,833 148,832 138,832 138,845 137,846 137,847 137,848 154,848 155,849 159,849 160,849 162,849 163,850 163,852 164,853 164,854 168,854 169,855"/><TextEquiv index="1"><Unicode>Fugitive linquis? quantus inſani ſtupor</Unicode></TextEquiv></TextLine><TextLine id="r0_l034"><Coords points="534,874 538,874 538,867 538,866 557,866 558,867 577,867 578,867 578,870 578,871 580,871 581,870 581,869 583,867 583,863 581,862 575,862 575,861 575,855 573,854 571,854 570,855 541,855 540,856 504,856 503,855 493,856 493,855 493,853 490,851 489,851 489,852 488,853 461,853 461,852 461,851 460,851 457,851 457,855 456,856 435,856 434,857 387,858 386,857 385,857 384,858 347,858 347,857 347,854 346,854 320,854 320,855 320,858 319,858 286,858 286,855 285,854 284,854 283,856 283,858 282,858 236,859 236,858 236,853 235,853 232,853 231,854 229,854 229,855 228,856 228,858 227,859 200,859 200,856 199,855 181,855 181,856 181,860 180,860 163,860 162,859 154,860 154,859 154,857 153,856 153,855 152,855 149,855 148,854 146,854 145,855 143,855 140,858 140,859 139,860 139,866 141,868 141,869 141,870 142,870 143,871 144,871 145,872 166,871 167,872 167,876 169,877 170,876 171,876 171,872 171,871 213,871 214,872 214,873 215,873 216,873 216,872 216,871 243,871 244,870 281,869 282,870 282,873 284,874 286,874 287,873 287,871 287,870 319,870 320,871 321,871 323,869 411,868 412,869 412,874 414,875 414,869 414,868 476,868 477,867 500,867 502,867 503,867 511,867 512,868 524,868 525,869 525,872 527,873 528,872 528,868 529,866 532,866 533,867 533,874 534,874"/><TextEquiv index="1"><Unicode>Capitis, furorque? Facere quos hoſtes paras,</Unicode></TextEquiv></TextLine><TextLine id="r0_l035"><Coords points="516,897 517,897 517,891 518,890 587,890 588,888 588,882 589,882 590,882 590,881 590,880 591,879 591,876 588,873 585,873 584,873 584,877 584,878 571,878 570,879 539,879 538,879 538,875 538,874 502,875 501,874 490,874 489,874 489,879 489,880 431,880 430,879 410,879 409,879 409,878 409,877 408,877 407,876 386,877 385,876 383,876 381,877 381,880 381,881 315,881 314,881 314,877 314,876 313,876 312,877 312,881 311,881 310,882 278,882 277,882 277,878 277,877 271,878 270,877 270,876 268,876 266,877 266,880 266,881 247,881 246,882 159,883 158,882 158,877 157,877 156,878 118,878 117,877 117,876 116,876 113,874 112,874 112,875 111,875 109,877 99,877 97,879 97,890 96,891 96,894 98,895 102,895 106,891 138,891 138,893 139,894 178,893 179,894 203,894 204,893 233,893 233,899 234,900 236,900 236,899 236,893 237,893 255,893 275,892 276,893 297,893 297,894 297,898 298,898 319,898 320,899 322,899 323,898 323,896 324,895 326,895 328,893 348,893 349,892 395,891 396,892 406,892 407,891 507,890 508,891 516,891 516,892 516,897"/><TextEquiv index="1"><Unicode>3âo His tanta credis pignora? Horum odiis faves?</Unicode></TextEquiv></TextLine><TextLine id="r0_l036"><Coords points="436,921 437,921 438,920 458,920 459,919 647,917 648,918 649,918 650,917 650,905 651,904 651,892 650,890 649,890 648,891 648,894 575,895 574,895 574,896 574,897 385,899 384,898 266,899 265,900 234,900 233,901 163,901 161,903 161,911 151,912 150,913 139,913 138,913 138,915 139,916 139,920 140,921 227,920 227,922 228,923 228,922 228,917 229,917 436,915 436,916 436,921"/><TextEquiv index="1"><Unicode>,,In te miniſtras tela? Sic numquam improbis</Unicode></TextEquiv></TextLine><TextLine id="r0_l037"><Coords points="646,948 649,948 650,948 649,929 650,928 650,918 650,917 649,918 482,920 481,919 478,919 477,920 422,920 421,921 214,923 213,922 212,922 211,923 169,923 168,924 167,924 165,926 165,927 164,928 164,929 162,931 163,934 162,934 139,935 138,936 138,943 138,944 150,944 152,942 172,941 173,940 367,939 368,940 370,940 371,941 372,941 373,942 375,942 376,943 438,942 439,943 439,944 440,944 440,941 440,940 645,938 646,939 646,948"/><TextEquiv index="1"><Unicode>,,Conſulta mens eſt. Quamlibet fraudes ſtruat,</Unicode></TextEquiv></TextLine><TextLine id="r0_l038"><Coords points="573,966 574,966 575,965 575,959 582,959 584,957 584,956 582,955 576,955 576,954 576,949 574,948 573,948 572,947 555,947 555,944 554,943 554,942 553,941 552,941 551,942 525,942 524,943 508,943 507,944 503,945 503,947 502,948 493,948 492,949 455,949 455,948 455,943 453,942 451,942 450,943 440,943 439,944 438,944 438,945 438,949 437,949 412,949 411,948 410,948 409,949 371,950 370,949 352,949 351,950 326,950 326,946 325,945 322,945 322,946 322,950 321,950 310,950 309,951 269,952 268,951 266,951 265,950 253,950 253,949 253,946 251,945 248,945 246,947 246,949 244,951 204,951 204,947 203,946 197,946 196,945 194,945 194,946 194,947 193,947 173,947 172,948 161,948 161,949 161,958 160,958 139,959 139,961 140,962 140,966 140,967 150,967 153,964 167,963 168,962 279,961 280,962 333,962 334,962 334,967 334,968 336,968 337,967 338,967 339,966 339,961 391,960 392,961 392,966 397,966 398,966 398,962 398,961 406,961 407,960 445,960 446,961 448,961 449,960 511,959 512,960 513,960 514,959 572,959 573,959 573,965 573,966"/><TextEquiv index="1"><Unicode>,.Nullum ſat omni parte proviſum eſt ſcelus.</Unicode></TextEquiv></TextLine><TextLine id="r0_l039"><Coords points="433,990 447,990 447,989 447,983 511,982 512,983 518,983 519,982 588,982 589,982 589,985 589,986 590,986 592,984 592,983 593,982 593,978 592,977 592,976 591,976 586,976 586,975 586,971 584,970 582,970 581,969 575,969 575,968 575,966 574,966 569,966 567,964 566,965 566,969 565,970 546,970 545,971 504,971 503,971 490,971 490,970 490,967 488,966 482,966 482,967 479,970 467,970 466,971 432,971 432,967 431,966 428,966 427,968 427,972 426,972 363,973 363,972 363,967 362,967 358,967 357,968 330,968 329,967 327,967 327,968 327,973 326,973 262,974 261,973 245,973 244,974 211,974 210,973 210,969 209,968 207,968 207,969 207,974 206,974 176,974 176,971 173,968 172,969 144,970 143,971 142,971 140,973 140,974 139,975 139,978 140,979 140,980 144,985 145,985 146,986 147,986 148,987 153,987 155,989 159,989 161,989 164,989 164,986 164,985 192,985 193,986 193,992 194,992 196,992 196,986 196,985 210,985 275,984 276,985 301,985 302,984 332,984 333,985 376,985 377,985 377,989 378,990 381,990 382,989 382,988 382,985 431,984 432,985 432,990 433,990"/><TextEquiv index="1"><Unicode>Quàm bene tuum illud quas daret ſecum tulit,</Unicode></TextEquiv></TextLine><TextLine id="r0_l040"><Coords points="437,1013 438,1013 438,1007 439,1006 482,1006 482,1010 483,1011 486,1011 486,1010 486,1006 487,1006 548,1005 549,1006 550,1005 577,1005 578,1006 588,1006 588,1005 588,1002 587,1001 587,991 585,989 585,988 584,988 582,989 582,993 582,994 551,994 550,994 550,990 549,988 547,988 546,989 545,989 541,993 541,994 500,995 499,994 499,993 498,993 496,995 465,995 464,994 448,994 447,993 447,990 433,990 432,991 432,995 346,996 345,995 345,993 344,992 322,992 321,991 319,991 318,992 318,996 294,996 293,996 293,995 293,994 287,994 286,995 218,996 217,996 217,992 217,991 214,991 213,992 193,992 192,993 192,997 155,998 152,995 152,994 151,994 150,993 120,993 119,992 114,992 112,993 112,994 112,995 102,995 99,998 99,1008 98,1009 98,1012 99,1012 106,1012 107,1011 126,1011 128,1009 212,1008 212,1009 212,1011 214,1012 216,1012 217,1011 217,1009 218,1008 248,1008 248,1012 249,1013 251,1013 251,1012 251,1008 252,1008 344,1007 344,1012 345,1013 346,1013 346,1012 346,1007 347,1007 378,1007 378,1010 380,1012 382,1012 383,1011 406,1010 408,1008 408,1007 409,1006 437,1006 437,1007 437,1013"/><TextEquiv index="1"><Unicode>35 Docuitq́ue pœnas l Nempe, niſi nuptam ſimul</Unicode></TextEquiv></TextLine><TextLine id="r0_l041"><Coords points="486,1035 489,1035 489,1034 489,1029 490,1029 567,1028 568,1029 568,1031 569,1032 572,1032 572,1031 572,1030 573,1029 573,1024 572,1023 566,1023 564,1021 564,1017 505,1017 504,1017 441,1017 440,1017 440,1013 440,1012 417,1012 415,1014 415,1016 374,1017 373,1016 373,1013 344,1013 343,1013 343,1017 343,1018 286,1018 285,1018 285,1014 285,1013 282,1013 281,1014 281,1018 223,1019 222,1018 222,1014 221,1014 218,1016 218,1018 218,1019 182,1019 181,1019 181,1015 180,1013 179,1013 177,1015 177,1019 154,1020 153,1019 153,1017 152,1016 151,1016 150,1015 142,1015 141,1015 141,1029 142,1030 176,1029 178,1031 180,1031 181,1030 219,1030 219,1032 220,1033 222,1033 222,1032 222,1030 223,1030 230,1030 231,1029 277,1028 278,1029 359,1029 360,1030 361,1030 362,1029 391,1028 392,1029 428,1029 428,1030 428,1034 429,1034 431,1034 432,1033 432,1030 433,1029 485,1029 485,1034 486,1035"/><TextEquiv index="1"><Unicode>Prolem ue eodem crimine abjiceres nocens,</Unicode></TextEquiv></TextLine><TextLine id="r0_l042"><Coords points="473,1057 478,1057 479,1056 481,1056 482,1055 482,1051 511,1050 512,1051 518,1051 519,1052 520,1051 574,1051 575,1050 574,1050 564,1050 564,1049 563,1039 541,1039 540,1039 540,1035 539,1033 538,1033 537,1034 497,1035 496,1034 495,1034 494,1035 486,1035 485,1035 485,1039 485,1040 438,1040 437,1040 437,1038 436,1036 413,1036 412,1035 382,1036 381,1037 377,1037 376,1038 375,1038 374,1038 374,1039 373,1041 348,1041 347,1040 347,1035 345,1035 344,1035 344,1039 344,1040 276,1040 275,1040 275,1036 274,1035 273,1035 272,1034 271,1035 270,1035 269,1036 268,1036 267,1036 267,1037 266,1038 266,1039 266,1040 238,1040 237,1039 237,1037 236,1036 236,1035 233,1035 232,1035 232,1040 232,1041 209,1041 208,1042 181,1042 180,1042 180,1038 179,1036 160,1037 159,1036 140,1036 138,1037 138,1040 140,1042 141,1051 141,1052 156,1052 157,1053 176,1052 177,1053 195,1053 196,1054 196,1058 199,1058 200,1058 200,1053 200,1052 236,1052 237,1051 265,1051 266,1052 276,1051 277,1052 278,1052 279,1051 304,1051 305,1052 406,1051 407,1052 439,1052 440,1053 440,1056 441,1056 442,1057 447,1057 448,1056 471,1056 472,1056 473,1057"/><TextEquiv index="1"><Unicode>Tibi quod referrem deeſet? Egregiè dolor</Unicode></TextEquiv></TextLine><TextLine id="r0_l043"><Coords points="485,1081 487,1081 488,1080 488,1076 489,1075 534,1074 535,1073 543,1073 544,1073 544,1072 545,1071 544,1070 537,1070 537,1064 536,1063 534,1063 533,1062 505,1062 504,1062 500,1062 499,1063 459,1063 459,1062 459,1061 458,1060 458,1059 457,1059 456,1059 455,1060 451,1060 449,1062 428,1062 427,1063 386,1064 385,1063 378,1063 377,1062 376,1062 375,1063 303,1063 303,1059 301,1057 298,1057 297,1058 296,1058 296,1059 295,1060 295,1061 294,1061 256,1062 254,1060 248,1060 248,1061 246,1063 237,1063 236,1064 211,1064 210,1063 201,1063 201,1059 200,1058 184,1058 183,1060 183,1063 182,1063 154,1064 153,1062 153,1061 151,1060 147,1060 146,1059 140,1059 140,1060 141,1061 141,1073 141,1074 160,1074 161,1074 165,1074 166,1075 167,1075 168,1074 197,1074 198,1075 222,1075 223,1074 241,1074 242,1074 242,1080 242,1081 243,1080 243,1074 280,1073 282,1075 282,1077 300,1077 301,1078 301,1079 304,1079 305,1079 305,1075 305,1074 369,1074 370,1074 370,1078 371,1080 373,1080 374,1079 374,1075 410,1074 411,1075 411,1079 413,1079 414,1079 414,1075 414,1074 484,1074 485,1074 485,1080 485,1081"/><TextEquiv index="1"><Unicode>Per iſla noſter, ſponte quæ præſtas, ruet.</Unicode></TextEquiv></TextLine><TextLine id="r0_l044"><Coords points="556,1103 557,1103 557,1098 557,1097 566,1097 569,1094 569,1093 570,1092 570,1091 569,1090 569,1085 567,1084 556,1084 555,1085 516,1085 516,1081 515,1080 514,1080 513,1079 512,1080 480,1081 478,1079 477,1079 476,1080 476,1084 475,1085 464,1085 463,1086 429,1086 428,1085 408,1085 408,1082 407,1081 405,1081 404,1083 404,1085 403,1085 373,1086 373,1085 373,1084 372,1084 371,1084 369,1086 331,1086 331,1080 330,1079 327,1079 326,1080 285,1080 284,1081 278,1081 277,1082 275,1082 275,1083 275,1084 274,1085 244,1085 244,1084 244,1081 243,1081 241,1081 241,1085 240,1086 189,1086 189,1081 188,1080 186,1080 186,1081 186,1086 185,1086 161,1086 160,1086 152,1086 151,1084 151,1082 149,1081 148,1082 147,1082 147,1083 146,1084 146,1087 144,1089 144,1090 143,1091 143,1093 141,1095 141,1096 141,1097 158,1097 159,1097 159,1100 161,1102 164,1102 165,1102 165,1100 165,1099 167,1099 168,1099 168,1098 168,1097 220,1097 221,1096 247,1096 248,1097 278,1096 279,1097 281,1097 282,1096 308,1096 309,1097 310,1096 343,1096 344,1097 356,1097 357,1097 357,1098 357,1099 360,1099 361,1098 361,1097 403,1096 404,1097 404,1100 406,1100 408,1099 408,1098 408,1097 419,1097 420,1096 465,1096 466,1097 554,1096 555,1097 555,1103 556,1103"/><TextEquiv index="1"><Unicode>Agedum vir eſſe diſce torq́ue oculis domus</Unicode></TextEquiv></TextLine><TextLine id="r0_l045"><Coords points="226,1125 227,1125 227,1124 227,1119 229,1118 262,1118 263,1119 276,1118 277,1119 282,1119 283,1118 323,1118 324,1119 393,1118 394,1119 425,1119 426,1118 454,1118 455,1119 505,1118 506,1119 579,1119 580,1117 580,1110 581,1109 580,1108 580,1107 579,1107 578,1106 565,1106 564,1105 564,1102 542,1102 541,1103 541,1108 504,1109 503,1108 481,1108 480,1107 480,1103 478,1102 452,1102 451,1103 451,1106 451,1107 427,1107 426,1107 426,1104 424,1102 418,1102 417,1101 413,1101 411,1104 399,1104 397,1106 397,1107 367,1108 366,1107 353,1107 352,1108 317,1108 316,1108 316,1104 316,1103 315,1103 313,1102 296,1102 296,1103 296,1107 257,1108 256,1107 254,1107 253,1106 253,1103 251,1102 249,1102 249,1107 249,1108 220,1108 219,1107 219,1103 217,1102 216,1102 215,1104 215,1107 206,1107 205,1108 158,1109 157,1108 150,1108 149,1107 149,1103 148,1103 144,1103 143,1102 141,1102 140,1103 139,1103 139,1105 139,1106 109,1106 108,1105 103,1105 102,1106 101,1106 100,1107 100,1116 99,1117 99,1118 98,1119 99,1120 99,1121 100,1121 105,1121 106,1120 118,1120 120,1118 157,1118 158,1119 171,1118 172,1119 188,1119 188,1120 188,1124 189,1124 192,1124 192,1120 193,1119 225,1119 225,1124 226,1125"/><TextEquiv index="1"><Unicode>SS0 Intrepidus hauri funera: Aſdrubalem exhibe</Unicode></TextEquiv></TextLine><TextLine id="r0_l046"><Coords points="475,1147 478,1147 478,1146 478,1142 479,1142 505,1141 506,1142 508,1142 509,1141 517,1141 518,1140 518,1132 518,1131 517,1131 516,1130 491,1131 490,1130 489,1131 462,1131 461,1130 459,1130 458,1129 456,1129 454,1131 415,1131 413,1129 390,1130 389,1129 388,1129 387,1130 344,1130 343,1129 343,1125 340,1125 339,1126 315,1126 314,1125 307,1125 306,1126 305,1126 302,1129 302,1131 278,1131 276,1129 250,1130 249,1129 248,1130 229,1130 228,1129 228,1125 225,1125 224,1125 224,1128 224,1129 221,1129 220,1130 162,1130 161,1130 161,1124 152,1124 151,1125 139,1125 138,1125 138,1138 140,1140 165,1139 166,1140 189,1140 190,1141 202,1141 202,1142 202,1146 203,1146 205,1146 205,1142 206,1141 266,1141 266,1147 267,1148 267,1147 267,1141 268,1141 275,1141 276,1141 309,1141 310,1142 312,1142 313,1141 390,1141 391,1141 467,1141 468,1142 474,1142 474,1146 475,1147"/><TextEquiv index="1"><Unicode>Illum priorem. Cæde natorum repens</Unicode></TextEquiv></TextLine><TextLine id="r0_l047"><Coords points="426,1170 572,1169 573,1168 574,1168 575,1167 575,1165 576,1164 576,1161 575,1160 575,1159 574,1159 570,1159 569,1158 569,1153 568,1152 550,1152 549,1152 549,1148 549,1147 548,1147 547,1146 388,1148 386,1146 158,1148 157,1147 139,1147 138,1147 138,1159 137,1160 138,1161 151,1161 152,1162 166,1161 167,1162 204,1162 205,1163 209,1163 210,1164 210,1169 267,1169 268,1170 425,1168 426,1169 426,1170"/><TextEquiv index="1"><Unicode>Materna jamjani viſcera hic, quem tu vides,</Unicode></TextEquiv></TextLine><TextLine id="r0_l048"><Coords points="479,1195 480,1196 483,1193 483,1192 484,1191 484,1190 497,1190 498,1189 512,1188 513,1188 513,1186 512,1185 512,1172 510,1170 509,1170 508,1172 508,1174 507,1174 464,1175 464,1174 464,1171 462,1170 426,1170 426,1171 426,1175 425,1175 391,1175 390,1174 382,1175 381,1174 377,1174 377,1173 377,1169 376,1169 373,1169 373,1174 372,1175 341,1175 341,1174 341,1171 339,1170 305,1170 305,1171 305,1175 304,1175 280,1175 279,1174 272,1175 272,1174 272,1170 271,1170 265,1170 265,1171 264,1172 263,1172 263,1173 262,1174 229,1174 228,1173 212,1173 212,1170 211,1169 204,1169 203,1168 179,1168 178,1169 152,1170 150,1168 146,1168 145,1167 138,1167 138,1168 137,1169 139,1171 139,1184 139,1185 163,1184 164,1185 164,1186 201,1186 202,1187 242,1187 243,1188 245,1188 246,1187 274,1187 276,1188 288,1188 289,1187 334,1187 335,1187 335,1192 335,1193 337,1193 339,1191 340,1190 340,1188 390,1187 391,1188 392,1188 393,1187 424,1187 425,1188 425,1189 472,1189 473,1189 473,1192 474,1193 474,1194 474,1195 479,1195"/><TextEquiv index="1"><Unicode>Perſodiet enſis. Majus hoc aliud gueri</Unicode></TextEquiv></TextLine><TextLine id="r0_l049"><Coords points="582,1185 583,1222 645,1222 644,1185 582,1185"/><TextEquiv index="1"><Unicode>Fut</Unicode></TextEquiv></TextLine><TextLine id="r0_l050"><Coords points="661,1289 661,1232 638,1232 638,1289 661,1289"/><TextEquiv index="1"><Unicode></Unicode></TextEquiv></TextLine></TextRegion></Page></PcGts>