641 1286
166 54 493 75 DIONYSII. PTAVIÆ
96 76 444 101 Diræ ſuorum cladis expavit manus,
96 100 505 124 Quot illa teſtes habuit? Huic vitam datis,
52 123 532 149 435 Qui ſocia veſtros corpora ante oculos ſecans
95 145 484 171 Lentâ peremit morte? Cui tandem ſpei
94 169 615 194 Monſtrum hoc reſervas Scipio? An placidum fore,
96 193 529 218 Fidumq́ue in hoſtem reris, infidum in ſuos?
96 216 455 234 Dis execrandum? Veſtra  si novi benè
52 239 529 264 440 Conſilia: non huic pœna, ſed pœnæ modus
93 262 506 285 Tempuſq́ue lucro dabitur. Hoc victor tuis
92 286 547 311 Præſtas triumphis. Ante Tarpejum ad Iovem
92 308 454 334 Sacrâ præibit, colla ſubſtrictus. viâ:
94 332 535 357 Captiq́ue Princeps agminis paſſim nurus
52 352 487 381 445 In ſe Latinas vertet. Hinc laqueo gulam
91 378 438 404 Fractus tenaci, rupe vel celsâ datus
92 402 495 427 Præceps peribit: carcere aut clauſus, ſitu
91 426 493 451 Horrenda noctis clauſtra perpetuæ colet.
91 449 507 470 Sed lenta nimis hæc, debita & veſtro ultio
50 472 537 498 450 Per ſe dolori eſt. Majus, & proprium quoque
90 495 515 521 Sibi noſter aliquid poſcit, ac refugit moras.
87 519 488 545 Hos tu vides crudelis, & fato, & patre
85 542 519 567 Meliore dignos? Fruere, poſtremûm aſpice,
87 565 514 591 Periere. Patrium hi crimen inſontes luent,
48 589 487 614 455 Matris perempti dexterâ, at culpâ patris.
83 611 590 638 A. Ah! parce conjux! C. Conjugē hic etiam vocat?
85 634 558 661 A. Ignoſce gnatis mater. C. Hoc genitor doces?
84 658 590 684 A. Per ſi quid umquam dulce tibi noſtrum accidit,
81 680 494 708 Per ſacra thalami jura communis precor;
42 701 567 732 4G0 SNe perime: nea ſunt ſcelera: me potius pete.
47 727 552 753 C Vtinam ipſa poſſem nunc tnas ſoholes viaes
81 750 485 773 Mihi te vidente debet. O fauſtum diem!
81 774 517 802 natos, quod unum deerat ad pœnas, amat,
83 797 541 822 Adeſtue genitor, Nil meum hoc faſtum foret,
42 819 590 848 465 Niſi & ille amaret. Perage. S. Quid mulier facis?
80 843 488 871 Abſiſte furia. C. Lumina huc ſodes leva.
78 865 533 893 Agnoſce: tuus eſt. Primus hic enſem imbuat.
77 888 590 916 P Miſerere genitrix. C. Dirus hoc prohibet pater-
77 911 527 940 I nnc: relinque coniugem. A. Eſt odio ſaris
37 935 430 958 q40 Mactatus ille. Liberſm vitam alteri
78 957 562 986 Concede: ſolum hunc poſco. C. Ni peeres, darem,
77 980 461 1010 Quod me voles feciſſe,. velle iſtud nega.
75 1003 531 1031 Hunc cui precaris, cui times, ipſum hoc, cupis
74 1025 546 1054 Quod eſſe ſalvum, perdet Hâc ferrum inſeram.
34 1049 546 1078 45 A. Eſtiſne Superi? Nullus hic fulmen rotat?
72 1071 590 1101 Nemo hanc leænam. liberim hanc peſtt opprimit?
70 1092 590 1120 Date tela, flammas ſpargite: hâc vivam manu
69 1112 504 1147 Eviſcerandam rapite. C. Iam ſortem juvat:
69 1134 509 1169 Iam te virum ſpectare. Quod ſatis eſt, doles,
28 1147 480 1189 0 Nunc ultas, nnnc hets, nnnc victri ferar.
507 1194 554 1218 Mn
