689 1297
140 61 613 89 CARTHAGIN. TRAOEDIA. 5
112 86 485 113 Rara hæc voluptas hoſtium luctu frui.
111 110 520 136 Eactum eſt abundè. Plus meis odiis litas,
111 132 553 158 Quàm quod cupivi. Læta tibi de me invicem
98 155 532 180 Moritura reddo. Facibus & ferto Aſdrubal
39 178 495 204 45 In me paras ſævire. Nil ferro eſt opus,
109 201 522 223 Nil facibus iſtis. Idem erit ſceleris tenor,
109 225 544 252 Per me quod optas cædis officium exſequor.
107 248 494 275 Inviſ morior: poſtque præmiſſas Stygi
39 270 574 296 Vmbras recentes propero. Qui patriam cremat,
39 294 526 322 4p0 Idem & parentem rapiet, & ſtirpem rogus.
109 317 457 343 At tu ſuperſtes, exſul, alieni aſſecla
106 341 512 367 Vilis triumphi, famulus. inviſus, pavens,
104 365 526 389 Victoris ad ſpem vive. Vel. fi fas mori eſt,
104 388 532 413 Hinc te quid agere deceat, exemplum cape.
39 412 549 438 495 A. Perge execranda, perge, Dirarum gregem,
104 435 539 461 Seu mox tribus jungenda, ſeu pars es trium,
102 459 513 484 Cumula, vel exple. Belidum ceſſet labor,
102 482 456 508 Et ſicca refugus ora decipiens larex.
102 501 542 531 Et quæ perenni conſcium udacis ſtupr
39 529 523 553 50o Revoluta verſat turbine, ac numquam ſilet,
101 552 518 576 Rota transferatur. Tundat æterunum jecm
99 575 461 600 Obſcœnus ales, & renaſcentes fibras,
81 599 468 623 Vacante Tityo, nulla non carpat dies,
99 622 532 649 Quidquid ſub imis horridum tenebris capax
38 646 453 670 505 Ditis coërcet regia, & turbæ irrogat
99 669 474 694 Quidquid nocenti torvus Aſopi nepos,
97 692 595 717 Ioviſq́ue proles Gnoſſia. & conſors fori (gravat,
95 715 601 740 Rhadamanthus, unam hanc laceret. hanc unam
95 739 558 763 Pro! miſſa Averno peſtis, atque ævi probrum!
39 762 564 786 510 Quonam freto? qua caute? quo monſtro editam
93 784 526 808 Noſtra hanc tulere ſæcla? quæ longâ fame
91 808 506 830 Incenſa Tigris? quæ lupa ? aut gelido poli
91 833 452 853 Sub axe candens urſa tam ſævas alit,
91 855 536 881 Aut Hydra flammas? Liberi infauſti patris!
41 878 477 903 515 Quis veſtra dignè funera & caſus fleat?
91 902 565 929 S. Miſeranda pateris, fateor. At qui ſis memor,
89 925 445 950 Onerare planctu temet imbelli cave.
89 948 497 975 Age hunc retractum cladis aſpectu alleva,
89 972 484 997 Caſtriſq́ue recipe. Lenit afflictos quies.
136 1017 537 1054 Scipio ad evertendam arcem ſuos
295 1053 391 1076 animat.
108 1091 568 1121 IDEM SCIPIO AD MILITES.
39 1132 517 1178 520 VRgenda belli reliqua. Tam tetrum nefas
114 1156 527 1182 Versâ expietur arce. Quâ durum eſt iter,
83 1181 449 1207 Nec ſolida calle planta devexo labat,
486 1198 592 1229 Pendente
337 1206 379 1228 D5
