576 957
215 18 402 44 ta C0 .
85 21 122 45 n66
85 53 573 80 rientem dt, uſque ad templl januam. Quid
86 78 573 105 ſub re divina fecerit, non vidl ſed diinnre
87 104 573 135 Ecilè potero. Refer hæe, refer parenti tno.
88 128 573 154 Vitul. Et quid i referamI ridebit me, & te-
86 153 573 175 Hic. Rebit? O meretur ſanè, -- mere-
85 175 573 206 tur . & ſpero adhue bodie videre. Vitul.
87 202 573 229 Quid Hirc. Capreole, ſequere Vitulinum,
87 227 573 253 & pannum pro pallio defer in ædes meas. V-
87 252 543 278 ul. Non. Illud ſtatim conficies ln domo no-
87 277 542 304 ſtra? Copr. Omninò Magiſter, melius eſt la-
86 302 544 329 borare in domo lanionum, quàm in noſtrs,
87 326 544 353 Apponuntur ſubin farcimina. Vtul. Hæc
87 352 544 378 apponuntur &t hodie. Hire. Nimiis hodie la-
88 377 544 403 boribũs jam domi occnpot, eras autem ſta-
88 402 544 426 tm eonficiendo pallio manus admovebo, Il-
88 426 543 453 cèt grè pro tali puero. Vitul. Si ægtè,
87 451 544 474 mox alium ſartorem advocabo. Hirc. Non,
88 476 545 501 non. Abi Cpreole, pannum pro pallio ad
89 500 545 530 me defet. Interea caligas has mihi trade re-
90 528 180 547 fielendas.
227 571 409 598 Scena Tertia.
92 615 349 643 Vitulinus. Capreolus.
116 650 542 677 Vitul. Eſt mirahilis homo Magiſter tus
89 676 543 703 Hiceaſius. Omnes ſtudioſos petulantiæ, pa-
32 700 542 728 rentes omnes neglectæ diſcipſinæ arguit, &
32 725 542 752 tamen filium ipſe habet Luridaſtrum, lurco-
89 748 542 776 nem luridiſſimum, cui ſimilem gymnaſium
89 775 549 801 non habet. Hirc. Magiſter tame meus lon-
89 800 542 826 gè alia prædieat de ſuo filio, nempe morum
58 825 543 850 probit ate in toto gymnaſio ſtudioſum non
89 848 543 874 eſſe ſimilem Luridaſtro ſuo, ficut & in urbe
485 877 543 896 nemi-
