587 955
224 14 406 41 t0
82 17 118 41 6
79 50 584 77 divi aiqus, ſed quis civis ille, qui tele i. m
79 71 584 102 ctait conſilium t Hie. Fortè hine non pro- Ii
80 97 583 125 cul abeſt. Edm. Esne t ipſet Hirc. forte. M
80 122 584 152 Qd autem dixit D. parens de ho conſilioI I
79 148 583 177 Edm. Diit prorſus admirabile, & ſtupore B
79 172 584 203 iguum. Hire. Penetravit hic ingenii ſul il
80 198 584 227 acu hoc publieum nrbis honnm. Cpr. An
79 223 584 249 ſartor fuit Hie. Neſcis autem, an illud ho-F
79 248 584 277 de in ſenatu Magiſtratui prælegerit, commu- ſ
74 274 583 301 n plauſu excipiendumè Em. Haud dubiè ο
71 299 584 327 Iuſtõ longiùs hodie ſenatorum conſeſſus pro- I
80 323 584 352 trahitur; necdum è ſenntu rediit pater. Hire, l
81 350 171 370 Oτninò.
213 393 398 423 Scena Tertia.
83 439 584 472 Edmundus. Hircaſius. Capreolus. L
137 469 245 501 ridaſtrus.
108 505 537 529 Hire. Opportunus ades fli. An hodi
82 528 537 555 Iam interfuiſti ſacrot Lr. Edmundus me pro-
82 553 537 576 iderit. Fatebor, ſaero ordinario non in-
82 578 536 604 tertui hodie. Hiνe. Et eur pon? Luν. De
83 603 536 626 boc me cras jam excuſabo in ſchola. Hirc.
82 628 536 655 Et quam excuſationem afferes? Cap. Nox
76 652 535 679 jam ſuggeret mendacium. Lur. Excnſatio-
77 678 535 703 em legitiam. Sacerdotum non nemo, dum
84 704 537 729 eonſuetam adire Miſſm cogitabam, ex itine-
85 729 538 752 re me rogaverat, ut illl ad aras ſervirem in
84 752 537 778 ſacello ſuo domeſtico. Hie. Legitima ex-
85 777 537 802 uſatio pro die hodierns. Sed nunquid ſ-
78 801 537 825 pius intra hebdomadem aberas à ſacro ordi-
86 826 538 853 nario I Lu. hæc ipſa eſt abſentiæ mee cauſ,
86 849 539 876 Et el in ſaecllo domeſtiso, vel in vicino mo-
461 878 559 899 neſterio
