620 957
86 25 122 45 86
224 24 403 54 a (0
203 63 416 93 Scena Secunda.
593 61 618 81 d
588 87 618 106 Rc
85 95 375 121 Scrib. Hire. Bertrandus.
107 129 617 160 Bert. Te ipſum D. ognate quærebun. Iam qI
39 155 617 181 Collecti reliqui ſodales omnes te unum avide ti
84 179 617 205 exſpectant. Scib. Nec minus avidus ego ad ι
83 204 616 230 vos propero, chariſſios nuper coniſcipulos,
84 228 617 256 ſodales vero etiamnum fidiſſimos. Bert. Con-
84 253 617 286 ſtituti etiam Phonaſci, qui fidibns ſuis com-
84 279 617 305 unem lætitiam animent. Hilariter, t ſpe- nι
84 304 617 330 To, tranſigetur à nobis hæc dles. Scrib. Spe- B
86 328 617 355 ro & ego, qui multis tandem precibus à do- 5
86 353 617 380 mino meo extorſi aliquot horas liberas. Diu- I
76 378 617 405 tius longè hærendum mihi in cancellarin, quam ſe
85 402 617 432 plim in ſchola. Bert. Crediderim, nune I
77 428 617 455 go me ſequere. Scrib. Sl ad paueula mo- n
86 453 617 480 menta exlpectare me velis, onficlam ct
76 477 617 504 to cum proximo mercatore negotiolum. Pan-I
88 503 617 532 nos duntaxat inſpicio; de pretio mereis deinI
88 527 541 552 Magiſter hircaſi eum mercatore onvenis.
88 550 542 578 Hic. Hoc mihi tutus committe. Novi mer-
90 566 602 607 catorem, & ille me. Conficiemus omnia ad
89 602 617 632 votum noſtrum. Bert. Hic ego reducem ex- ſI
90 626 604 654 ſpectabo. Serib. Dixl, redux ero in momen-
80 651 580 676 to. Bert. Solus. ſi hircaſius ſciret, quanta li-
91 675 617 702 beralitate hodie nos pater haberet, quantas
48 700 617 729 In illum eſfunderet querelasl quàm ſtolidum
75 726 605 754 illum Parentem, quàm improtum me pr-
78 752 184 774 clamaret.
224 776 415 805 Scena Tertia.
95 810 234 835 Bert. Vitul.
120 837 545 864 Vit. Vocavi Lam phonaſeos. Brt. An ve-
93 862 545 890 nlet etiam in coeentum noſtrum Vt, An
493 889 546 909 dubl-
