592 960
217 25 397 50 a 0 3
80 31 116 45 oo
211 61 405 98 Scena Octava.
78 108 589 143 Accedit Apparitor ſecundus cum L I
551 139 590 157 t
136 137 230 168 ridaſtro.
78 181 589 213 Luν. Vobis, Apparitores, poteſtas eſt in me
77 207 589 238 nulla. App. Cum lurcone, non cum ſtudio-
77 239 526 264 ſo agimus, & quidem e ſcholis ejecto. App.
77 264 527 283 Reluctaberis ultra? an necdum ſenſiſti latis
76 288 527 313 hune ſtipitem? Lur. Sentio. Hine quæſo Ed-
33 313 526 338 unde, fac, pnarum ſit ſatis. App. Imo
74 337 528 363 patri ſocius aſſidebis. Hic. Removeatur im-
74 363 527 388 pius hic lureo è meo latere: qui me tantas iB
72 387 526 413 lſerits. Abſtrahatur in domum Caſtigato-
73 412 525 436 ram. Aut omnino ab urbe ejilatur. Edmn.
72 437 525 463 I factum eſſet, & ut D. parens meus id fa-
72 462 525 486 eret, Gnaſiarcha hodie ſuaſit, & monnit.
72 486 527 512 Dum autem parens meus prudenriſſimum
72 511 526 538 tuum conſilium illi propoſuit, Luridaſtrum
71 537 527 562 ho ſupplicio pro hac viee puniendum cen-
70 561 570 588 ſuit pater meus, & Gymnaſiareha. Eja viri
61 586 525 614 DeiI Lur. malim omnia perpeti, ſed hoc uno
70 611 526 632 dedecore liborate &. Hic. Non à ter-
71 636 562 662 go, ſed aute me collocate, ut magis videatur
69 661 526 686 Iurco. Lus. Tibi pater, tibi debetur honor.
70 687 527 712 App. Et pater nlminn indulgens filio magis
70 712 271 737 reus eſt, quàm flius.
158 743 385 771 Scena Nona.
68 780 454 814 Atcedit reliquis faber Iignarius.
96 817 528 842 Hire. Redis tandem ſolve me aliquun-
69 841 528 866 do, qui me ligaſti. App. Non, aon. Prohi-
488 866 530 884 beo
89 900 193 918 S Imponunt.
