690 1288
43 49 506 88 15 DIONVSII PETAVII
117 97 638 128 Maharbal in ſdrubalem ut nalorux
143 130 638 164 amnium cauſam in vehitr, quem ibes
141 162 638 196 Aſdrubal in vinculu couiici, Sacerdo-
140 195 638 230 teś ſacris operatos ad Romanos pre
140 225 445 259 obtinenda pace proficiſci.
152 270 571 289 ASDRVBAL. SENATORES.
182 293 552 312 M AHA RBAL SENATOR.
92 326 638 352 ASD.Alvete Proceres Commodùm accitos grao
170 350 280 368 V dum
113 371 528 398 ,, Ruc intuliſſe lætor. Ante oculos fita eſt
115 396 547 421 ,,Fortuna cuique propria: Rectori objacet
42 420 591 448 60,, Communis. Hanc vos operis in partem vocat
111 443 492 467 Depofita mecum patria, maturos ſimul
113 463 638 490 Ævo, atque honorum gradibus. Haud parvo ſpei
113 488 638 513 Penſanda ſummna eſt opere: proin, fi q́ua eſt ſalus,.
75 512 556 536 Quem bella finem, noſtra quem capiat ſtatum
43 534 638 559 565 Forruna, mecum quxite. MA. Hocdemum rogasè
112 557 570 580 Nempè & Senatum.conſulis? Tandem ſtudet
112 580 520 605 Civilis eſe. Regna tum populo approbat
113 602 638 629 Cm nulla propè ſunt: liberam & gentâ Aſdrubal,
113 626 565 651 Cum periit, eſſe meminit. At legum, puto.
43 647 638 676 150 Antè huic, Patrumqj cura: quos dudum opprimit,
103 672 501 697 Et quos peremit. Cùm tuus ſtricto ſalit
113 696 519 721 Mucrone miles, perq́ue ſemirutæ vias
112 719 541 744 Bac hatur urbis, tectatue & prædam egerit:
113 742 552 767 Dum quæ hoſte ab ipſo vertit: in ſolos gerit
43 763 500 790 15 Iutrepida cives ora: dum mediâ nihil
112 788 557 813 Tutum urbe dum te patria recrem videns,
63 810 518 836 In æquo & hoſtem ponit, aut levius putat
113 834 590 859 Etiam hunc timendum: voce dum ſol abſtinens
114 857 542 882 Sceptronue, Regis ceteta, & domini refers,
43 879 540 905 8o Num te Senatus tangit ? His ulla advocas
112 902 565 930 Conſulta? Sed vel ſapere nunc porrò incipit;
113 926 545 951 Patrumq́ue placitis hæret. In medium loqui
110 946 638 974 Fas cniq́ue tuto eſt. Dum tuam ad mentem loquar,
109 970 588 996 Dum nil relucter, fas quidem: at contra hiſcere
43 990 523 1017 15 Barbarica prohibent arma. Num tutò rear
109 1016 530 1043 Sentire quidvis poſſe, quem caſtra ambiant
108 1037 596 1065 Tua ? quem cohorres, armaq́ue injugulum ſtati
108 1059 537 1088 Ruitura cingant ? Liberum ut vultum feras
110 1081 527 1106 Placidus, modumnq́ue noris, alterius docet
43 1101 512 1134 90 Aſdrubalis atrox pœna, quem falſi reum
111 1124 509 1155 Sce leris, nec ullo teſte, nec facti quidem
85 1145 488 1186 Indice revictum, vota remorantem tua
540 1171 638 1202 Tuba
