688 1301
133 51 601 80 CARTHAGIN. TRAGOEDIA. 15
99 75 479 106 Turbæ furenti dedis. Inde alios ſpecu
100 99 536 124 Atro coërces : verbere hos, mulctâ, probris
45 122 511 147 195 Alios, metu omnes cogis. Et verum juvet
98 145 586 171 Poſt iſta fari exempla: quodq́ue aliter probet,
97 167 514 192 Memorare quiſquam tantulo vitæ, ac necis
96 190 499 217 Diſcrimine auſit? Cladibus tantis rogas
98 213 500 241 Ecquid ſalutis reſtet. Hoc de re Aſdrubal
45 237 498 262 200 „Scitare potiùs. Spectat authorem mali
98 260 506 283 „Opis parandæ ratio. Quam ſolus foves
96 283 505 309 Reſtingue flammam ſolus. Heſperio foris
96 306 586 333 Quod ab hoſte geritur: quod rei, & capitum perit
96 329 536 356 Face, ferro, abactu: patria quod vivis ruit:
44 353 594 379 205 (Quanquam iſta Ducis eſt culpa) ſed nec jam potes
94 376 595 402 Præſtare, nec nos querimur. Hoc propriè tuum eſt
93 399 574 425 Quod in urbe, quod te conſcio, auctore, auſpice,
93 421 584 449 „Addo & jubente tulimus. Hoc ipſum eſt ſcelus
93 445 550 471 „Non vindicare ſcelera. Tu princeps præis.
39 468 553 495 210 Quid jam Latinos verear? aut quid jam aſtrui
91 491 520 517 Tot poſſe (captos fingite) ærumnis putem ?
39 513 416 541 Non ſi ſuperbus Gentiles ovans
90 538 520 563 Immittat Aquilas Ductor, æquè in me ferus
90 560 534 592 Peregrinum & hoſtem ſubeat. Ac belli vides
38 583 476 609 215 Ardore in ipſo, ſaxa, cùm ſummè furit,
89 606 466 634 Nil muta præter, urbis & ſedem gravi
39 629 527 657 Deſignat odio: ſupplicum haud facili volet
88 652 569 679 Imbuere dextram ſanguine. Hoſtilem in modun
39 675 456 703 Sævire ſaltem diſce. Si veteris notam
39 698 454 724 220 Abolere noſtro ſanguine exſilii cupis:
86 722 533 748 Diſtingue ſontes. Quos tibi in pœnam legas,
85 745 478 773 Lethoque damnes, fare. Sin æquè juvat
86 769 533 794 Sævire in omnes penitus, id́ue amimo ſedet!
84 792 490 818 Paulum opperire, dum tuis votis fames,
44 814 483 840 225 Et Roma ſervit. Liberè, oppreſſos malis
86 837 435 863 Spirare ſi non detur, expirent ſine,
74 861 502 883 Quò ſæva vertis ora? quid torvum intuem
74 886 502 909 Terres minaci fronte? Men? ſolum queri,
86 906 547 932 Solùm iſta credis proloqui? Idem aliis dolor:
44 930 520 955 30 Non animus idem, non vigor. Vincit metus
87 952 442 978 Odium tui: diſparq́ue libertas pari
85 975 459 995 In mente reſidet. Vna cunctorum vice
59 994 586 1028 Vox commodata eſt. SEN. Euge. SEN. Prô civem
174 1022 276 1044 inclytum!
85 1043 578 1069 Nos umbra tantùm, & numerus. ASD. Iratos tibi
45 1065 526 1090 235 Deos oportet eſſe, qui mentem hanc, ſenex
86 1088 530 1109 Furioſe, dederint. O mihi multum hac brevi
85 1111 558 1135 Doliture linguâ ! Túne me? At verbis tenus
85 1133 589 1164 Pugnare veſtrū eſt. SEN. Iurgia incaſſum, & minas
79 1157 505 1183 Iatantur. Hæc tu, cauſa qui rixæ es prior,
515 1180 589 1204 Depon
