683 1303
135 52 604 87 C ARTHAGIN. TRAGOEDIA. 5
101 75 579 110 Trahetur? ASD. Italſm caſtra ſolenni frequens
102 99 490 131 Cultu Sacerdos adeat, & pacem roget.
103 124 581 155 SEN. Totúmne portis obviam effundes gregem?
1 146 531 173 290 ASD. Nive! ſeniles infulâ obtectum comas.
98 169 601 202 SEN. Quid petere porrò ſupplicem hoc ritu jubes?
97 191 601 223 ASD. Pœnis, quod ultra eſt, parcat, & ſocios ſinat
95 215 474 243 Erigere muros Romn. Nos unam velit
94 238 480 268 Patriam paciſci: cetera in Carthaginis
95 261 596 292 Ceſſura pretium. SEN. Nempe quod ſtante abnuit,
1 284 496 317 295 Et adhuc timendâ fſœdus, eversâ dabit?
92 308 548 337 ASD. Tunc impotenti bellicus ſtimulos furor
92 332 492 363 Suffixit animo, caſtra cum noſtris recèns
90 354 473 383 Applicuit oris Conſul ; erictum malis
90 378 499 408 Nec dum Libyſſæ gentis exciderat decus.
46 401 481 430 30o Nunc tot ſubactos forſan ærumnis Deus
87 424 480 451 Reſpiciet aliquis. Clade ſatiatus tumor
85 447 487 478 Violentus in ſe recidet. Eſt odiis datum
85 471 543 502 ,,Pœnarum abunde. Sæpe ſelici invidens
85 495 467 523 ,,Fovet ruentem. Sic refiſtentem perit
44 518 515 548 305,, Fremebundus: idem parcit affſictis Leo.
85 541 573 569 SEN. Non Vrbis hæc ſunnt ſata: nec modico luet
84 563 431 588 Victoris iras. Donec exciſâs domos
83 586 460 618 Involvat unus pariter. & cives rogus;
84 609 529 642 Ruantq́ue ab imo cnnta; vis nulla impetn
42 634 509 665 310 Latii reſolvet Martis, aut Pœnum eximet.
83 657 490 687 Novi hujus animos gentis, & regni fitim,
1 679 511 711 Et odia noſtri generis. & veteres minas.
80 703 538 730 Quid? rerum in ipſo catdine, ad votum exitu
80 727 488 756 Labente belli, referet infectos domum
37 750 497 778 45 Acer triumphos Ductor, atque operæ velit
80 773 538 799 Carere pretio? Fac tamen velle. Hoc Patrar
80 796 478 826 Conſcripta fieri turba, vel populus ſinat,
80 821 484 847 Queis eæca ſtimuſis pectus obliquis fodit
81 843 476 872 Iuvidia? Patrii quid tenax odii Cato.
34 868 477 895 0 Faxque una Libyæ? Bella ſe vivo excuti
79 890 435 915 Patietur? Eras: nulla vivaces dies
76 913 489 941 Reſtinguer iras. ASp. Vota f fallit furor
74 936 500 963 Barbaricus, & nos fœdere angnſto premit;
76 960 531 987 Cedamus ultrò. Fugere quod nequeas, pati
32 984 476 1010 15 ,, Tandem coactus diſce. Si pacem neget
75 1006 512 1032 Manente patriâ: quam nec extinctus queam
58 1030 414 1055 Eripere, ſalvo potis ac vivo ruat.
72 1053 521 1078 Veſtra illa, procees, cura. Me miles manet:
58 1076 513 1098 Qui cùm necis, vitæ ue ſors eadem Duci eſt.
1 1098 480 1131 330 Hanc fi precantum nullus expediat labor.
73 1122 488 1147 Nec ferre tutum liceat hinc nobis pedem;
72 1145 503 1170 Noſtrim eſt levis jactura. ſi reliquis avent.
71 1165 548 1194 Agadum hc parentur. Inde cùm ſignum dabo,
491 1190 572 1216 Operat
