707 1289
192 37 513 62 DIONTSII PETAVII
42 40 106 64 !2
1 52 609 90 Rapidiſque aduſtam facibus in cinerem, & leves
126 84 530 109 Verti favillas jubeat. At, ſi qua eſt adhuc
40 107 528 134 5 Pietas, maliſq́ue pectus humanis dolens.
128 130 575 156 Te te iſta ſpecies tangat. Hanc urbem aſpice:
127 153 518 180 Hnc orn verte Scipio: hæc quo ſit loco,
130 176 617 202 ,,Quo fſuerit olim, expende. unt certa invicem
132 199 649 226 ,,Sua cuiq́ue genti tempora. Excidimus modo..
98 223 539 248 50.. Sic vos poteltis. Fragilis eſt fati tenor.
634 231 692 260 !
131 245 562 272 Nec Roma ſemper ſtrrerit. Et vivat quidem
131 270 545 296 Opulenta, ſelix, dives, & punquam tui
129 292 554 318 Carthago ſimilis Cuncta ſub pedihus regi,
132 315 693 345 ,,Vertiq́ue videat: nos quoque. In noſtris tamen,
101 338 549 364 5,5 Quid vos timere deceat, ærumnis vides.
133 361 520 388 ,,Quo te premi devictus exemplo velis,
134 379 694 411 .Modo in hoſte victor ſtatue. Quanquam hoſtem
135 407 637 434 Ne credite hoſtes. rror invitos facit, (loquori?
135 431 535 458 Non cauſa: ſocios fdus, & toties datæ
104 454 544 480 50 Vtrimque dextræ; quoſq́ue cepiſtis Deos,
136 478 527 505 Et uos dediſtis obfides quondam bonæ
136 499 609 527 Fidei, & ſequeſtres. Promade civili Baud minus
137 523 525 547 Sociale bellum geritut. In ſocios potes
135 545 572 570 Tam ſævus eſſe ! Tamne fammatum in ſuos
103 569 522 596 25 Verſat furorem Roma? Nam dici ſnos
136 591 632 618 Nec iniaua nobis adimet. Vt libitum eſt, age
136 615 567 641 Opprimite, ruite. Donec etiamnum ſumus,
136 638 541 663 Veſtri ſumus, fuimuſq́ue. Stant fixa æreis
139 661 696 703 Monimenta tabulis, pactaq́ue amborum manent,!
105 684 530 710 0 Fas ſit precor dixiſſe, non ullâ recèens
138 702 595 734 Temerata fraude. Vetera quid fruſtra axequar!
139 730 597 755 Geminique cauſas Martis? Hæc noſtros penes
137 754 550 780 Maneant Parentes. Pace bis ruptâ nocens
1 759 41 792 45
117 776 605 802 Carthago fuerit: nil meam hoc cauſam grarat.
106 800 483 826 55 Talem ſciehat, jura cum victis avus
120 822 503 847 Tuus ille poſuit: cum tot exitio licet
137 844 571 871 Furiata procerum Roma, tot ſtrage urbium,
135 868 552 895 Per hunc pepercit. Tempore ex illo nefas
135 891 568 918 Nullum peractum: ſi quod eſt viſum tamen,
92 915 665 944 200 Non omnium hoc eſt. Scelera paucorum innocens
134 937 532 963 Heu! turua luimus. Adde perjuri dolos
134 953 696 987 Numidæ. Quod urbi crimen, aut culpam objicist!
134 983 617 1013 Quid miſera potuit? empore impoſitum ſuo
131 1006 544 1031 Ferri tributum petitis ? Elephantos dari?
36 1027 475 1055 205 Paremus. Exin ſtirpe meliori lares
132 1051 534 1074 Viduare patrios: deque mærentum ſinu
130 1073 547 1098 Natos parentum trare compulſi, obſides
130 1095 573 1121 Heu! chara vobis pipnra, & ſpem Punicæe,
130 1116 589 1143 Floremq́ue gentis dedimus. Hinc caltris jubes
36 1135 510 1170 !50Inferre Conſul arma, & exhanſto rates
533 1164 622 1190 eripere
