659 1283
170 29 492 55 DIONSII PETAVII
57 36 80 52 16
56 52 479 79 25 Tot illa rerum fama, iot fpoliis crans,
99 75 481 100 Tituliſque dives gloria, in veſtris, viri,
98 99 528 122 Commiſla manibus, pectore in veſtro ſedet.
96 121 494 146 Nec longa belli tædia, aut ſegnes moræ.
98 144 485 169 Afectus hret cardine in ſummo labor.
55 168 483 192 5o Eſt in propiuquo meta. Perfunctis levi
96 190 497 216 Merces periclo magna: ſed major tamen
45 214 519 238 In laude fructus. Agite, nunc gentis caput,
94 237 535 262 Libyæ illa domitrix, æmula Imperii, potens
95 259 522 284 Catthago, gemini ſæva dominatrix maris;
54 283 536 307 255 Quoque orbe rutilum Phœbus emenſo jubar
94 306 536 330 Reſtinguit, & quod media terrarum ſecat,
93 329 523 353 Illa illa rerum tumida, violenta, impotens.
95 352 571 377 Quodque omnne ſupra eſt crimen, infandi domus
95 375 462 399 Annibalis, imis ſedibus præceps rua.
53 397 489 422 t60 Perdenda penitus: peſſima excidio lues
59 421 649 446 Abolenda: Dudum has tot Ducum inferias petunt,
93 442 545 468 Tot civium umbræ: ſtrage quos fœdâ Africus
92 467 523 491 Graſfator haufit; terna dum luſtra incubans
91 490 506 515 Vagum per urbes agmen Auſonias rapit.
51 513 564 540 25 Lentcqne columen Marte Romanum atterit
91 535 499 561 Quid, quos Pyrenes arduæ obverſus iugo
90 558 524 584 Fraude interemptos Celtiber campus tegit?
91 581 538 606 Geminmne belli fulmen, & noſtri inclytum
93 604 492 629 Par generis, acres morte Scipiadas nepos
50 627 509 651 a20 Errare inultâ patiar? Haud vivus quidem.
91 651 501 675 MI. Tua nos alacres, quocumque vocas,
89 674 450 698 Quocumque moves, caſtra ſequemur.
89 697 416 722 Duc age, Publi. Duc quâ Phœbo
89 720 386 745 Surgente rubet decolor Indus.
49 744 365 768 75 Quâ ſepteno gurgits Ganges
90 766 367 791 Flavas pelago miſcet arenas.
86 789 377 813 Quâ nobilibus pendula ramis
86 812 362 837 Dites carpunt vellera Seres,
89 835 384 860 Duc quâ gelido Parrhaſis axe
46 858 400 883 o Lentos ſitiens contrahit orbes.
88 876 438 927 efee
86 926 362 952 Aperit ſeros Heſperus ignes.
87 950 389 974 Duc qui fervent propiore Deo
44 974 398 997 2S5 Torto AÆthiopes crine minaces.
87 995 364 1016 Seu nos terr, feu ferre mari
86 1018 387 1042 Romana jubes, te Duce, ſigna,
84 1041 396 1065 Aquilaq́ue ruos præeunte vocas,
86 1062 405 1087 Nec terra tuos, nee mare, Publi,
11 1085 360 1110 290 Arcere queat. Fortibus auſis
85 1107 373 1131 Par. ſemuper erit vivida virtus.
484 1146 572 1185 Htſâ
