709 1294
668 1 703 26 V
140 30 611 61 CARTHAGIN. TRAGOEDIA. 47
106 54 499 79 Nunc terra piſces, pelagus educat feras,
106 78 505 102 Rebus diem nox referat, & noctem dies.
107 101 554 124 Dubitante nil me fiet. Auſonium Aſdrubal
108 123 659 152 Supplex ad hoſtâ profugit! CONI. Ahllentâ enecat
74 146 538 173 5 Nimiùm morâ, quem certa ſcitatum Lycam
102 170 487 193 Sollicita miſi. Mé ne & hic ſpretâ ſibi,
106 192 533 215 ,,Herum ſecutus, conſulit? Paucos habent
106 215 514 241 ,.Adverſa fidos, proſpera infidos tegunt.
106 238 555 265 Eſ.ne ille ? Sic eſt. Fare. Quid rerum Lyca?
67 260 607 286 0 LC.Quod rere numquam. CONI. Quo meus con-
208 285 314 308 jux abit?
105 307 566 333 LYC Hoſtem vocabis. Conjugis nomen perit.
99 327 606 358 CONIV. Quidnam? LCA. Inter hoſtes degit.
206 353 466 378 CONI. Occulte, an palam
108 374 606 400 Immius? LYC. Adiit ſpontè, & oblatus Duci eſt.
107 399 566 423 CONI. Venimne porro Conſul oblato deditr?
70 419 607 447 5 LC.Dedit: & jacentem, genuáue amplexum ſolo
105 445 608 471 Levavit. CON. AÆquè hoc miles, ac Ductor probat?
105 468 589 493 VC. Fremuit ſuorum ſtragis horrendæ memor;
105 490 482 514 Nec facile capti cæde carnificis manus
107 514 605 540 Abſtinuit? CI Vtinam faceretlatque un duos
67 537 605 564 90 Nece vindicaret! LYC. Pars dari in flammas jubet.
107 559 497 588 Obruere ſaxis alius, aut ſudibus parat
106 582 514 611 Pars, ſocia quales corpora in pœnas agit,
105 606 530 633 Candente ſtringi forcipe, & liquidâ pice
103 628 531 654 Ambuſta ſpargi membra; vel tumulo infodi
63 653 512 677 5 Vivum imperat. Ductoris ad nutum ſtetit
105 675 604 700 Compreſſus ægrè fremitus. CONI.O factum mal,
103 698 664 724 Quod adhue ſuperſtes ſpitat: L Hæc. cultu Italſm
104 721 558 745 Simulante, caſtra ingreſſus. hiſce oculis modo
103 745 604 771 Subjecta memoro. CONI.Vade, & hæc ſcciis refer,
1 767 604 797 100 LC. Haud placida fſorſan, digna ſed ſcitu eloquar.
102 814 604 851 Pœnas ſtatuit ſumere de mariti perfidi
147 845 564 881 liberoſ trucidare cum patrem non
211 871 242 888 2
316 877 395 910 poſit.
138 917 570 943 vXOR ASDRVBALIS SOLA.
103 950 553 980 Quiſquis orbes numinum æthereos regis,
103 971 593 1001 VHominumque volvis fata !Si quiſquam tamen
101 1001 494 1025 Humana Superim curat. & noſtrâ Deus
101 1022 478 1048 Caus laborat aliquis: & certè ferunt
1 1044 619 1071 505 Eſſe aliquem, in omnes ſceptra qui teneat, Iovem,
102 1069 603 1094 Sævo tremendum fulmine. Huuc, quiqui eſt, voco,
102 1091 573 1116 Teſtorq́ue. Tſine hoc cernis? hoc pateris nefas?
103 1113 487 1139 Qu fulmen illud? quo Giganteo ſaces
63 1137 503 1162 Cruore paſtas ? ſceleris aut quo vindices
525 1159 607 1187 Reponis
1 1194 57 1217 5
