<PcGts xmlns="http://schema.primaresearch.org/PAGE/gts/pagecontent/2019-07-15" xmlns:xsi="http://www.w3.org/2001/XMLSchema-instance" xsi:schemaLocation="http://schema.primaresearch.org/PAGE/gts/pagecontent/2019-07-15 http://schema.primaresearch.org/PAGE/gts/pagecontent/2019-07-15/pagecontent.xsd"><Metadata><Creator>User123</Creator><Created>2022-01-24T09:06:10</Created><LastChange>2022-01-24T09:06:10</LastChange></Metadata><Page imageFilename="0048.png" imageHeight="1284" imageWidth="659"><TextRegion id="r0" type="paragraph" orientation="1.125"><Coords points="1,1 657,1 657,1282 1,1282"/><TextLine id="r0_l001"><Coords points="440,58 442,58 443,57 442,51 443,51 445,51 446,52 481,51 482,52 483,52 484,53 490,53 491,51 491,41 492,40 492,39 493,38 493,37 492,36 474,36 472,34 471,34 470,33 399,35 398,34 395,34 394,33 393,33 392,34 380,34 379,35 307,36 306,35 305,35 304,36 196,38 195,38 191,38 190,39 166,39 165,40 165,41 164,42 165,62 164,63 188,63 189,62 188,56 189,56 194,56 195,57 218,56 219,55 235,55 259,54 260,55 300,54 301,53 394,52 395,57 395,58 396,57 395,52 396,52 439,51 440,57 440,58"/><TextEquiv index="1"><Unicode>DIONYSII PETAVII</Unicode></TextEquiv></TextLine><TextLine id="r0_l002"><Coords points="56,45 56,66 81,65 81,44 56,45"/><TextEquiv index="1"><Unicode>4</Unicode></TextEquiv></TextLine><TextLine id="r0_l003"><Coords points="234,85 260,84 260,78 260,77 312,76 313,77 314,76 388,75 389,75 389,80 390,81 392,81 392,80 392,75 449,74 450,74 466,74 467,75 471,75 473,74 473,68 473,67 475,67 477,65 477,63 476,63 450,63 448,62 443,62 443,61 443,58 442,58 428,58 427,57 425,57 425,58 425,62 424,62 397,63 397,62 397,58 396,58 389,58 388,57 386,57 385,58 385,62 384,63 359,63 359,59 358,58 326,59 325,58 324,58 322,60 273,61 272,60 270,60 270,61 270,66 269,66 237,67 237,66 237,61 236,61 235,61 234,60 231,60 230,61 229,62 229,63 228,64 228,66 227,67 198,67 197,66 189,67 189,66 189,63 188,63 163,63 163,64 163,67 162,67 110,68 110,67 107,64 96,64 96,65 96,69 95,69 83,70 82,71 60,71 59,73 59,79 58,80 58,81 57,82 58,83 58,84 59,84 76,84 76,83 86,83 87,82 124,81 125,81 125,84 127,86 130,86 130,85 130,81 159,80 160,79 232,78 233,78 233,84 234,85"/><TextEquiv index="1"><Unicode>o Reponis iras ſegnis ? vVbi fandi arbiter</Unicode></TextEquiv></TextLine><TextLine id="r0_l004"><Coords points="550,101 553,100 554,99 555,99 555,96 556,95 556,94 557,93 561,93 561,92 560,90 558,90 554,86 552,87 551,86 549,86 548,87 521,87 520,86 497,87 496,86 485,86 484,85 483,85 482,86 448,87 447,86 436,86 435,85 435,84 434,83 434,80 432,80 431,80 431,85 431,86 393,87 392,86 392,81 376,81 375,82 346,83 345,83 345,86 345,87 313,87 312,87 312,82 312,81 310,81 308,83 308,87 265,88 264,88 264,87 263,86 263,85 263,84 228,85 227,84 224,84 223,84 223,89 223,90 196,91 195,90 195,84 193,84 192,85 191,85 188,87 188,88 187,89 187,90 187,91 148,91 147,91 147,89 146,87 145,88 144,87 110,87 109,86 108,87 97,87 95,89 95,101 94,102 94,104 95,104 96,104 97,105 99,105 100,104 116,104 117,103 144,103 145,104 152,103 153,102 299,99 300,100 301,99 348,99 349,99 366,99 367,98 413,97 414,98 417,98 418,97 450,97 451,97 453,97 454,98 506,97 507,98 522,98 523,99 547,99 548,100 549,100 550,101"/><TextEquiv index="1"><Unicode>Ille &amp; nefandi eſt oculus? Vbi cœlum tenes</Unicode></TextEquiv></TextLine><TextLine id="r0_l005"><Coords points="129,132 129,133 130,132 130,126 144,126 145,126 168,126 169,127 169,128 170,128 172,126 172,125 201,124 202,125 210,125 211,126 211,128 223,128 225,130 226,129 227,129 228,128 228,124 255,123 256,124 288,124 289,124 289,126 289,127 291,127 293,125 293,124 303,123 304,122 310,122 348,122 349,122 351,122 352,123 353,123 354,124 357,124 358,125 365,125 366,125 366,122 366,121 368,121 457,119 458,120 465,120 466,121 505,120 506,121 520,121 521,122 525,122 526,122 526,116 526,115 527,115 529,113 529,109 528,109 527,109 525,107 524,107 523,106 522,106 522,107 522,110 521,110 499,111 498,110 474,110 471,107 470,107 469,106 466,106 465,105 458,105 457,107 457,108 456,108 426,109 426,108 426,107 425,107 424,105 424,104 419,104 416,107 388,108 388,107 387,103 373,103 372,104 347,105 346,106 326,106 326,109 325,110 293,111 293,110 292,106 290,106 289,107 288,107 288,108 287,109 287,110 286,111 259,111 259,108 257,106 255,106 254,108 254,111 253,111 225,112 224,113 194,114 193,113 190,113 190,112 190,109 188,108 186,108 185,109 184,109 182,111 182,113 181,114 152,114 152,110 151,109 136,110 135,109 134,109 133,110 96,110 95,112 95,124 94,125 94,126 95,127 115,127 116,126 128,126 129,126 129,132"/><TextEquiv index="1"><Unicode>Iuſtitia. fas, pudorq́ue? Quid teſtor Deos?</Unicode></TextEquiv></TextLine><TextLine id="r0_l006"><Coords points="213,153 215,153 216,152 216,148 217,147 246,147 247,148 255,147 256,146 348,145 348,148 349,149 350,148 351,147 351,145 352,144 399,144 400,145 450,144 451,145 479,144 480,145 505,144 506,145 508,145 511,142 511,141 509,139 509,135 508,133 499,134 498,133 498,128 496,127 495,127 494,128 494,132 494,133 466,133 465,133 465,128 464,127 462,127 462,128 462,131 420,132 419,131 417,131 416,132 391,133 390,132 390,127 389,127 365,127 364,128 363,128 362,130 362,132 338,133 337,134 321,134 320,134 320,130 318,128 317,128 317,129 317,134 286,135 285,136 259,136 258,135 254,135 253,135 253,130 252,129 237,130 237,135 237,136 194,137 192,135 192,131 191,131 189,131 189,135 189,136 165,136 164,136 164,132 163,131 140,132 139,133 128,133 128,134 100,134 98,136 98,137 97,138 97,139 96,140 96,143 97,144 97,145 99,146 100,146 103,149 105,149 106,150 107,150 108,151 111,151 112,152 115,152 116,153 122,153 122,152 122,149 123,149 156,148 157,149 171,149 172,148 196,148 197,148 211,148 211,149 211,152 213,153"/><TextEquiv index="1"><Unicode>Quid ſurda pulſo numina, &amp; lentas nimis</Unicode></TextEquiv></TextLine><TextLine id="r0_l007"><Coords points="302,175 303,175 304,175 304,170 304,169 318,169 319,168 348,168 349,169 351,168 352,167 411,166 412,167 415,167 416,166 426,166 427,165 427,158 429,158 430,157 430,156 430,155 360,156 359,155 347,156 346,157 291,158 290,157 290,153 289,152 265,152 261,156 261,157 243,158 242,159 197,159 196,156 195,155 189,155 188,154 186,154 185,155 165,155 164,156 165,160 164,160 119,161 118,160 111,160 110,158 110,157 109,157 108,156 106,156 105,155 104,156 98,156 96,158 96,159 98,160 98,172 99,173 103,173 104,172 110,172 134,172 135,173 192,172 193,172 193,174 193,175 195,175 196,176 197,175 198,175 198,172 198,171 227,171 228,171 228,175 228,176 232,176 233,175 233,171 298,170 299,170 299,174 301,174 302,175"/><TextEquiv index="1"><Unicode>Precariaſque perfidi pœnas moror</Unicode></TextEquiv></TextLine><TextLine id="r0_l008"><Coords points="645,204 650,204 650,203 650,194 651,193 651,171 650,170 650,168 649,168 642,168 642,176 641,177 619,177 617,179 559,180 557,179 557,178 556,177 556,176 554,174 553,174 553,173 552,173 549,173 548,174 547,174 545,176 545,177 544,178 517,178 517,173 516,172 515,172 514,171 511,171 510,172 509,172 508,174 508,177 507,177 446,179 446,178 446,172 445,172 429,172 428,173 421,173 420,174 400,174 400,175 400,178 399,179 357,179 357,175 356,174 354,174 353,176 353,178 352,178 351,178 350,179 298,181 298,180 298,176 295,174 294,174 293,175 292,175 291,176 265,176 264,177 261,177 261,178 261,179 259,180 225,181 224,182 201,182 201,180 200,179 199,179 198,178 158,179 157,178 140,179 140,183 139,184 113,184 113,182 112,181 112,180 111,179 108,179 107,178 104,178 103,179 102,179 98,184 98,185 97,186 97,189 62,190 59,193 59,203 61,204 81,204 81,206 82,207 84,207 87,203 87,202 88,201 88,197 89,197 126,196 126,199 128,201 129,201 129,200 129,196 130,196 179,195 180,196 204,195 205,194 223,194 224,193 249,192 250,193 264,193 264,194 264,198 265,198 269,198 270,199 271,199 272,200 274,200 278,195 278,194 280,193 337,192 338,193 353,192 353,193 353,194 354,194 357,194 358,193 358,192 359,191 400,191 401,191 402,190 418,190 419,189 456,188 456,189 456,194 458,195 461,195 461,190 462,189 494,189 494,195 495,196 495,195 495,190 496,190 531,189 532,190 546,190 547,191 554,190 555,191 556,191 557,192 585,192 585,195 587,197 589,197 590,198 591,197 592,197 592,196 592,193 593,193 643,192 643,193 644,194 644,203 645,204"/><TextEquiv index="1"><Unicode>55 Capitis? Leve eſt. ſeruḿue. Mihi penâ eſt opus</Unicode></TextEquiv></TextLine><TextLine id="r0_l009"><Coords points="473,219 474,219 474,214 474,213 532,212 533,213 536,213 538,211 537,205 538,204 538,197 537,196 533,196 532,196 532,200 532,201 521,201 520,200 501,201 499,199 499,197 498,197 497,196 491,196 489,197 489,199 488,201 446,202 445,201 423,201 422,200 400,201 399,202 370,202 369,201 368,201 367,202 326,203 325,204 299,204 298,204 276,204 275,203 275,201 274,200 272,200 271,201 271,204 224,205 223,206 185,207 184,206 174,206 173,205 172,205 171,206 150,206 149,206 149,202 148,200 145,201 141,204 141,206 141,207 114,207 112,206 112,205 112,204 111,204 110,203 107,203 106,202 100,202 98,204 99,217 98,218 99,219 148,218 149,219 152,219 153,218 196,218 197,218 208,218 209,219 209,223 212,223 213,223 213,217 213,216 247,216 248,216 327,215 328,215 328,219 329,221 331,221 332,220 332,215 356,214 357,213 372,213 400,213 401,213 458,212 459,213 459,217 460,218 463,218 464,218 464,214 464,213 472,213 473,214 473,219"/><TextEquiv index="1"><Unicode>Præſente: per te hanc quære: totas pectori</Unicode></TextEquiv></TextLine><TextLine id="r0_l010"><Coords points="567,242 573,242 573,234 573,233 572,233 571,232 564,232 563,232 563,228 561,226 548,227 547,226 546,226 545,225 529,225 528,224 524,224 524,220 523,219 511,219 511,220 511,223 510,223 479,224 478,222 478,221 475,219 471,219 470,220 469,220 468,222 468,224 467,224 439,225 438,224 413,224 412,223 411,224 371,225 371,221 370,220 358,220 357,219 355,219 354,221 354,225 353,225 326,226 325,227 304,227 304,223 303,222 293,223 292,222 291,222 290,223 289,223 289,224 286,227 223,228 222,227 219,227 219,224 218,223 193,224 193,228 192,229 155,229 155,227 154,226 153,226 153,227 153,230 152,230 135,231 134,230 112,230 109,227 107,227 106,226 100,226 99,225 98,225 96,228 98,230 98,242 99,242 146,242 147,242 181,242 182,241 250,239 251,240 264,240 264,241 264,246 265,246 266,246 266,241 267,240 276,240 277,239 317,238 317,239 317,244 319,245 322,245 323,244 323,239 324,238 374,237 374,238 374,241 377,243 387,243 388,244 391,244 391,243 391,237 392,237 477,235 478,236 506,235 507,236 513,236 514,237 553,237 554,238 558,237 559,238 566,238 566,239 566,242 567,242"/><TextEquiv index="1"><Unicode>Permitte hahenas. Si quod ignotum eſt adhuc,</Unicode></TextEquiv></TextLine><TextLine id="r0_l011"><Coords points="272,269 274,269 275,268 275,262 298,262 299,263 313,262 314,261 355,260 356,261 356,263 357,264 358,264 360,263 360,261 360,260 451,259 452,260 454,257 478,257 478,256 478,255 454,255 453,255 453,249 453,248 452,249 451,248 451,247 450,247 449,246 448,246 447,247 423,247 422,247 422,243 422,242 415,242 414,241 412,241 411,242 411,243 380,244 379,244 379,247 379,248 349,249 348,248 347,249 341,249 340,250 299,251 298,250 268,250 267,250 267,247 267,246 243,247 241,245 239,245 238,246 237,246 236,246 235,247 235,248 234,249 234,251 234,252 192,253 190,251 189,251 187,253 166,253 165,253 165,249 164,247 163,247 162,248 161,248 156,253 125,254 124,253 116,253 115,253 115,251 115,250 114,250 113,249 99,249 98,250 99,263 98,264 99,265 145,265 146,266 210,264 211,263 246,263 247,264 257,263 258,262 271,262 272,263 272,269"/><TextEquiv index="1"><Unicode>Nec uſitatum facinus: aut, alio licet</Unicode></TextEquiv></TextLine><TextLine id="r0_l012"><Coords points="294,294 295,294 296,292 296,286 297,286 331,285 331,284 332,284 333,284 333,290 334,291 336,291 336,290 336,284 344,284 356,283 357,284 357,289 358,289 361,289 361,288 362,287 362,284 362,283 386,283 387,283 387,289 388,290 390,290 390,289 390,283 409,282 410,283 411,283 412,282 457,281 458,282 502,282 503,282 514,282 516,283 538,283 538,285 540,287 545,287 548,283 548,280 547,279 547,278 546,278 537,278 537,277 537,271 536,271 535,271 534,270 503,270 502,270 493,270 492,269 466,269 466,267 464,265 463,265 462,264 461,264 460,265 459,265 457,268 457,269 456,269 449,270 448,271 398,272 397,271 376,271 375,272 363,272 363,269 361,267 360,267 359,269 359,272 358,272 332,273 332,272 332,269 331,268 331,267 330,267 327,267 327,272 326,273 276,274 276,273 276,269 275,269 269,269 268,271 268,272 267,273 267,274 266,274 214,275 214,273 211,270 192,271 191,270 189,270 188,271 187,271 185,273 185,275 184,276 142,277 142,276 142,274 141,273 141,272 139,271 135,271 134,272 133,272 132,273 106,273 104,276 104,278 103,279 103,281 102,282 102,284 100,286 100,287 99,288 100,288 131,288 132,289 234,287 234,292 235,293 235,292 235,287 236,287 252,286 252,287 252,289 254,290 256,288 256,287 257,286 291,286 291,290 292,291 292,292 294,294"/><TextEquiv index="1"><Unicode>Auctore factum, ſi quod etjamnum eſt atrox,</Unicode></TextEquiv></TextLine><TextLine id="r0_l013"><Coords points="488,312 491,312 492,311 490,310 361,312 362,310 476,308 477,307 477,306 478,304 478,303 477,303 477,302 477,301 470,301 469,301 469,295 469,294 467,294 466,293 447,294 446,293 446,289 445,288 421,288 420,287 419,287 418,288 260,291 259,292 109,295 108,296 101,296 100,297 100,301 84,302 83,303 61,303 60,304 61,313 60,314 60,316 61,317 132,316 133,317 134,317 135,316 135,315 136,314 136,313 159,312 160,311 351,307 351,308 352,312 353,313 487,311 488,312"/><TextEquiv index="1"><Unicode>1o Et pat furentis feminæ ingenio ſcelus,</Unicode></TextEquiv></TextLine><TextLine id="r0_l014"><Coords points="102,342 108,342 108,341 109,340 123,340 124,341 125,341 126,340 129,340 129,339 129,335 151,334 152,335 166,335 167,334 203,333 204,334 218,334 219,335 219,338 221,339 224,339 225,337 225,333 253,332 254,333 255,332 269,332 270,331 297,331 299,333 305,332 306,331 347,331 349,332 349,333 349,334 350,334 352,332 352,331 352,330 362,330 363,329 402,328 403,329 462,328 463,329 463,333 465,334 467,334 468,333 468,329 468,328 502,328 503,329 512,328 513,329 514,329 515,328 517,328 518,328 518,321 518,320 519,320 520,320 520,318 518,316 503,317 502,316 492,316 492,315 492,312 491,312 488,312 488,315 487,316 481,316 480,317 452,318 451,317 437,317 436,316 426,316 426,313 424,311 423,311 422,313 422,317 421,317 364,318 364,316 363,315 363,314 362,313 354,313 354,314 354,316 353,316 339,317 337,319 324,319 324,316 322,314 299,315 297,313 296,313 295,314 293,314 291,316 291,318 289,320 255,320 255,319 254,318 254,317 253,316 252,316 251,315 248,316 247,317 246,317 246,320 245,321 201,321 201,319 199,317 198,317 197,317 192,317 191,316 190,316 189,317 189,322 188,323 155,323 155,320 152,317 151,317 150,319 150,322 149,322 117,323 115,321 114,321 112,319 107,319 106,320 104,320 102,323 102,324 101,325 101,336 101,342 102,342"/><TextEquiv index="1"><Unicode>Quod nulla poſt te faciat, hoc vel tu prior</Unicode></TextEquiv></TextLine><TextLine id="r0_l015"><Coords points="467,358 470,358 470,352 471,351 472,351 473,350 476,350 476,343 477,342 478,342 478,340 478,339 442,340 441,339 441,335 439,335 438,335 438,339 438,340 401,341 400,340 399,341 378,341 377,340 377,335 372,335 368,339 368,341 340,342 339,341 339,339 324,339 322,341 322,342 255,343 254,343 254,342 252,339 247,340 244,342 244,344 244,345 210,345 209,345 209,340 209,339 207,339 205,341 205,345 156,346 155,346 155,342 154,340 152,340 150,342 150,345 111,346 110,346 110,343 110,342 102,342 101,343 101,356 100,357 102,358 147,358 148,358 169,358 169,359 169,361 170,361 173,361 173,360 173,359 175,358 217,357 217,358 217,362 218,362 221,362 222,361 223,361 223,357 224,356 302,354 303,355 327,355 328,354 402,353 403,353 404,352 453,352 454,352 466,352 466,353 466,358 467,358"/><TextEquiv index="1"><Unicode>Iovade, vel poſtrema. Nec ſexu minor</Unicode></TextEquiv></TextLine><TextLine id="r0_l016"><Coords points="560,379 561,380 562,379 563,379 567,376 567,373 568,372 566,370 565,370 564,369 556,369 556,365 555,364 555,363 553,362 501,363 500,362 480,362 479,363 471,363 470,359 470,358 467,358 466,360 466,363 465,363 451,364 450,363 380,364 379,363 357,363 356,360 356,359 354,359 353,361 353,364 352,364 342,365 341,366 314,366 314,363 312,361 309,361 308,362 302,362 302,363 302,365 301,365 266,366 266,362 264,360 263,361 260,361 258,364 258,365 257,366 257,367 256,367 225,368 225,367 225,363 224,363 222,363 222,364 222,368 221,368 194,369 193,370 150,370 150,365 149,364 124,365 123,364 121,364 121,365 121,366 120,366 100,366 99,368 101,370 101,381 102,382 107,382 108,381 118,381 119,382 119,388 121,388 122,388 122,382 122,381 147,381 148,381 217,380 218,379 248,379 249,380 255,379 256,380 256,385 257,385 258,385 258,380 258,379 260,379 261,378 288,378 289,379 314,378 315,379 315,384 316,384 317,384 317,379 317,378 357,377 358,376 371,376 372,377 372,383 373,383 373,377 373,376 452,375 453,375 453,380 454,381 455,380 456,380 457,380 457,376 457,375 469,375 470,374 499,374 500,375 510,374 511,375 538,375 539,376 557,375 558,376 558,379 560,379"/><TextEquiv index="1"><Unicode>Nimium extimeſce. Fraude tam turpi nocems,</Unicode></TextEquiv></TextLine><TextLine id="r0_l017"><Coords points="101,389 101,411 484,403 483,381 101,389"/><TextEquiv index="1"><Unicode>His noſter animis exuit conjux virum:</Unicode></TextEquiv></TextLine><TextLine id="r0_l018"><Coords points="346,430 348,430 349,429 349,423 362,422 363,423 364,422 417,421 418,422 452,422 453,423 455,422 456,421 468,421 470,420 470,415 472,413 472,412 473,411 472,408 471,406 470,406 469,405 450,406 448,404 444,404 443,405 429,405 428,405 428,409 428,410 402,411 401,410 401,409 400,409 399,410 394,410 393,411 332,412 331,411 331,408 330,407 321,407 320,408 318,408 315,411 292,412 291,413 275,413 274,414 244,415 243,414 238,414 238,413 237,411 236,410 236,409 234,409 233,408 232,408 233,414 232,415 198,416 197,415 195,415 194,416 177,416 177,415 176,410 174,410 173,410 174,415 173,416 145,417 145,416 144,411 143,410 139,410 138,411 100,411 97,414 98,416 97,417 63,417 62,419 62,431 82,431 83,431 83,433 83,434 85,434 86,433 87,433 89,431 89,430 90,429 90,428 118,427 119,428 158,427 159,428 161,428 162,427 198,427 199,427 200,426 250,425 251,426 251,431 252,431 253,431 253,428 254,427 254,426 254,425 299,425 300,426 319,425 320,424 337,424 338,423 345,423 346,423 346,429 346,430"/><TextEquiv index="1"><Unicode>15 Tu ſemiuam depone. Sic vecors abit?</Unicode></TextEquiv></TextLine><TextLine id="r0_l019"><Coords points="330,453 331,453 331,452 331,446 332,446 354,445 355,446 380,446 381,445 410,444 411,445 420,445 422,447 423,446 423,443 422,441 416,441 415,441 415,437 412,434 404,434 403,433 399,434 398,433 383,433 382,431 382,428 381,428 360,428 359,429 346,430 346,434 345,435 338,435 337,436 305,436 305,435 303,433 301,433 300,433 281,433 280,432 279,432 279,436 278,437 254,437 254,433 252,431 231,432 230,431 227,431 227,432 226,433 194,434 194,438 194,439 143,440 141,439 112,439 112,438 111,437 111,436 110,435 104,435 102,438 102,447 101,448 101,450 102,451 103,451 105,451 106,452 108,452 109,451 147,451 148,452 164,451 165,450 203,449 204,450 222,450 223,449 255,448 256,449 265,449 265,450 265,454 266,454 273,454 275,452 275,449 276,448 329,447 329,452 330,453"/><TextEquiv index="1"><Unicode>Sic me relictâ fugit? exciſo lare,</Unicode></TextEquiv></TextLine><TextLine id="r0_l020"><Coords points="651,479 653,479 654,478 654,460 654,459 654,441 652,441 651,441 651,443 650,444 650,445 650,446 425,450 424,451 158,456 157,455 156,455 155,456 101,457 100,458 101,473 102,474 152,473 153,474 159,474 160,475 160,480 224,479 225,478 649,470 650,470 650,471 651,472 651,478 651,479"/><TextEquiv index="1"><Unicode>Patriâq́ue ſolam? perditam? aſffictam ? obrutamt</Unicode></TextEquiv></TextLine><TextLine id="r0_l021"><Coords points="483,497 484,497 485,496 488,496 491,492 491,491 492,491 524,490 525,491 527,491 528,490 528,484 530,482 530,479 527,476 526,476 525,475 524,475 524,476 524,477 522,478 464,479 463,478 438,479 438,478 438,474 437,474 434,474 433,475 421,475 421,476 421,479 420,479 365,480 364,479 364,476 363,475 361,475 360,476 347,477 347,480 346,481 323,481 322,482 293,483 292,482 285,482 285,481 285,477 284,477 278,477 277,478 277,479 275,481 265,481 264,482 261,482 260,483 225,484 225,480 224,479 222,479 222,480 222,484 221,484 182,485 182,484 182,480 181,480 160,480 160,481 160,485 159,485 115,486 115,483 114,482 106,482 105,481 100,481 100,482 100,497 102,498 163,497 164,496 172,496 199,496 200,497 214,496 215,495 252,494 253,495 254,495 255,494 334,493 335,494 336,493 426,491 427,490 457,489 458,490 480,490 480,495 481,496 482,496 483,497"/><TextEquiv index="1"><Unicode>Hæc civium inter funera? hos urbis rogos?</Unicode></TextEquiv></TextLine><TextLine id="r0_l022"><Coords points="484,520 486,520 487,519 487,513 507,512 508,513 536,513 537,513 537,514 537,515 538,515 539,516 540,515 540,514 541,513 540,507 541,507 542,507 543,505 543,501 542,500 542,499 540,499 539,498 537,498 536,498 536,501 536,502 503,503 502,502 487,502 486,501 485,502 452,503 451,502 420,502 419,502 419,499 418,497 405,497 403,499 403,502 403,503 368,503 367,503 367,502 366,500 364,500 363,501 353,501 352,502 352,503 352,504 320,504 319,504 319,501 318,499 316,499 315,500 315,501 301,502 300,502 300,504 300,505 252,505 251,505 251,503 250,502 249,502 248,502 248,506 248,507 205,507 204,507 204,503 204,502 202,502 201,503 201,507 174,508 173,507 166,507 165,507 165,505 164,503 161,503 160,504 158,504 157,505 157,508 114,509 113,509 113,506 112,504 108,504 107,505 106,505 103,508 104,516 103,516 102,516 102,517 102,519 103,520 103,521 167,520 168,521 169,521 170,522 170,526 171,526 172,526 172,522 172,521 192,521 193,520 226,519 227,518 238,518 239,518 239,524 239,525 240,525 241,524 241,518 254,517 255,518 304,517 305,516 353,515 354,516 355,516 356,515 431,514 432,513 434,513 459,512 460,513 483,513 484,513 484,519 484,520"/><TextEquiv index="1"><Unicode>Saxa &amp; tuinas inter? has Numidum manus?</Unicode></TextEquiv></TextLine><TextLine id="r0_l023"><Coords points="172,550 176,550 176,549 176,547 177,547 206,546 206,544 207,543 342,541 343,542 344,542 346,540 416,538 417,537 486,536 487,535 487,520 486,520 483,520 483,522 482,523 363,525 363,522 362,521 358,521 358,522 358,526 357,526 242,529 242,528 242,525 241,525 139,527 138,526 136,526 135,527 106,527 105,528 102,528 102,529 102,530 101,530 78,531 77,532 64,532 64,533 64,541 63,542 63,543 62,544 64,545 72,545 72,546 72,548 74,549 75,549 76,550 171,548 171,549 171,550 172,550"/><TextEquiv index="1"><Unicode>20 Barbaricaq́ue inter arma, devotum neci</Unicode></TextEquiv></TextLine><TextLine id="r0_l024"><Coords points="204,574 206,574 207,574 207,572 207,571 212,571 213,571 213,570 214,569 214,566 214,565 250,565 251,566 290,565 291,566 293,566 294,567 298,567 299,567 299,570 299,571 301,571 302,570 301,564 302,564 376,562 377,561 378,561 408,560 409,561 410,561 411,560 424,560 425,559 439,559 440,566 440,567 442,567 443,566 442,559 443,559 456,558 458,560 462,560 463,559 505,559 506,560 563,558 564,559 565,559 567,557 567,542 567,541 566,541 565,540 547,541 546,541 546,546 546,547 525,547 521,543 518,543 517,544 517,546 504,547 503,548 472,548 471,548 471,544 471,543 447,544 445,542 441,542 440,543 417,543 416,544 416,549 329,551 328,550 328,547 326,545 325,546 324,546 323,547 323,551 293,552 289,548 286,548 285,547 284,547 283,548 281,548 280,549 264,549 263,550 263,552 238,553 237,554 200,555 199,554 176,554 175,553 175,550 172,550 171,551 171,554 141,555 140,554 140,549 136,549 134,551 105,551 104,552 104,565 103,566 104,567 106,567 107,568 109,568 110,567 165,566 166,565 177,565 178,571 178,572 179,571 178,565 179,565 199,565 200,566 202,565 203,566 203,573 204,574"/><TextEquiv index="1"><Unicode>Deſeruit agmen? Quod meum ob facinus? niſ</Unicode></TextEquiv></TextLine><TextLine id="r0_l025"><Coords points="651,590 652,591 653,590 654,590 654,589 654,588 655,587 654,560 653,559 652,559 651,559 651,560 650,561 651,566 650,567 523,569 523,567 521,565 397,568 396,567 363,567 362,568 348,569 347,570 301,571 301,573 300,574 180,576 180,575 180,572 179,572 108,573 107,574 105,574 103,576 102,578 102,580 101,581 102,582 102,585 103,586 104,586 105,587 106,587 108,589 109,589 110,590 111,590 112,591 222,589 223,590 223,595 224,595 225,595 226,594 470,589 471,587 528,586 531,583 650,581 651,581 651,590"/><TextEquiv index="1"><Unicode>Quod nimium amavi, quod fidem impendi, comes</Unicode></TextEquiv></TextLine><TextLine id="r0_l026"><Coords points="249,618 251,618 252,617 251,611 252,610 254,610 255,611 266,611 267,610 290,610 303,609 304,610 322,610 322,611 322,612 323,613 324,613 325,613 325,612 326,611 326,610 327,609 396,608 396,613 397,614 397,613 397,608 398,608 421,607 422,606 460,605 461,606 489,606 489,607 491,609 492,609 493,607 493,602 491,602 490,601 486,601 485,600 485,596 484,595 454,596 453,595 433,595 432,594 431,594 430,595 396,596 395,595 395,591 387,591 386,590 385,591 377,591 376,592 375,592 372,595 372,596 351,597 350,598 297,599 296,598 244,599 243,598 243,594 242,593 241,593 239,595 224,595 223,596 223,600 188,601 187,600 151,600 150,600 150,597 149,596 149,595 125,595 124,596 123,596 122,597 109,597 108,598 108,600 107,601 107,603 106,604 106,606 105,607 105,608 104,609 103,609 102,610 102,612 103,612 122,612 123,613 124,613 125,612 145,612 149,612 150,613 201,611 201,612 202,617 205,617 206,616 206,612 207,611 248,611 249,617 249,618"/><TextEquiv index="1"><Unicode>Aſſidua: quod te voce, conſilio trucem,</Unicode></TextEquiv></TextLine><TextLine id="r0_l027"><Coords points="421,636 422,636 424,635 424,630 424,629 456,628 457,629 511,628 512,629 521,629 522,628 539,628 541,626 541,617 540,616 540,615 539,615 536,615 535,616 489,617 489,616 488,612 487,611 486,611 485,612 482,612 480,614 479,614 479,615 479,617 478,617 412,618 411,614 411,613 396,614 395,615 395,618 394,619 383,619 382,620 353,621 352,620 308,620 308,617 306,615 284,616 283,615 281,615 280,616 278,616 277,617 249,618 249,621 248,622 177,623 177,622 177,618 176,618 149,619 148,618 146,618 146,622 145,623 115,623 115,621 114,620 113,620 112,619 102,619 102,620 102,636 114,636 115,635 149,635 150,635 263,633 264,634 265,633 304,632 305,633 306,632 373,631 374,632 374,637 377,637 379,636 379,632 379,631 420,630 421,631 421,636"/><TextEquiv index="1"><Unicode>Et obſtinatum io ſcelera nequidquam fovens</Unicode></TextEquiv></TextLine><TextLine id="r0_l028"><Coords points="234,664 243,664 243,663 243,658 244,658 278,657 279,656 303,656 304,656 316,656 317,655 338,655 353,655 354,656 355,655 356,654 367,654 455,653 456,654 481,653 481,652 482,650 482,642 481,641 480,641 479,640 477,640 476,641 451,642 450,641 450,637 449,637 447,637 447,640 447,641 436,641 435,642 418,642 417,642 417,638 415,636 393,637 392,638 392,641 392,642 373,642 372,643 348,644 347,643 340,643 339,642 339,640 338,640 325,640 325,641 325,644 300,645 299,644 277,644 276,644 276,643 275,642 275,641 274,640 273,640 272,639 209,640 209,641 209,645 150,647 149,646 149,641 147,640 143,640 142,641 125,641 125,642 125,643 110,643 109,644 82,645 81,644 78,644 77,645 69,645 68,646 65,646 64,647 64,655 63,656 63,658 65,659 74,659 74,661 75,662 76,662 77,663 88,663 89,662 90,662 92,660 224,657 225,658 226,657 233,657 233,663 234,664"/><TextEquiv index="1"><Unicode>135 Ad ſana volui fectere. Has reddis vices</Unicode></TextEquiv></TextLine><TextLine id="r0_l029"><Coords points="227,686 255,685 256,685 256,684 257,683 257,681 257,680 270,680 271,679 357,677 358,678 374,678 375,677 440,676 441,675 441,669 442,669 444,667 443,665 444,664 444,663 442,661 441,661 440,660 428,660 427,659 425,659 424,660 424,665 397,666 396,665 394,665 393,666 353,667 352,666 339,666 338,665 338,660 334,660 333,661 305,661 303,664 302,664 301,664 301,665 300,667 279,667 278,668 258,668 257,665 256,663 234,664 233,664 234,668 233,669 208,669 207,665 207,664 200,665 199,666 183,666 181,667 182,669 181,670 160,670 159,669 144,670 143,669 142,669 141,670 113,670 112,669 111,667 111,666 103,666 102,667 103,680 102,681 102,682 103,683 124,683 125,684 125,686 126,687 129,687 130,688 131,688 132,687 133,687 135,685 135,684 136,683 169,682 170,681 173,681 200,681 201,682 226,681 227,682 227,686"/><TextEquiv index="1"><Unicode>Ingrate? Socii jura ſic ſervas tori?</Unicode></TextEquiv></TextLine><TextLine id="r0_l030"><Coords points="280,709 282,709 282,708 282,702 283,702 304,701 305,702 308,702 309,701 360,700 360,701 360,702 361,702 363,700 412,699 413,700 418,700 419,699 441,699 442,698 466,697 467,698 477,698 477,699 477,702 480,704 485,704 486,703 487,703 488,701 488,699 489,699 515,698 516,699 518,699 520,697 520,696 519,695 519,694 519,693 512,693 511,693 511,687 509,685 504,686 503,685 494,685 493,686 455,687 454,686 452,686 451,687 436,687 436,686 436,682 435,682 404,683 403,684 374,684 373,685 359,685 359,686 359,688 358,688 321,689 321,685 320,684 294,685 293,684 290,684 288,686 287,686 287,687 286,688 286,690 285,691 248,692 248,691 248,686 246,685 242,685 241,686 212,686 212,687 212,691 211,691 176,692 175,693 143,694 142,693 119,693 119,691 117,689 104,689 103,691 103,704 104,705 104,706 105,706 116,706 117,705 147,705 147,711 148,712 152,711 152,706 153,705 158,705 159,704 175,704 201,704 202,705 228,704 229,703 237,703 237,709 238,710 238,709 238,703 239,703 253,703 254,703 266,703 267,702 279,702 279,708 280,709"/><TextEquiv index="1"><Unicode>Hæc connubi ſunt fœdera? In furias agor.</Unicode></TextEquiv></TextLine><TextLine id="r0_l031"><Coords points="415,729 416,729 416,723 416,722 496,721 497,722 500,722 501,721 501,718 499,717 494,717 494,716 493,709 470,709 469,709 469,707 468,705 449,706 448,705 447,705 446,704 445,704 444,705 405,706 404,705 402,705 401,705 401,706 399,708 399,709 398,711 386,711 385,712 352,713 351,712 351,708 346,708 343,710 343,712 343,713 303,714 302,713 283,713 282,712 282,709 279,709 278,709 278,713 278,714 240,715 239,714 239,710 227,710 226,709 224,709 222,711 222,715 191,716 190,715 189,716 172,716 171,716 171,713 171,712 153,712 152,711 148,712 147,712 147,715 147,716 118,716 116,715 116,714 116,713 110,713 106,717 107,724 105,726 106,727 106,728 107,729 114,729 115,728 154,727 155,728 168,728 169,729 169,731 171,730 171,729 171,728 182,728 183,727 240,726 241,726 241,732 241,733 243,733 244,732 244,726 258,725 259,726 262,726 263,725 302,725 303,726 329,725 330,725 330,727 330,728 333,725 357,724 358,723 379,723 409,722 410,723 411,723 412,722 414,722 415,723 415,729"/><TextEquiv index="1"><Unicode>Sævitijue rabie mixtus, &amp; creſcit dolor.</Unicode></TextEquiv></TextLine><TextLine id="r0_l032"><Coords points="234,756 235,756 235,755 235,749 236,749 256,748 257,749 313,748 315,750 316,749 316,748 317,747 364,746 365,747 432,746 432,749 434,751 435,751 436,750 437,750 437,749 437,745 438,745 486,744 487,742 487,741 488,740 487,739 487,733 486,733 475,733 474,732 435,733 435,732 435,729 433,728 406,728 405,730 405,734 404,735 378,735 378,731 377,730 351,731 349,729 348,730 347,730 347,735 346,736 301,737 301,736 301,731 299,730 297,730 296,731 295,731 292,734 292,736 291,737 266,737 266,734 263,731 262,732 220,733 219,732 215,732 214,733 164,734 163,733 161,733 160,734 159,734 159,735 159,736 158,736 157,736 157,737 157,738 155,739 123,740 123,738 122,737 120,737 119,736 118,736 117,737 105,737 105,738 105,739 106,740 107,740 108,741 108,752 109,752 115,752 116,751 163,750 164,751 214,750 215,749 233,749 233,755 234,756"/><TextEquiv index="1"><Unicode>Non ſic Veſevi clanſa, vel Siculi ſpecus</Unicode></TextEquiv></TextLine><TextLine id="r0_l033"><Coords points="448,775 450,775 451,774 451,768 508,766 509,767 513,767 514,766 515,766 514,765 514,758 512,755 508,756 507,755 455,756 454,755 454,751 453,750 452,751 450,751 448,752 448,753 447,754 447,756 447,757 424,757 423,758 405,759 404,758 404,756 403,755 403,754 402,753 395,753 394,754 393,754 392,755 391,755 390,755 390,756 389,758 356,758 354,757 354,756 340,756 338,757 338,758 338,759 325,759 324,759 324,755 324,754 323,755 323,759 264,760 263,760 263,757 262,755 214,756 213,757 213,761 161,762 160,761 144,762 143,761 143,757 142,756 141,756 139,758 71,759 70,758 69,758 68,759 67,759 65,761 65,770 64,771 65,772 78,772 79,772 79,776 80,778 82,778 83,777 84,777 85,776 136,775 137,775 137,780 137,781 139,781 140,780 140,775 273,772 274,771 281,771 303,771 304,772 345,771 346,770 422,768 423,769 424,768 447,768 448,768 448,774 448,775"/><TextEquiv index="1"><Unicode>240 Ardet caminis flamma. Non Coro fretum</Unicode></TextEquiv></TextLine><TextLine id="r0_l034"><Coords points="434,798 435,798 435,797 435,791 476,790 477,791 478,791 480,790 480,788 478,786 472,786 472,781 471,780 470,780 469,779 468,779 467,778 465,778 464,779 451,780 451,779 451,775 450,775 448,775 448,779 447,780 403,781 403,780 403,778 402,777 402,776 401,776 400,776 399,775 396,775 395,776 369,776 369,777 369,778 368,778 367,778 367,779 367,780 366,780 344,781 344,780 344,777 343,777 326,777 325,776 293,777 293,782 292,783 253,784 252,783 231,783 230,784 202,785 201,784 199,784 198,785 146,786 145,785 140,785 140,784 140,781 139,781 136,781 135,782 112,782 112,783 112,785 111,786 111,787 110,788 110,791 109,792 109,793 106,796 106,798 107,798 124,798 124,799 124,802 126,803 127,803 128,804 130,804 131,803 132,803 133,801 133,800 134,799 134,798 135,798 171,797 172,796 178,796 202,796 203,797 225,796 226,795 236,795 252,795 254,796 297,795 297,800 298,801 300,801 300,800 300,795 301,795 309,794 309,793 354,793 355,793 374,793 375,792 410,791 411,792 412,792 413,791 432,791 433,791 433,797 434,798"/><TextEquiv index="1"><Unicode>Agitaote tantos unda ſe in fuctus ciet.</Unicode></TextEquiv></TextLine><TextLine id="r0_l035"><Coords points="307,823 308,824 309,823 310,823 312,822 312,821 313,820 312,819 314,817 342,817 344,819 346,817 379,816 379,817 380,822 381,822 382,821 381,815 382,815 405,815 406,816 410,815 410,816 411,819 412,820 412,821 414,820 414,819 414,818 414,816 415,815 469,814 470,813 495,813 507,813 508,814 532,813 534,810 534,804 535,803 534,802 534,801 533,801 532,800 486,801 485,802 467,802 466,802 466,798 466,797 434,798 433,798 433,801 433,802 378,803 377,804 329,805 328,805 328,801 328,800 298,801 297,801 297,805 297,806 268,806 267,806 267,803 266,801 265,801 264,800 263,801 263,807 236,808 235,807 227,807 226,807 226,805 225,803 198,804 197,803 196,803 195,802 194,802 193,803 163,803 162,804 160,804 159,805 159,806 158,807 158,808 123,809 122,809 122,807 122,806 110,806 109,805 106,805 104,807 104,809 105,810 105,821 106,821 130,821 131,820 147,820 158,819 159,820 217,819 217,820 218,826 249,826 250,825 249,819 250,819 276,818 277,817 302,817 303,820 304,821 304,822 305,823 307,823"/><TextEquiv index="1"><Unicode>Non ſtricta jaculo tigris, aut raptis fremem</Unicode></TextEquiv></TextLine><TextLine id="r0_l036"><Coords points="274,847 275,847 276,846 276,841 276,840 303,840 304,841 357,839 358,838 405,838 406,839 430,838 431,837 432,837 433,836 433,827 432,827 429,827 428,826 423,826 423,822 422,821 406,822 405,821 403,821 402,822 380,822 380,823 380,827 379,827 294,829 293,830 250,831 250,830 250,826 249,826 218,826 218,827 218,830 217,830 152,831 151,831 138,831 137,832 115,832 115,829 113,827 105,827 105,828 105,841 104,842 105,843 166,842 167,843 180,843 181,842 204,841 206,841 207,842 271,841 272,842 272,846 274,847"/><TextEquiv index="1"><Unicode>Leæna catulis impetu tanto inſilit</Unicode></TextEquiv></TextLine><TextLine id="r0_l037"><Coords points="496,866 509,866 510,864 510,860 511,859 536,859 537,860 541,860 542,858 542,850 543,849 543,847 539,847 537,845 534,845 533,845 533,843 531,841 527,841 527,842 527,847 508,848 507,847 505,847 504,848 442,849 441,848 440,848 438,850 417,850 416,850 416,846 416,845 413,845 412,846 412,849 393,850 392,849 391,850 339,851 338,850 338,846 337,846 336,845 335,845 335,850 335,851 272,852 271,853 229,854 228,854 228,849 227,847 224,847 223,848 213,848 211,850 211,853 157,854 156,854 156,850 155,848 154,849 153,849 152,850 152,853 152,854 121,854 120,854 120,853 118,850 114,850 113,849 108,849 106,851 107,852 107,865 109,866 165,865 166,866 167,865 202,865 203,866 241,865 241,867 242,868 257,867 257,868 257,869 258,869 259,869 260,870 261,869 261,865 262,864 310,863 311,864 312,864 313,863 355,863 356,864 357,862 376,862 377,861 405,861 405,867 406,868 406,867 406,862 407,862 495,860 495,865 496,866"/><TextEquiv index="1"><Unicode>Prædone viſo, quantus hunc animum coquit</Unicode></TextEquiv></TextLine><TextLine id="r0_l038"><Coords points="349,893 355,893 356,892 356,886 435,884 436,883 471,882 472,883 473,883 474,884 475,884 476,883 478,883 479,882 487,882 488,882 488,888 488,889 489,889 490,888 490,882 504,882 505,883 513,882 514,883 518,883 519,882 520,882 521,882 521,879 520,878 520,873 519,872 518,872 517,871 509,871 507,870 500,870 500,869 499,866 478,866 477,867 456,868 455,869 455,871 454,872 421,872 420,868 419,866 417,866 416,867 389,868 388,867 387,867 384,869 385,873 384,874 352,875 351,874 345,874 344,875 299,876 299,875 299,872 298,872 283,872 282,873 282,874 281,875 244,876 244,875 244,872 243,872 240,872 239,873 239,875 238,876 200,877 199,876 193,876 193,875 193,873 192,872 191,871 188,871 187,872 186,872 185,873 184,873 184,874 183,875 183,876 182,877 151,878 150,877 144,877 144,876 144,874 143,873 143,872 142,872 137,872 136,873 99,874 99,873 98,872 66,872 65,874 65,885 66,886 80,886 81,886 81,889 81,890 107,889 108,890 121,890 122,889 156,888 157,889 171,889 172,890 172,891 173,891 175,890 175,889 175,888 216,887 217,888 237,888 238,888 238,892 238,893 248,893 249,892 249,888 340,886 341,886 341,889 342,891 343,891 344,892 348,892 349,893"/><TextEquiv index="1"><Unicode>545 Æſtus, furorq́ue. Non ego ulciſcat? Sciet</Unicode></TextEquiv></TextLine><TextLine id="r0_l039"><Coords points="396,915 397,915 397,914 397,908 398,908 464,906 465,905 501,905 502,906 509,906 510,906 511,905 512,905 512,902 512,901 509,902 508,901 504,901 503,900 503,896 502,895 502,894 501,894 491,894 491,893 491,889 490,889 487,889 487,893 486,894 457,895 455,894 455,895 445,895 444,896 404,897 403,896 403,894 402,893 402,890 401,890 399,890 398,891 398,895 398,896 386,896 385,897 361,897 360,897 360,893 359,892 348,893 348,895 348,896 331,896 330,897 311,897 310,897 310,893 309,892 302,893 301,892 299,892 299,897 299,898 252,899 251,898 251,893 250,893 237,893 234,896 234,897 233,899 199,900 198,899 195,899 194,898 194,894 192,893 149,894 148,895 115,895 114,894 96,895 96,896 97,898 105,897 106,898 106,907 107,907 108,907 111,910 112,910 113,911 115,911 116,912 117,912 118,913 121,913 122,914 125,914 126,915 131,915 131,914 131,911 132,911 152,911 153,912 210,910 210,911 210,916 211,916 213,916 213,912 214,911 358,908 358,909 358,915 359,915 361,915 361,909 362,908 395,908 395,914 396,915"/><TextEquiv index="1"><Unicode>Quid læſa poſſit mulier. Invadam omnia.</Unicode></TextEquiv></TextLine><TextLine id="r0_l040"><Coords points="247,939 247,940 248,939 248,934 304,933 305,934 323,933 324,932 386,931 387,931 387,935 387,936 388,936 389,935 389,931 455,930 456,930 456,931 456,932 457,932 459,929 518,928 519,928 519,923 523,918 523,917 522,916 522,915 521,913 520,913 519,912 515,912 514,913 514,915 493,916 492,917 491,917 490,918 460,918 459,918 459,915 457,913 404,914 403,915 395,915 394,915 394,918 394,919 381,919 380,920 362,920 361,920 361,916 361,915 359,915 358,916 358,919 335,920 334,919 334,915 331,915 330,916 330,917 321,917 318,920 282,921 280,919 280,916 279,916 278,915 277,916 271,916 270,917 270,921 241,922 240,921 202,922 201,923 161,923 160,922 152,923 151,922 151,918 150,917 148,917 147,917 147,921 147,922 121,922 120,922 120,921 120,920 119,920 117,918 107,918 106,919 106,920 107,921 108,931 106,933 106,934 107,935 186,934 187,934 187,936 187,937 188,937 190,935 236,934 237,934 237,938 237,939 240,939 241,938 241,934 246,934 247,934 247,939"/><TextEquiv index="1"><Unicode>Perdam, aut peribo. Siccine illudi iuvat?</Unicode></TextEquiv></TextLine><TextLine id="r0_l041"><Coords points="489,959 494,959 496,956 496,955 497,954 497,953 498,953 524,952 525,951 527,951 528,950 528,943 529,942 529,941 528,940 524,940 523,939 488,940 487,941 468,941 468,937 467,936 466,936 465,938 465,940 464,940 453,941 452,940 452,941 451,942 420,942 419,941 412,941 411,940 411,939 409,937 407,938 406,937 390,937 389,936 387,936 387,938 386,939 356,940 355,939 354,939 353,940 322,940 322,939 321,938 301,939 300,938 298,938 298,943 297,944 266,944 266,941 264,939 246,940 246,944 245,945 201,946 200,945 173,945 173,941 172,940 152,941 150,943 150,944 148,946 122,946 122,944 120,942 119,942 117,940 112,940 111,941 109,941 108,942 107,942 107,943 107,945 105,947 105,950 104,951 105,952 105,954 107,955 108,955 108,956 108,957 109,957 110,957 111,958 214,956 215,957 234,957 234,959 236,961 236,960 236,958 237,958 259,957 260,956 265,956 266,955 307,954 308,955 332,955 333,954 360,953 362,955 363,955 364,954 380,954 381,953 405,953 406,954 407,954 408,955 419,954 420,953 435,953 436,952 463,951 463,952 463,957 464,957 465,957 466,958 488,958 489,959"/><TextEquiv index="1"><Unicode>Conſulere capiti voluit Vnà &amp; conjugen</Unicode></TextEquiv></TextLine><TextLine id="r0_l042"><Coords points="105,964 105,988 461,981 461,957 105,964"/><TextEquiv index="1"><Unicode>Servare decuit. Digna ſed letho fuit</Unicode></TextEquiv></TextLine><TextLine id="r0_l043"><Coords points="401,1005 403,1005 403,1004 403,1000 404,1000 460,998 462,996 462,988 461,987 460,987 458,986 457,986 456,987 389,988 389,987 389,986 386,983 386,982 385,982 384,982 383,984 383,988 382,988 314,989 313,988 288,989 288,988 288,985 286,984 277,984 276,985 247,986 246,987 246,990 245,991 211,991 211,988 209,986 208,988 208,990 207,990 146,992 146,991 146,987 145,987 142,987 141,988 116,988 115,987 106,987 104,989 66,990 66,991 66,1001 65,1002 65,1003 67,1004 76,1004 76,1005 76,1007 77,1007 80,1007 81,1006 82,1006 82,1005 82,1004 83,1004 131,1003 131,1008 132,1009 134,1009 134,1008 134,1003 135,1003 160,1002 161,1003 177,1003 178,1002 206,1001 206,1002 206,1007 207,1007 209,1007 210,1006 210,1005 211,1004 211,1003 212,1002 297,1001 297,1006 298,1007 301,1007 301,1006 301,1001 302,1001 320,1000 321,1001 322,1001 323,1000 365,999 366,1000 399,1000 399,1003 401,1005"/><TextEquiv index="1"><Unicode>50 Perire conjux? Liberos cenè parens</Unicode></TextEquiv></TextLine><TextLine id="r0_l044"><Coords points="444,1027 447,1027 448,1026 448,1023 459,1023 460,1021 466,1021 485,1021 486,1022 490,1022 491,1021 492,1021 492,1020 492,1018 493,1018 494,1018 494,1017 492,1017 491,1016 491,1005 490,1004 489,1004 488,1003 487,1004 486,1004 485,1004 485,1005 484,1007 471,1007 470,1008 470,1009 437,1010 436,1011 407,1012 406,1011 354,1012 353,1011 338,1011 337,1010 337,1009 336,1008 336,1007 328,1007 327,1008 327,1010 302,1011 301,1010 301,1007 298,1007 297,1007 297,1011 297,1012 256,1012 255,1012 254,1012 253,1013 199,1014 198,1013 196,1013 195,1012 195,1007 193,1007 192,1008 190,1008 188,1009 188,1010 186,1012 186,1013 186,1014 135,1015 134,1014 134,1009 132,1009 131,1010 106,1010 104,1012 105,1026 137,1026 138,1026 138,1027 139,1029 140,1028 140,1026 250,1024 251,1024 251,1028 251,1029 253,1029 254,1030 255,1029 255,1024 305,1023 306,1024 336,1023 337,1023 337,1025 339,1028 353,1028 354,1029 360,1028 361,1028 361,1024 361,1023 376,1023 377,1022 424,1021 425,1022 443,1022 444,1022 444,1026 444,1027"/><TextEquiv index="1"><Unicode>Eripere ſecum potuit. Ignavum caput!</Unicode></TextEquiv></TextLine><TextLine id="r0_l045"><Coords points="428,1051 430,1051 430,1045 430,1044 458,1044 459,1045 497,1044 498,1044 498,1045 499,1047 500,1047 503,1044 503,1043 504,1042 504,1041 503,1040 503,1039 501,1038 498,1038 498,1037 498,1032 497,1032 486,1032 485,1031 484,1032 428,1033 428,1029 427,1028 424,1028 424,1029 424,1033 423,1033 362,1034 362,1029 361,1028 354,1029 354,1030 353,1031 353,1032 352,1033 347,1033 346,1034 306,1035 305,1034 279,1034 279,1030 278,1029 254,1030 254,1034 253,1035 245,1035 244,1036 203,1037 203,1036 203,1035 202,1035 201,1036 174,1036 174,1031 173,1030 137,1031 137,1032 136,1033 111,1033 110,1032 102,1033 103,1034 103,1035 105,1037 105,1039 106,1040 106,1041 107,1042 107,1044 108,1045 108,1047 109,1048 109,1049 111,1049 112,1048 151,1048 152,1048 152,1053 153,1054 153,1053 153,1049 179,1048 180,1047 206,1046 207,1047 219,1047 220,1046 231,1046 255,1046 256,1046 360,1044 361,1045 426,1044 427,1045 427,1051 428,1051"/><TextEquiv index="1"><Unicode>Vadit ſuorum oblitus: arſuram domum,</Unicode></TextEquiv></TextLine><TextLine id="r0_l046"><Coords points="400,1074 401,1074 401,1073 401,1068 402,1068 447,1067 447,1069 448,1070 451,1070 451,1069 451,1068 452,1068 479,1067 480,1066 510,1066 511,1067 532,1066 533,1065 533,1059 534,1058 535,1058 535,1056 536,1055 538,1055 538,1054 538,1053 502,1054 501,1055 453,1056 452,1055 450,1055 449,1056 432,1056 431,1056 431,1052 431,1051 428,1051 427,1052 427,1056 409,1057 408,1056 403,1056 402,1057 374,1057 373,1056 344,1057 343,1056 307,1057 306,1056 300,1056 299,1055 299,1053 298,1052 295,1052 294,1051 293,1051 293,1052 293,1053 292,1053 291,1053 291,1056 291,1057 253,1058 252,1057 249,1057 248,1058 217,1058 216,1058 216,1053 216,1052 213,1052 212,1053 210,1053 209,1054 209,1055 208,1056 208,1057 175,1058 174,1058 174,1055 174,1054 167,1054 166,1053 152,1054 151,1054 151,1058 151,1059 117,1059 116,1059 116,1058 115,1057 115,1056 115,1055 114,1055 113,1054 112,1054 110,1056 110,1058 109,1059 109,1060 108,1061 108,1062 107,1063 107,1066 106,1067 105,1067 104,1068 104,1070 105,1070 157,1069 158,1070 170,1070 170,1071 170,1073 171,1073 174,1073 174,1071 175,1070 225,1069 225,1070 225,1074 226,1074 228,1074 228,1070 230,1068 256,1068 257,1068 278,1068 278,1069 278,1070 279,1070 280,1070 280,1069 281,1068 296,1068 296,1073 297,1074 300,1074 300,1073 300,1068 301,1068 316,1067 317,1068 358,1068 359,1068 388,1068 388,1069 390,1071 391,1069 391,1068 392,1068 399,1068 399,1073 400,1074"/><TextEquiv index="1"><Unicode>Armiſq́ue ſepram, &amp; carcere, unius memor</Unicode></TextEquiv></TextLine><TextLine id="r0_l047"><Coords points="347,1097 349,1097 350,1096 350,1091 368,1090 369,1091 371,1091 372,1090 427,1089 428,1090 431,1090 432,1089 459,1089 460,1089 480,1089 481,1090 481,1092 482,1092 484,1091 484,1087 482,1085 476,1085 476,1079 475,1078 453,1079 452,1078 443,1078 443,1077 443,1075 441,1074 403,1075 402,1074 399,1074 399,1078 398,1079 358,1080 357,1079 334,1079 334,1078 334,1075 332,1074 327,1074 326,1076 326,1077 325,1077 300,1078 300,1077 299,1074 292,1074 291,1073 289,1073 288,1074 288,1078 287,1079 218,1080 218,1076 217,1075 214,1075 214,1076 214,1079 213,1079 186,1080 186,1079 186,1075 185,1075 182,1075 181,1076 180,1076 178,1079 178,1081 177,1081 135,1082 135,1081 135,1076 134,1076 108,1076 107,1077 106,1077 106,1078 106,1079 105,1080 105,1091 106,1091 107,1092 139,1092 141,1094 142,1094 143,1093 154,1093 155,1093 155,1098 156,1098 156,1093 156,1092 236,1091 237,1091 237,1092 237,1093 248,1093 249,1093 249,1095 249,1096 251,1096 253,1094 253,1091 306,1090 307,1091 346,1090 347,1090 347,1096 347,1097"/><TextEquiv index="1"><Unicode>Sui, neſandus prodit. Immanis Getes,</Unicode></TextEquiv></TextLine><TextLine id="r0_l048"><Coords points="643,1124 645,1124 646,1123 645,1121 646,1120 646,1105 647,1104 647,1100 648,1099 648,1093 647,1092 647,1091 646,1091 644,1091 643,1090 642,1090 641,1091 357,1097 355,1095 320,1095 319,1094 65,1099 65,1100 65,1112 66,1112 75,1112 75,1113 75,1116 76,1116 217,1113 218,1114 244,1114 244,1118 245,1119 335,1117 336,1118 458,1116 460,1118 461,1117 462,1118 549,1117 550,1118 642,1116 643,1123 643,1124"/><TextEquiv index="1"><Unicode>155 Hominumoue paſtus dapibus, aut rigidus Cyclops,!</Unicode></TextEquiv></TextLine><TextLine id="r0_l049"><Coords points="529,1140 532,1140 534,1139 534,1136 535,1134 563,1133 564,1134 573,1134 574,1133 575,1133 576,1132 577,1132 578,1132 578,1129 577,1128 577,1124 576,1123 575,1123 574,1122 557,1123 556,1122 555,1122 554,1121 554,1118 550,1118 549,1118 549,1121 549,1122 517,1122 516,1122 516,1120 515,1118 511,1119 510,1118 508,1120 507,1120 506,1120 506,1122 506,1123 478,1123 477,1123 477,1119 477,1118 473,1118 472,1119 471,1119 469,1121 469,1123 437,1124 436,1123 436,1118 435,1117 433,1117 432,1118 431,1118 429,1120 428,1121 428,1122 415,1122 414,1123 353,1125 352,1124 349,1124 348,1123 347,1123 346,1124 306,1125 305,1124 301,1124 300,1123 300,1121 299,1120 288,1120 287,1120 287,1122 287,1123 212,1124 211,1123 208,1123 207,1123 207,1121 207,1120 203,1121 202,1120 202,1119 182,1119 181,1120 153,1121 152,1121 152,1122 151,1123 151,1124 151,1125 117,1125 116,1125 116,1124 115,1123 115,1122 114,1120 112,1120 110,1122 110,1124 109,1125 109,1126 108,1126 107,1128 107,1130 106,1131 106,1132 105,1132 103,1133 104,1134 104,1135 154,1135 156,1136 162,1136 163,1135 174,1135 189,1135 190,1136 199,1136 200,1136 200,1141 200,1142 201,1142 202,1141 202,1137 233,1136 234,1136 234,1137 234,1138 236,1138 237,1137 237,1136 303,1135 304,1135 304,1139 304,1140 305,1140 308,1137 308,1136 308,1135 327,1135 328,1136 328,1141 349,1141 350,1140 350,1135 359,1134 360,1135 361,1135 362,1136 381,1136 383,1138 385,1136 434,1135 435,1136 435,1139 436,1139 437,1138 437,1136 461,1135 462,1134 492,1134 493,1135 510,1135 511,1136 528,1135 529,1136 529,1140"/><TextEquiv index="1"><Unicode>Aur Colchus, aut Hyrcanus, aut ſparſus Scyrhes</Unicode></TextEquiv></TextLine><TextLine id="r0_l050"><Coords points="561,1164 562,1164 563,1163 587,1162 587,1160 588,1159 645,1158 646,1156 646,1129 645,1129 643,1129 643,1136 642,1137 351,1143 351,1142 351,1141 350,1141 279,1142 278,1141 210,1142 209,1141 175,1142 174,1141 156,1141 154,1140 152,1140 150,1142 108,1142 106,1144 105,1144 105,1145 105,1146 104,1147 104,1150 103,1151 103,1154 105,1155 106,1155 108,1157 109,1157 111,1159 113,1159 114,1160 115,1160 116,1161 118,1161 119,1162 124,1162 125,1163 340,1159 341,1160 368,1159 368,1160 368,1161 369,1161 434,1160 434,1161 434,1165 435,1165 560,1163 561,1164"/><TextEquiv index="1"><Unicode>Quod ſimile mooſtrû vidit ? Heulquid nuc ſequare</Unicode></TextEquiv></TextLine><TextLine id="r0_l051"><Coords points="642,1190 644,1190 645,1189 644,1172 645,1171 645,1158 643,1158 642,1159 599,1160 597,1162 586,1162 585,1163 560,1164 556,1167 556,1170 555,1171 556,1176 559,1180 560,1180 562,1181 562,1182 562,1183 564,1182 565,1183 567,1183 569,1185 640,1184 641,1184 641,1188 642,1190"/><TextEquiv index="1"><Unicode>uid</Unicode></TextEquiv></TextLine></TextRegion></Page></PcGts>