694 1308
121 35 597 70 C ARTHAGIN. TRAGOEDIA. 49
62 58 520 87 Quid agam? Manere patria me clades vetat.
86 83 489 110 Abire, forſan Coujugi infenſus Nomas:
1 107 485 133 rS0 Qui proditoris crimen in gnatos Ducis,
86 131 578 157 Nuptamqiue merito vertet. Et quamquam exitum
86 154 553 181 Permitrat; ad quos miſera perfugium parem?
84 177 540 204 Nempe iter ad hoſtes; quo meus tutum exſili
1 196 541 225 Habuit receptum Trausfuga. Huic caſus dabo
1 223 594 256 a65 Me comitem in omnes? Egone? Conſortem abnuo,
1 246 549 277 5 Deteſtor Huic me rurſus adjungam? alloquar,
86 269 523 299 Quem nec tueri libeat? Ah! numquam dies
1 292 481 318 Tam mifera veniat. Antè pax undis erit
84 315 518 346 lammiſq́ue; & agnis ante jungentur lupi;
1 339 451 365 270 Et fda ratibus ſternet Heſperiis vada
83 362 500 388 Vel Scylla, vel Charybdis: & ſtabili ſalo
1 385 449 412 0 Fallax arenas Syrtis incertas premet,
83 409 537 439 Odiſſe quàm te deſinam, aut placidum geram
83 433 532 462 Et mite pectus. Quò ferar? quaſnam pagas?
28 456 575 483 25 Quæ maria obibo? quem fugæ expediam locum?
1 479 501 506 Hic hic manere ſatius. Et moriar quidem:
81 502 513 529 Sed ulta moriar. Vnde me ulciſcar? quibus
1 526 523 556 5 Violenta uœnis odia? quo ſcelere expleam?
81 550 540 578 Vrinam hic adeſſes ! ora ſuffoderem unguibus.
1 569 475 598 1So Per viſcera ipſa perfidi ad latebras viam
1 595 584 628 V Mihi cordis hac hac panderem: hac, inquam,maus
78 619 537 652 Diſſecta jacerem membra Non ſoholem magis
78 643 515 673 Furibunda Agave ſparſir. Ego gnatum impit
79 666 446 692 Menſis parentis, ceu Mycenæas dapes
25 687 489 716 2â5 Sol vidit. horruitque, diſcerptum darem.
78 712 463 739 Aut qualis Arthis barbaro conjux Iryn
78 737 517 763 Lacerum Tyranno coxit; & hoc mulier viro
78 759 421 784 Irata fecit. Te quoque etæ ſenis
73 782 494 808 Generoia proles ſequerer: O ſimilem mei,
30 806 513 832 150 Et paſſa & ulta cojugem l ac ſimplex nefas,
77 829 480 855 Sed gravius illo teſte, productam patris
75 853 498 878 Ante ora ſtirpem manibus abriperem meis.
75 876 578 903 Quamquam iſta quid nunc prohibet? Heul quæ me
163 900 233 924 rapit
75 921 555 948 is ſubita? quid ago? quò feror? Iamjam ſubit
26 945 532 972 105 eſcio quid altum, immane, quod fari piget,
74 968 490 994 55orribile, tetrum. Quæ nova effigies mali
75 992 493 1017 Animis recurſat? quis Deus mentem Deus
74 1014 519 1038 Impellir? Actum eſt. Sceleris inveni modum.
75 1038 547 1064 Non te habeo diræ fraudit ad pœnam Aſdrubal,
29 1060 533 1087 200Tuumque corpus: habeo quod pœnæ eſt ſatis,
77 1085 442 1109 Partem tui, meiq́ue: ſed partem tui.
75 1106 552 1133 In hanc manus armentur: hi pro re occidant;
1 1125 521 1157 Ac te velim ſnectante. Quid demens loquor?
1 1153 505 1186 Dii melins. Aoſit. Ecquid inſontes, rogo.
484 1175 576 1197 Potuert?
343 1180 376 1198 D
