639 1278
188 14 515 38 DIONYSII PETAVII
75 35 629 71 2o5 Potuere? Nullum eſt crimen. Hoc crimen luent,!
120 60 565 85 Quod perfidi ſunt patris: at matris oque.
120 83 547 107 Quid mater in ſe admiſit hi noxâ carent.
120 107 548 131 Et tùm carebam ùn ſerox fine m parens
121 129 552 154 Dilceſſit. Horum in capita genitoris nefas,
80 153 525 178 aio Iram iue transfer conjugis. Matris fides
122 176 531 200 Amorq́ue poreat: nuper his patris perit.
154 221 630 259 more filiorum mater commo verur.
146 258 634 300 PvRt ASDRvnus LII. CONIvI.
124 299 636 329 V Mater abiit C. Matris ad vocâ tremux
150 323 629 352 VConcuta ab imo viſcera. O matris poteni!
124 349 635 381 Blandumq́ue nomen! Cor mihi attonitum ſalit.
87 372 555 396 215 Hebet ira, languet animus, extortus ſuror.
127 391 630 427 Adeſte gnati. P. Mater ſC. Ah ! pectus ſodit!
126 419 553 443 Vincit ue mater. Vivite. Ego ſtirpis me
126 436 629 471 Spargam cruorem? P. Quid doles? A. P. Quid lu!
196 467 273 488 parens?
130 487 627 513 C.Flenda & dolenda patimur. tati, puer,!
89 507 629 535 22P Invideo veſtræ; quod mala hæc nondum rudis!
130 532 629 558 Perſentit animus. Vtinam & hoc quiret parensſ!
130 557 628 582 5 Vbinam eſt pater: C. Quid gnate ſopita excitai
129 580 627 607 Rurſum. & reponis odia? Quid patrem cies?
127 604 580 627 Vrit paternum nomen, & mnatrem aſperat,
87 626 622 651 225 Stimulatiue : ut acres jacula proritant femas.
130 649 514 671 Iterum furori reddor. In facinos malè
131 673 624 698 Compreſſa rahies gliſcit. Omue illud placet,
109 693 629 721 Quod antè metui. Perge. Sed ſobolis jugum
134 718 629 748 Geminæ hinc recedat. Fortibus cœptis amor
90 742 536 766 0 Maternus obſtar, Ite; vos genitor vocat.
132 766 560 789 Duc fde cuſtos: milite, atque armis procul
132 789 564 813 Adytis reconde pignora. Ego certa eruam;
132 812 555 836 Quid de parente rumor haud mendax ſerat.
161 848 627 887 VxOR ASDRVBALISSOLA.
135 888 637 927 Rurſus ad filiorum necem ſe exftimulati
141 933 625 968 Ge ſola tecum ſtatue. Quid toties fugant
90 957 572 983 a35 Alterna ſeſe vota? Nunc odiis amor,
133 980 549 1007 Nunc odia amore victa caſlifico excidunt.
132 1002 625 1038 Vbi ſis malorum, cerne. Bella, arma undique,!
133 1025 488 1051 Cædes, rapiuæ. Miles hic victoriâ,
133 1047 466 1073 Spe lucis alter intùs erepr. furit.
83 1069 526 1097 a240 um prole ſola es: prolis iſtius pater
129 1092 551 1119 Horum, & tui deſertor. Vlciſci cupis?
128 1113 555 1147 Potes, Adde vires petori, & vel tu dole,
562 1135 618 1173 Mo
