704 1303
666 1 694 63 I
122 58 597 85 CARTHAGIN. TRAGOEDIA. 5r5
92 82 564 114 Fors & videbis. M. Sobole cum infauſtâ parens
670 66 694 105 5
1 105 495 156 aaamet
1 149 550 188 2 Percuſſa Thyrſo Mœnas. M. En coniux adeſt
93 176 405 203 Tuus, hoſtium armis ſeptus.
1 216 618 263 Aſdrubalis conjux in conſpectu mariti
196 250 505 292 flios ſuos, ſé trcidat.
1 300 597 337 CONVX ASRvBALIS. ASDRVBAL. SCI.
140 326 550 356 PIO. PVERI ASDRVBALIS FILII.
281 365 557 406 co Hie cońx adeſ?
101 402 499 434 Vbi peſtis illa? Profugis infidum caput!
3 425 527 467 0 Proſugis, tuoſ́ue prodis: & lucem vides?
105 448 520 480 Et os nefandum. ac nocte perpetu objicis
103 470 543 502 Tenebriſque dignum? Condere infelix, abi.
103 494 586 527 Non hinc recedes? non Styge, atque Erebo petes
106 518 493 548 Vlterius aliquid? Quæ tuos vultus ſatis
7 541 489 580 o05 Opaca nox abſcondet? aut patulo ſatis
107 564 548 595 Tellus dehiſcens gurgite abſorptum premet?
108 584 577 620 ,,Non hoc virile eſt; facinore admiſſo reum
109 611 521 643 ,, Aſpicere contra poſſe, nec latebris tegi.
112 633 591 665 ,,Furor ille, furor eſt. Summa nequitiæ attigit,
67 657 602 695 4to,, QQem non pudor metuſque poſt culpam movet,
114 680 543 709 Prô vilis animel generis opprobrium, lues,
96 706 563 734 Labeſq́ue gentis cæcus. attonitus. tremens,
111 726 527 756 Humiliſque ad hoſtem vadis? & ſi fas peti
112 749 514 782 Vtcumque tuta fuerat, hæc ſolus, petis?
69 771 598 810 15 Non comite me, vel conſci? Ah! pectus ferum,
98 796 594 829 Timidumq́ue l cui tu pignora hæc ſaltem parens,
113 819 515 848 os innocentes tradis? Vbi ſortem ſupra
114 843 518 875 Ille acer, atque invictus, & flecti timens,
115 865 558 898 Nullique ſupplex animus? Vbi faſtus prior?!
1 889 512 935 40 Quim facilè inanes ſpiritus fœda arguit
118 912 480 945 Spes lucis, & oupido Degeneri fugâ
117 934 537 968 Quos perdidiſti prodis ?O lentum Iovem!
116 960 521 990 Quis ille mos eſt? Vnus exitio nocens
120 978 538 1010 Subtrahitur : in nos crimen inſontes redit.
76 1002 560 1038 425 Scelere hic peracto gaudet. At non & dio
119 1022 599 1060 Gaudebit. Huic tu parcere ? Hunc tecto hoſpitem
120 1051 526 1083 Excipere eodem, Conſul, & dextræ potes
121 1068 568 1103 Sociare dextram, quo duce in dominos Libys
123 1093 523 1125 Rebellat? ictum fœdus amborum cadit?
46 1112 602 1152 4350 Fas omne ruptum eſt? Hic tuum aſpectum tulit?
126 1139 528 1175 Non ora cædis conſcia indignæ horrnit?
126 1162 535 1196 Non illa tremuit caſtra? non tot vindices
581 1177 690 1204 Dira
397 1188 441 1212 D 4
