570 960
162 26 340 55 R (0 &
444 33 477 52 iI
123 62 360 99 Scena Quarta.
3 103 480 139 Chremes. Appellinus. Filius. Dorylas.
3 137 495 169 Crem. Ades Dorylasl vides hanc pictn-
3 167 481 195 ram nunquid eſt dererrima Doryl. diterem
3 194 497 219 eſſe eſfigiem tuam, niſi filius monuiſſet, t di-
4 219 482 245 cerem contrarium. Ap. S fraude agitis I
3 242 482 269 Bil. ſtupor eſt Dorylas, vino aduſto ebrius, neſ-
4 270 481 295 I it, quid loquatur. Doryl. Nunquid bene lo-
4 295 483 320 cutus ſum ad mentem tuam Ap. Ioquere
3 319 482 345 lIam ex mente tua, & dic ſincere: nunquid pictu-
3 343 483 369 ra hæe ad vivum exprimit herum tuum I Do-
3 368 483 393 ryl. hereI perſpicialia tua non nihil commo-
3 392 483 418 da. Cbrem. accipe. Videbo num apta ſie
4 417 483 444 oulis tuis, ſi nempe recte judices. Ap. Con-
5 442 483 469 fidera bene omes herilis vultũs, & omnes pl-
5 466 483 492 cturæ lineas. γam dic ſincere. Nonne pi-
5 491 484 516 ] ctura hæ præſentem Dominum ad vivum ex.
4 516 484 542 Iprimit Doryl. hoc plane non. Omnino non.
4 540 483 567 Cbrem. recte judicas. Ap. & eur non? quid
3 566 485 591 deeſt Doryl. non exprimit herum menm vi-
4 592 486 617 vum; nam nec oculos, nec labia movet, nec
3 616 486 642 I aliud vitæ ſignum edit pictura. Fil. recte di-
4 641 486 667 cis. Magnum utique diſcrimen eſt inter vi-
4 666 486 690 vum, & mortuum. An aliud diſerimen non
4 690 504 716 ]vdes Doryl. etiam. Ap. & quale lud
3 713 487 744 Cbren. loquere, loquere. Doryl. plctura hæe
4 741 487 766 eſt receotiſſima, & heri primum nata; Herus
4 764 487 791 autem meus jam iuveteratus dierum eſt. Cb.
4 790 488 816 ita eſt, & hoc ſolum ſufficit, ut non ſit meum
4 814 488 842 eAtypon. Ap. eſt ectypon perfectiſſimum. Cbr.
3 839 488 867 Ialſſſimum. Ap. artificioſiſſimum. Fil. inep-
3 865 489 892 tiſimum. Ap. puleherrionm. Cm. detaτ-
426 891 492 909 immn
