570 958
165 26 347 52 (0 e3
444 29 479 49 I
5 52 479 90 & ftrenuè teſtamini, eſſe mihi diſſοilliam.
5 86 478 114 ]Doryl. Ego tamen fateri invits coram te tan-
5 109 478 136 tum debe. Videtur mihi ſaris ſimilis tibi. Bl.
4 135 480 162 Et eſt etiam reipſa talis. Cbr. Quidquid reipſa
4 160 480 188 ſit, vos affirmate etiam cum mendacio, ſi
5 184 480 213 opus etium cum Iuramento, eſſe mihi diſſi-
6 213 129 244 millima.
80 256 386 291 Pars Secun.
132 246 356 270 DAe τ
169 300 345 327 Scena Prima.
6 345 295 382 Chremes Philippulus.
6 380 482 413 Cer. EnI Domine Philippule; ſemiqus-
6 407 482 438 rantem prunorum rite appenſum. Augmen-
7 434 483 463 tum addo pruna tria. Fhilip. Nimis liberalis es
7 458 483 489 ſabaudus. Cbr. Quid præterea petis Filip.
7 485 484 515 papyrom. Cbr. Ecce. Pbi. Quàm nlgrt, &
6 509 484 538 eraſſa eſt hæc papyrusI Cbr. Nempe in hae
6 533 484 562 vicinia rari ſunt etiam candidi, & ſobtiles cen-
5 559 484 587 tones, ex quibus papyrus conficiatur. Quid præ-
5 583 484 612 l terea petis? Pbi. pennas aliquot ad ſeribeu-
5 608 483 637 ]dum. Cbr. EnI ntegrum faſciculum. E his
5 633 485 663 Ioptimus tibi ſelige. Pbi. Nulla ut video, mul-
5 659 485 687 tum velet. Habes certè in hae taberna tu
5 682 484 712 ] erees non admodum bonas. Cbr. Au mnter
4 709 485 737 tus, quæ elam mercaturam aliquam eereet,
4 735 486 761 meliotes hobet? Pbi. Non exercet mnter mes
5 757 486 787 ereutum, ſed temen veſtes detrites, vel alis
5 783 486 811 vendibiles colligit, & per domos eendas cir-
5 807 487 835 cumfert. Quentum im tibi debeo pro his
3 833 485 862 Chr, de his conveniam eum matre tes, eui
3 856 486 891 codoleo, quod uuper faſta ſit vidus. Fi.
401 881 485 906 Noo
