588 957
76 31 391 61 iτ2 (0
22 57 585 94 aliquos ſolebam etlam pulcherrimis coloribus
75 85 528 116 obducere, & ut vocamus, Illumioare. Fil.
75 102 585 140 Si & Patrem meum illuminare poteris, rem
75 133 585 170 τibi miraτ præſtabis. Doryl. Tantum colo- l
75 158 585 195 res ſuppedita. Tentibo. Cbν. Colores habeo
75 184 585 217 arios in tabernula mea. En Cretam canden-
75 212 585 241 tem, en & flavam. En etiam penicillum.
76 236 585 270 Doryl. preτoſas ſane merces habes here. Fut
19 260 585 293 uper in nrbe quadam elebetrima, & tame
76 287 548 317 In cota illa urbe nec penieillum, nec quid-
77 312 531 344 piam, quod er porcorum ſetis eonficitur, in-
75 335 531 367 venite potui. Cb, Noſtin colores dextre miſ-
78 363 531 393 ecre? Doryl. teotabo, vel ſ prims vice tes
79 387 532 413 non ſtatim ſuccedat, adhibebimns colores
79 410 533 444 novos. Vel exſpecta, habeo adhoe aliquid
79 438 534 468 am præparati coloris, quo nuper imaginem
79 463 533 488 aſioi illuſtravi: ſuffciet aodhuc pro te depin-
78 487 534 518 geno, quæro-- Fil. eodem ergo eolore te
81 511 535 541 Pater, & aſinum eprimet onàm bella hæc
79 538 535 566 τit effigies, digoaque ut inter mjores no-
59 566 222 591 ſtros pendeat?
205 598 414 636 Scena Septima.
84 641 428 678 Cbremes, Filius, Philippeus
92 683 536 711 Rilip. Quid eſt Chremes? noſtine quid
83 708 538 736 eeum agatur Cbr. τeeuτοI Pi. quod ſn-
82 733 539 760 Ipenſus ſis in foro publico Cν. Ego ſuſpen-
84 759 539 785 ſus Tli. ſuſpeoſos iο effigie. & quod capet
84 783 540 809 rei eum aſininis anribus loogiſſtis in copite
86 808 540 834 depictis. Cbr. Quid ad me hæe effigiest non
84 833 541 857 eſt mea. Fi. Tamen clves omnes, qui tran-
84 857 542 883 ſenntes te in via ſine hæſitatione agooſeunt,
499 883 543 909 qula
