586 956
86 21 401 53 iT (0
86 58 580 87 H mor. App. ſi perieulum in mora, adſum
80 85 583 111 ρgo, adeſt Lominus ſcriba. adeſt denique Do- to
86 109 583 135 minus Baro. Nos duu ferre poſſumus ſenten- F
71 133 583 161 tm, quam fillus illuſtris Parentis Nomine po-
86 159 537 185 retit approbare. Serib. recte dicis. Autho-
87 184 537 210 titas noſtra in enſu. hoc ſufficit, & illuſtris et-
86 207 537 234 lm Toparca meæ prudentiæ ſolet commit-
85 233 583 259 tere cauſas ſimiles. bilip. Cauſas ſimilesI
28 258 537 285 aſininas nempe. Srib. 2 ſed ut juxta leges,
87 283 583 310 t jura numero ſexto procedamus, udiatur &
84 308 583 335 Atera pars. Pictorem advoea apparitor. App.
86 333 583 360 an non ſorum adibimus, ut habeamus iſum
87 359 583 386 repertum hoc poſt latam ſententia
82 379 193 410 ciτus.
152 432 419 465 Scena ecunda.
83 471 542 511 Ferſona, quæ priu, extepto Dorla,
145 509 268 537 pparitore.
84 539 540 568 Seib. Sed quomaodo ſatisfiei: til petis, ſ
85 564 542 595 pictor reus eonvincatur an mulftam petis pe-
87 589 541 617 ęniariam B. It Pater, vel denlque pete,
86 615 543 641 nt pictor non tuam tantum imagint m do-
87 640 572 667 pictam tbi cedt, ſed omnes malorum no
86 664 570 694 ſrorum fumoſas imagines tenoet, & gratis
87 689 542 716 mnes, Pbilip. IIt mnibns his etiam aures
88 714 542 742 aſininas appigat Bao, an tt majores nu-
88 738 543 766 meratij, & fumoſus avorum eeras Bil. uτ
84 763 539 791 ue aus meus fuit vir fumoſus, quia, ami-
65 788 540 814 uis purgapdis aſſuetus. Serib. & uτe proſa-
50 813 543 839 pia veſtre. ex qua Patria. Cbrem. ex ſaban-
82 837 545 868 din, Sęrib. ergn italis es tu Baro. talem
513 865 546 885 te
393 885 545 903 Nοοο
88 895 242 921 abit apperitoi.
