585 961
250 21 430 56 0) I
66 33 145 54 5S
70 57 582 89 quisquam alius, ſi imaginem ignoti homils
107 84 582 114 uomodocunque publice exponamus. Bare,
106 113 582 139 uis nemini fit iojuria. Appai it. ego, quan-
106 138 582 163 tacuque ſit authoritas mea, prohibere nan
100 162 582 192 poſſum. Serib. nec ego ſalua conſcientia. Ba.
105 187 582 213 o. veſtrum nomine Patris mei judiium ap-
99 212 582 239 prho. Fil. Ah Paterl tantum à te probrnm
104 237 582 262 mooe, net novo urbis Ludibri te patere e-I
97 262 582 290 ponl, redime potius imaginem quonnque
100 287 582 337 Aaa
98 336 582 363 ea plcturaſ Fil. pro fama tua. Buro. a ſep-
98 362 582 386 tem tantum florenos epetit Parens tuns pro
56 386 582 414 1hac effigie? Serib. leve hoc uimis pretinm pro
96 411 582 440 penicillo italico. Apparit. ego cette non piο-
97 436 582 463 gerem pro ſeptem forenis. haro. eſt Domi-
98 461 582 487 o Parenti meo in atrio imago peniillo bel
96 486 582 515 gleo expreſſa, quam non venderer pro cento-
101 510 582 537 nis aliquot forenis, etſi vetulam tantum de-
102 535 582 561 formem repræſentet. Apel. audis hæ? Chiemt
102 560 582 587 Cede ergo effigiem, folvam. Apel. præleni
101 585 582 610 re exſolves, prius non cedo, ſed pendebit la
101 610 582 638 publieo hæc effigies, donec præſente lllam
88 634 582 663 pecunis redemeris. Cbeι. tuntum preſp-
101 659 582 686 is æeris mihi plane non eſt. Apprit. Sno
94 685 552 713 mults pecunia ad judicem appellare audest
92 708 549 737 Aon ſcis ſtylum euriæ ? Cbrem. Dorylalda mn-
92 734 553 759 tuos mihi ſeptem florenos. Doyil. nec ſep-
90 758 548 783 tem Denarii mihi ſunt. Cbem. ergo en Do-
101 784 553 810 mine apparltor pro me lnterim ſolve, Filium.
91 809 548 834 meum oppignoro tibi. Apparit non inigeo
90 833 549 860 ivo, & voral pignore, nimlos jam pueros
90 856 549 883 dmj abo. Cbre. Ergo t Domin ſceribs,
522 885 555 907 vel
