580 960
165 20 343 50 0)
445 23 493 46 159
1 54 483 86 vel Domlue. Raro. Serb. pecunlæ voſtr ro
9 82 481 110 Iſunt pro te, ſed tu pro nonis. Cbem. erg
9 109 481 136 tu Philippue matrem tuam aecee, die ro-
1 133 481 163 gate me per priſinam ioer nos amicitiam, &
1 158 481 185 per novam brevi arct orem contrahendam, ve-
1 183 482 210 lit mutuos date ſeptem forenos. Atel. ſiſte,
1 207 529 235 non ſuffciunt ſeptem foreni ſolvendæ hui-
1 233 484 260 Imugini. Cbrem. quid non ſufficiunt tame
8 257 484 286 prius plures no petiiſti? Ael. pro priore
9 283 484 309 effigie plures non petis. ſed pro appictis de
1 307 486 334 novo aurieulis, quæ τulto & improoo labos
1 332 485 359 re ſteterunt pareni meo. Baro. Sunt legan
1 354 484 384 ter pictæ, & capici tuo aptata. Scrib. præſer-
8 382 485 409 ]tim umbra læv auriculæ. Qnam ex arte, &
8 407 485 434 ad vivum expreſſa Apel. Pto hoc ergo no-
9 431 487 458 v labnre præter ſepre forenos parens exia
9 455 486 485 git duos thaleros imperiale. Cbrem. novnm
9 481 573 508 ] & totum aſinum etiam me ajorem non eme-
1 506 486 533 rem duobus imperialibus. Non, non ſoluo
1 531 487 557 ricnlas. Apel. Ergo Imaginem mecum re-
1 555 487 581 fero, & iterum in foro publicè ſuſpendo. Cbr
9 578 488 607 ſuſpende, ſuſpende, quantum velis. Non eſt
9 601 487 633 effigits mes. Non ſoluo. Pbilip. Tame
9 631 488 656 cives omnes dicunt, eſſe vivam imagiem tuam
9 653 530 681 ]Idem & mihi videtut, præ ſertim τοodo poſt ad-
9 675 488 707 itas auciculos videtus ſmillims. Fil. PaterI
8 704 488 731 niſi iaagipem redimas, ut publico moveatur,
8 729 490 755 pon amplius menm te Patrem agpoſcaτ. Nolo
6 754 488 780 Pntrem habere oſinumn. ant qui talis ab nibe
6 776 488 805 tota proclamatur. Cbrem. exſpecta igits.
7 804 488 829 Cede imaginem. Ael. Non cedo, niſi pro
36 828 488 855 ere præſenti. Crem. ſolnm, ubi præſenes
5 854 488 885 tunt pecuniu. Fili lam hanc Domu
431 879 488 908 deſer.
