678 1228
132 101 148 125 14

107 118 267 163 producitur,
297 118 336 163 qui
358 118 440 163 gigãtæ
461 118 465 163 o
483 118 535 163 faſtu
578 118 629 163 vr-

105 158 157 203 bem
179 158 339 203 aggreditur,
352 158 369 203 &
387 158 508 203 Hebreęos
521 158 551 203 ad
569 158 625 203 ſin-

114 200 194 245 gulare
214 200 329 245 certamen
353 200 492 245 prouocat:
520 200 548 245 Ex
564 200 620 245 ad-

106 239 177 279 uerſo
194 239 227 279 illi
252 239 360 279 Elearar,
377 239 393 279 &
414 239 518 279 Aarias
543 239 622 279 duces

110 279 239 322 fortiſſimi
260 279 450 322 opponuntur,
471 279 484 322 in
521 279 620 322 quibus

118 321 201 361 eximia
230 321 359 361 fortitudo
393 321 468 361 obiter
497 321 622 361 depingi-

114 362 155 409 tur.
184 362 272 409 Pugnæ
301 362 318 409 &
355 362 489 409 conflictus
509 362 626 409 auribus

113 401 197 445 potiùs
217 401 281 445 quàm
313 401 385 445 oculis
401 401 581 445 ſubiiciuntur.

178 443 569 487 ACTVSTERTIVS.

201 473 351 526 RBSlonga
375 473 443 526 antea
481 473 621 526 obſidione

194 524 298 563 tentata,
322 524 386 563 ferro
410 524 426 563 &
446 524 546 563 flamma
578 524 622 563 va-

119 562 197 606 ſtatur.
219 562 271 606 Rex
292 562 336 606 cum
361 562 413 606 filiis
426 562 465 606 per
491 562 616 606 ſolitudi-

120 602 155 645 nes
172 602 276 645 fugiens
293 602 401 645 capitur:
409 602 448 645 ſed
461 602 483 645 id
504 602 569 645 vario
591 602 608 645 e-

126 639 180 684 xitu;
193 639 287 684 Abdias
305 639 359 684 enim
386 639 449 684 regis
471 639 534 684 filius
556 639 606 684 natu

130 682 198 724 maior
225 682 319 724 primus
337 682 341 724 à
391 682 512 724 Chaldæis
539 682 620 724 idque

113 723 146 765 nuτ
182 723 193 765 τi
212 723 303 765 τuuuv
336 723 512 765 intercipitur:
541 723 615 765 minor

125 763 149 808 cũ
168 763 303 808 armigero
318 763 376 808 fuga
405 763 506 808 elapſus,
520 763 540 808 &
559 763 612 808 diſſi-

131 802 222 843 mulato
240 802 352 843 habitu,
374 802 378 843 à
404 802 500 843 paſtore
521 802 617 843 tãtiſper

124 843 262 886 occultatus
282 843 324 886 pro
339 843 404 886 ditur.
427 843 542 886 Sedecias
554 843 615 886 inter

122 884 157 928 ſpẽ
187 884 299 928 metumq;
325 884 351 928 diu
377 884 481 928 iactatus
498 884 571 928 tadem
593 884 606 928 in

130 924 213 967 manus
242 924 412 967 Chaldæorum
458 924 529 967 miliũ
554 924 612 967 dela-

127 965 197 1061 bitur,
222 965 287 1061 quod
302 965 353 1061 actu
373 965 483 1061 ſequenti
498 965 614 1061 narratut.

169 1003 316 1055 ACTvS
373 1003 571 1055 QVARTVS

189 1046 329 1091 ¶Ieremias
348 1046 430 1091 narrat
449 1046 469 1091 &
498 1046 560 1091 deſlet
579 1046 613 1091 Se-

221 1062 279 1131 decic
303 1062 317 1131 &
337 1062 419 1131 filiorũ
443 1062 544 1131 vincula.
568 1062 611 1131 Na-
