664 1226
210 44 395 76 SOLYMA.

78 70 96 102 Vt
126 70 180 102 poſſit
204 70 249 102 extin
279 70 330 102 uere.
342 70 375 102 Sed
384 70 489 102 ardebunt
504 70 543 102 di,

78 100 140 128 Donec
157 100 242 128 peroſus
256 100 358 128 Mulciber
375 100 423 128 dicat
440 100 494 128 ſatis:

81 127 165 156 Græcus,
177 127 264 156 Sabæus,
291 127 380 156 Æthiops,
392 127 461 156 Maced
473 127 485 156 o,
500 127 584 156 Scytha,

81 154 121 178 Cine
129 154 161 178 rem
185 154 302 178 cruentum,
318 154 331 178 &
344 154 395 178 buſta
424 154 536 178 meretricis
552 154 584 178 bi-

97 183 150 206 bent,

81 207 125 230 Læti
138 207 220 230 fauillas
235 207 324 230 deferent
336 207 380 230 illis
393 207 453 230 Noti.

78 233 95 264 Vt
112 233 146 264 ego
160 233 242 264 ſupinus
259 233 344 264 ſorbeam
366 233 440 264 tantum
459 233 513 264 nefas

74 259 152 290 Indigna
182 259 233 290 digna
251 259 334 290 ſcelera,
343 259 421 290 riualem
439 259 556 290 hybridam,

83 286 137 316 Verpi
149 286 236 316 ſecures,
245 286 302 316 ſimiæ
314 286 347 316 faſt
356 286 383 316 us,
392 286 437 316 luem

76 313 145 342 Regni,
154 313 247 342 pudorem
268 313 342 342 ſæculi,
366 313 426 342 mundi
441 313 510 342 facem,

75 340 143 369 Buſtum
169 340 248 369 meorum
273 340 370 369 perferam
395 340 492 369 quicquid
511 340 551 369 mali

75 367 118 396 Hæc
137 367 211 396 oſficina
231 367 313 396 ſceleris
327 367 338 396 in
361 367 454 396 dominos
465 367 499 396 alit

74 394 128 422 Non,
140 394 149 422 ſi
167 394 209 422 quid
227 394 263 422 odia
281 394 383 422 principis
398 394 449 422 Medi
464 394 539 422 valent:

110 420 131 450 De
149 420 194 450 fæce
209 420 281 450 populi
302 420 364 450 ſurgit
376 420 391 450 ię
403 420 466 450 nauus
481 420 541 450 ſtolo,

72 448 98 477 Ad
109 448 168 477 arcem
188 448 290 477 honoris,
307 448 400 477 gemmeis
417 448 454 477 vect
465 448 485 477 us
496 448 538 477 iugi
558 448 558 477 -

71 474 122 505 Meis
136 474 148 505 in
165 474 227 505 armis
241 474 343 505 fulgurat,
354 474 405 505 ductu
433 474 470 505 meo

78 502 152 532 Euertit
171 502 234 532 vrbes,
248 502 333 532 occupat
350 502 421 532 Regna,
435 502 486 532 eiicit

75 527 144 557 Reges,
165 527 174 557 tr
183 527 219 557 ium
234 527 288 557 phat,
306 527 381 557 laureis
393 527 471 557 vmbrat
489 527 558 557 polos.

74 556 131 584 Nunc
149 556 203 584 Belus
218 556 248 584 illi
263 556 332 584 fœtet,
341 556 353 584 &
365 556 434 584 nomen
452 556 509 584 prius

83 582 108 610 Cœ
117 582 133 610 lo
148 582 266 610 verendum,
280 582 373 610 Barbarus
387 582 447 610 ludos
458 582 514 610 facit.

73 608 85 636 In
102 608 130 636 ſida
156 608 224 636 vulpes
241 608 249 636 in
272 608 320 636 ſuum
343 608 394 636 ludir
411 608 476 636 caput.

73 634 104 663 Iam
130 634 155 663 vul
166 634 175 663 ſa
192 634 231 663 ſede
248 634 328 663 Solyma
347 634 373 663 dat
390 634 452 663 victas
472 634 542 663 manus,

73 661 127 690 Nobi
136 661 181 690 ſque
199 661 256 690 peſtis
277 661 355 690 militat,
364 661 424 690 nobis
439 661 508 690 fames.

97 687 141 718 Vrbs
154 687 182 718 illa
201 687 264 718 nuper
289 687 371 718 gentium
403 687 476 718 ſpoliis
491 687 567 718 grauis,

81 714 87 745 O
98 714 177 745 pulenta
194 714 265 745 furtis,
288 714 415 745 machinatrix
432 714 557 745 ſacinorum,

73 742 106 771 Iam
133 742 190 771 quaſſa
205 742 253 771 belli
268 742 358 771 turbine,
367 742 427 771 atque
445 742 514 771 expers
529 742 562 771 ſui,

79 769 141 798 Trahit
155 769 223 798 ruinas
248 769 282 798 dum
305 769 361 798 ſemel
378 769 420 798 neſc
429 769 443 798 it
465 769 516 798 mori.

79 797 138 823 Reſtat
155 797 232 823 catenis
243 797 370 823 implicatum
387 797 458 823 ferreis

82 821 161 851 Cernere
186 821 305 851 Tyrunnum:
316 821 384 851 iubeo,
395 821 415 851 ſic
429 821 469 851 fieri
489 821 562 851 placet.

83 849 110 879 Vbi
128 849 149 879 eſt
164 849 305 879 Seregel:acer
323 849 398 879 obſerua
416 849 479 879 fores,

83 875 177 908 Tentaqus
193 875 199 908 ſi
215 875 262 908 quid
275 875 325 908 effici
338 875 376 908 hoc
392 875 458 908 noctis
473 875 546 908 poteſt,
