681 1219
257 37 427 68 SOLTMA

99 65 153 96 Suo
171 65 273 96 comantes
288 65 362 96 incutit
380 65 431 96 collo
446 65 512 96 iubas,

99 93 145 121 Imis
159 93 184 121 ſub
201 93 266 121 antris
283 93 360 121 capreas
379 93 447 121 ſternit
464 93 512 121 pauo

106 120 185 148 Prodite
196 120 219 148 ad
227 120 289 148 arma,
301 120 326 148 vel
340 120 400 148 ſtatim
425 120 487 148 muros
501 120 563 148 ruam,

108 145 224 176 Veſtroſque
240 145 303 176 colles
322 145 360 176 ſede
379 145 467 176 diuulſos
483 145 505 176 ſua

101 173 178 203 Rapiam
198 173 229 203 per
240 173 305 203 auras,
317 173 410 203 funditus
424 173 495 203 tandem
518 173 574 203 eruam

114 195 205 235 Quicquid
226 195 320 235 probroſi
341 195 362 235 eſt
383 195 425 235 ſanę
432 195 495 235 uinis.
540 195 610 235 Cuncã

129 235 170 252 trem
185 235 220 252 unt

108 253 176 280 Fruſtra
190 253 261 280 laceſſo
275 253 360 280 vocibus
377 253 456 280 cœlum,
468 253 524 280 parem

102 279 176 311 Natura
193 279 261 311 nobis;
272 279 303 311 nec
320 279 377 311 dedit,
391 279 431 311 dare
445 279 476 311 nec
493 279 567 311 poreſt.

105 299 168 339 Igitur
187 299 272 339 quieſcã,
278 299 297 339 ni
310 299 370 339 ſopor
389 299 468 339 quoque
490 299 509 339 me
525 299 591 339 timer,

102 333 141 359 Nec
156 333 216 359 audet
231 333 294 359 oculis
309 333 389 359 timidus
401 333 461 359 allabi
485 333 533 359 meis.

150 423 150 446 c
248 423 252 446 I

516 421 516 439 E

151 422 267 477 0
315 422 415 477 AS
467 422 483 477 R
551 422 583 477 X.

110 487 287 529 ELEAZAR,
321 487 333 529 &
363 487 517 529 ALARIAS
547 487 613 529 duces.

119 547 139 591 De
151 547 251 591 pugna,
275 547 299 591 &
323 547 431 591 Seregelis
451 547 615 591 comprimen-

211 588 225 626 da
251 588 328 626 ferocia
360 588 496 626 deliberant.

106 650 110 685 s
135 650 182 685 decias
274 650 324 685 Rma,
340 650 388 685 arma
407 650 460 685 ſocij,
492 650 546 685 loriæ
568 650 603 685 me-

125 680 125 710 c
148 680 159 710 ex

286 681 313 707 tas
331 681 388 707 cruor

211 704 214 734 .
274 704 340 734 Signat
367 704 463 734 decorus,
490 704 556 734 arguit
596 704 613 734 i-

95 712 135 727 arc.

301 738 343 762 gros
363 738 429 762 metus.

100 758 165 788 Arma,
174 758 225 788 arma
242 758 298 788 ſocii,
310 758 364 788 caſtra
383 758 412 788 ĩam
431 758 488 788 paſſim
514 758 556 788 meis

109 786 178 814 Lucere
193 786 259 814 tædis,
268 786 351 814 fremere
366 786 396 814 iam
414 786 462 814 pilis
474 786 540 814 amant

105 812 117 841 Si
135 812 186 841 deſes
195 812 258 841 anima
276 812 321 841 lang
330 812 360 841 uet
378 812 453 841 ignauo
474 812 525 841 gelu,

105 839 121 868 Et
137 839 363 868 nundinatuTdedecus
379 839 438 868 emaci
451 839 515 868 prece.

102 866 182 895 Manete
201 866 221 895 cla
235 866 258 895 uſi
281 866 385 895 mœnibus,
397 866 448 895 ſolus
464 866 521 895 ramen

104 893 142 918 Ibo,
154 893 186 918 Ibo
202 893 215 918 in
234 893 319 918 hoſtem,
332 893 417 918 fortiter
436 893 493 918 didici
512 893 566 918 mori.

274 921 440 949 ELEAZAR.

104 947 116 976 Si
129 947 183 976 ccine
205 947 294 976 Coloſſus
306 947 379 976 impias
395 947 452 976 iactat
471 947 538 976 minas,

117 974 159 1003 ad
186 974 198 1003 Et
216 974 258 1003 caſtr
264 974 270 1003 a
288 974 333 1003 diris
348 974 452 1003 fulminat,
464 974 482 1003 dũ
497 974 533 1003 nos
551 974 602 1003 pigra

120 1000 150 1030 rtas
189 1000 228 1030 Glac
237 1000 249 1030 ie
270 1000 360 1030 rigemus
396 1000 459 1030 gentis
480 1000 510 1030 heu
534 1000 609 1030 noſtræ

103 1028 151 1056 vrbis.
212 1028 270 1056 udor.

124 1053 136 1084 eu
155 1053 212 1084 priſca
234 1053 344 1084 virtus:heu
366 1053 411 1084 ſacri
426 1053 505 1084 cineres
530 1053 603 1084 atrumi

524 1079 603 1109 Adeóno
