683 1225
258 59 258 83 S
291 59 448 83 OLYMA.

86 62 90 89 3

92 85 115 115 Fel
123 85 137 115 ix
151 85 248 115 ĩuuentas
259 85 338 115 aureum
361 85 440 115 promit
463 85 491 115 dec
500 85 531 115 us.

92 111 165 144 Deinde
179 111 212 144 ille
225 111 278 144 ſenio
295 111 391 144 genitor,
415 111 425 144 &
451 111 524 144 morbis
557 111 601 144 gr-

114 144 131 163 ui
142 144 144 163 s

89 164 101 196 In
122 164 137 196 te
149 164 257 196 recumbit,
275 164 314 196 mite
332 164 368 196 dum
392 164 485 196 ſupereſt,
500 164 548 196 onus

94 191 205 224 Pignuſque
220 191 283 224 natis:
289 191 322 224 non
345 191 396 224 fodit
414 191 483 224 pectus
504 191 573 224 tuumĩ

89 218 128 247 Non
152 218 164 247 te
179 218 248 247 ſenilis
263 218 365 247 excruciat
377 218 443 247 animę
464 218 533 247 dolor:

98 241 134 278 Quo
148 241 228 278 ſcelere,
238 241 308 278 ſrater,
324 241 391 278 meruit
404 241 478 278 infelix
491 241 574 278 paren,

96 273 113 300 Vt
127 273 237 300 ſemiuiuus
254 273 262 300 in
285 273 333 300 tuum
356 273 426 300 tandem
449 273 480 300 rog
488 273 511 300 um

95 300 206 330 Trudatur?
236 300 254 330 lli
272 300 293 330 ſic
310 300 424 330 rependunt
433 300 451 330 ur
472 300 529 330 vices.

89 327 161 357 Abſiſte
176 327 251 357 pugna,
263 327 331 357 frater,
340 327 352 357 &
370 327 427 357 tutus
442 327 478 357 ſine

90 352 120 385 Me
138 352 195 385 ſolum
225 352 279 385 obire
300 352 342 385 quic
354 352 396 385 quid
414 352 432 385 eſt
447 352 462 385 hi
477 352 477 385 c
492 352 549 385 aleæ:

90 368 104 414 Si
127 368 170 414 quid
184 368 280 414 ſiniſtrum
304 368 350 414 (hoc
367 368 414 414 omen
434 368 517 414 auertet
537 368 600 414 Deus)

92 408 169 432 Reddes
180 408 245 432 amico
259 408 325 432 funeri
350 408 455 432 extremum
481 408 543 432 decus.

262 435 427 464 ASARIAS.

100 462 170 493 Cauſas
185 462 252 493 inanes
267 462 308 493 nect
318 462 340 493 is,
353 462 372 493 eſt
390 462 473 493 Azarias

95 489 154 518 Tecum
177 489 259 518 paratus
282 489 355 518 viuere,
367 489 378 518 &
395 489 452 518 tecum
480 489 531 518 mori.

94 503 148 545 SED.
171 503 238 545 OIecta
261 503 324 545 corda,
334 503 438 545 ſanguinis
458 503 514 545 priſci
531 503 601 545 decor:

89 543 125 573 Ite,
131 543 158 573 ite
173 543 236 573 fortes
254 543 287 573 quò
313 543 334 573 De
343 543 343 573 i
361 543 433 573 Numen
460 543 526 573 vocat,

91 570 125 600 Ie,
141 570 217 600 expiate
239 570 305 600 crimen
328 570 425 600 infandum
448 570 492 600 ſoli.

97 597 139 627 Ego,
148 597 157 627 ſi
172 597 217 627 quid
229 597 286 627 aſtra,
295 597 310 627 &
325 597 406 627 cœlites
421 597 490 627 curant
505 597 559 627 pios,

96 623 108 653 Et
123 623 168 653 aſtra
189 623 240 653 cœli,
249 623 264 653 &
282 623 360 653 cœlites
375 623 459 653 ſupplex
471 623 504 653 rog
519 623 531 653 os

99 651 113 679 Vt
127 651 152 679 iſta
169 651 234 679 pietas
254 651 319 679 vigeat
341 651 403 679 æterna
420 651 465 679 face.

96 674 133 705 Dein
153 674 198 705 rata,
209 674 218 705 ſi
238 674 257 705 me
272 674 340 705 cedere
354 674 385 705 hac
408 674 442 705 vita
462 674 541 705 volunt,

98 703 110 732 it
131 703 170 732 nihi
191 703 275 732 cometæ
293 703 344 732 crine
365 703 407 732 ſang
416 703 476 732 uineo
494 703 575 732 rubent:

92 730 130 760 Huoc
145 730 259 760 prorogari
272 730 354 760 poſtulo
370 730 417 760 lucis
439 730 490 760 mihi,

101 756 152 786 Quod
177 756 221 786 huic
263 756 364 786 rependam
399 756 478 786 ſtrenuo
509 756 544 786 frat
554 756 588 786 rum

117 786 162 811 PaIi.

89 807 116 843 Sic
140 807 212 843 aemum
236 807 308 843 auaram
338 807 443 843 ſanguinis
470 807 545 843 parcam
569 807 599 843 lu-

115 837 159 858 bens

97 857 190 893 Explebo,
200 857 303 893 poſtquam
330 857 377 893 fecer
393 857 393 893 o
416 857 490 893 cunctis
503 857 560 893 ſatis.

261 891 432 921 ELEAZAR.

89 917 152 947 Mitte
167 917 197 947 iſta
221 917 254 947 Prin
272 917 323 947 ceps,
332 917 410 947 ruimus
419 917 518 947 auſpiciis
533 917 581 947 tuit,

101 944 134 975 Quò
152 944 188 975 nos
203 944 281 975 ſonoræ
299 944 404 975 concitant
419 944 491 975 Martis
506 944 557 975 faces

90 970 184 997 Inueniet
201 970 243 997 enſis
260 970 317 997 fidus,
326 970 357 997 aut
374 970 433 997 faciet
453 970 510 997 viam:

91 996 125 1029 Sed
139 996 168 1029 vna
185 996 258 1029 tantum
284 996 321 1029 cura
340 996 442 1029 ſollicitat
459 996 516 1029 duos.

97 1021 118 1055 Eſt
133 1021 145 1055 fe
154 1021 190 1055 ſſus
202 1021 268 1055 annis,
277 1021 352 1055 fractus
373 1021 385 1055 &
406 1021 481 1055 morbis
496 1021 559 1055 pater,

93 1048 164 1082 Nomen
190 1048 292 1082 verendum
312 1048 368 1082 filiis,
380 1048 428 1082 quem
451 1048 490 1082 fors
510 1048 581 1082 grauis,

99 1073 136 1112 Poſt
153 1073 179 1112 tot
196 1073 286 1112 ſequaces
309 1073 396 1112 funerum
419 1073 433 1112 cu
466 1073 483 1112 ul
499 1073 523 1112 os,
536 1073 560 1112 cui
