686 1220
295 38 432 62 SOLYMA

255 65 428 93 ELEALAR.

130 90 269 116 Inſaniendum
291 90 310 116 eſt
326 90 389 116 ſobriè
405 90 415 116 in
440 90 484 116 cauſa
513 90 551 116 Dei.

284 119 407 147 NABVC
422 119 442 147 H.

104 142 164 175 Mitte
181 142 221 175 iſta,
231 142 284 175 vitam
304 142 381 175 largior
401 142 468 175 fratri,
481 142 498 175 &
511 142 557 175 tibi.

297 172 301 200 E
323 172 410 200 LEA.

135 197 212 227 Largite
235 197 318 227 timidis,
335 197 415 227 fortium
435 197 495 227 nemo
508 197 572 227 petit.

288 225 445 253 NABVCH.

103 248 175 279 Audite
191 248 285 279 Iuuenes,
298 248 361 279 dulcis
377 248 399 279 eſt
418 248 465 279 vita,
475 248 487 279 &
500 248 582 279 breuis.

100 278 132 307 Me
149 278 205 307 veſtra
222 278 265 307 flect
270 278 284 307 it
296 278 386 307 indoles,
412 278 460 307 ætas,
471 278 536 307 amor,

109 304 124 336 Et
139 304 190 336 torua
208 304 283 336 Martis
301 304 370 336 gloria.
388 304 508 336 Incolumes
526 304 586 336 volo,

109 331 157 361 Volo
169 331 250 361 beatos.
268 331 352 361 Reddite
367 331 403 361 hoc
421 331 475 361 vnum
502 331 556 361 mihi:

101 358 143 387 Hoc
161 358 239 387 caritati
260 358 332 387 Regiæ,
341 358 380 387 hoc
389 358 422 387 aul
437 358 440 387 æ
455 358 503 387 ſpei.

110 385 141 415 Vos
157 385 245 415 execrati
261 385 321 415 Regis
334 385 413 415 infidum
435 385 501 415 larem,

107 412 124 442 Et
134 412 180 442 arma
203 412 260 442 genio
276 412 333 442 fracta
359 412 469 442 Babylonis
489 412 538 442 meæ,

105 438 121 468 Et
137 438 181 468 læua
200 438 279 468 Hebræi
295 438 393 468 Numinis
412 438 488 468 deliria,

102 465 129 496 Ad
142 465 235 496 ruſticos,
249 465 262 496 &
275 465 392 496 ſimpulatri
405 465 429 496 ces
442 465 492 496 anus

99 492 191 523 Mittire,
201 492 232 523 nec
248 492 280 523 iſtâ
299 492 381 523 tendite
393 492 406 523 in
425 492 482 523 fatum
510 492 548 523 vi.

110 519 142 549 Vos
160 519 246 549 militate
262 519 303 549 duct
309 519 328 549 u,
347 519 359 549 &
369 519 470 549 auſpiciis
489 519 540 549 meis.

106 546 134 599 Per
147 546 195 599 aſtra
207 546 255 599 iuro
267 546 328 599 lucida
353 546 451 599 rotantem
480 546 587 599 Mithram,

106 573 175 602 Faſces,
187 573 274 602 curules,
289 573 364 602 laureas
379 573 496 602 impertiar,

108 600 121 631 Et
130 600 190 631 ambo
203 600 225 631 ad
238 600 292 631 arces
320 600 380 631 loriæ
393 600 393 631 i
403 600 485 631 lluſtres
504 600 577 631 veham.

301 628 370 654 ELEA
399 628 410 654 Z.

105 652 189 681 Etiamne
204 652 231 681 pal
243 652 264 681 po
288 652 362 681 melleas
377 652 446 681 fundis
461 652 545 681 preces

106 679 117 709 Et
126 679 188 709 iamne
202 679 287 709 noſtrum
310 679 378 709 ramdiu
395 679 397 709 i
409 679 465 709 gnora
502 679 559 709 genus

105 706 116 734 En
133 706 187 734 nudo
204 706 283 734 pectus,
300 706 309 734 tu
331 706 400 734 cicatri
411 706 439 734 ces
459 706 507 734 vide:

104 725 178 762 Numer
221 725 281 762 ruenta
303 725 389 762 vulnera,
402 725 415 762 &
445 725 475 762 elli
484 725 553 762 notas:

103 760 139 789 Ego
157 760 235 789 cruoris
250 760 268 789 pr
283 760 355 789 odigam
379 760 457 789 mentem
481 760 535 789 gero.

100 785 145 812 Iuro
163 785 262 812 tremendi
277 785 346 812 numen
376 785 460 812 æternum
490 785 526 812 Dei,

106 814 147 842 Tuas
163 814 194 842 ego
207 814 261 842 artes
277 814 368 842 execror,
381 814 416 842 Reg
428 814 469 842 num
492 814 574 842 exſpuo.

105 839 173 869 Vrinam
193 839 261 869 liceret
275 839 360 869 pedibus
371 839 462 869 attritam
490 839 530 869 meis

104 866 180 896 Calcare
208 866 293 896 cidarim,
321 866 416 896 frangere
441 866 473 896 hâc
495 866 593 896 Sceptrum

170 896 217 918 manu

274 917 430 948 NABVCH.

103 946 147 976 Quid
160 946 201 976 læua
220 946 289 976 fratris
305 946 383 976 conſilia
402 946 503 976 ſequeris:
525 946 579 976 miſer:

296 974 299 1002 A
332 974 401 1002 LAR.

100 999 106 1029 O
124 999 181 1029 ſancti
193 999 274 1029 amores
289 999 361 1029 fratris
394 999 397 1029 ô
415 999 487 1029 charum
514 999 574 1029 caputl

113 1025 113 1056 n
136 1025 139 1056 æ
158 1025 180 1056 me
192 1025 290 1056 procella,
306 1025 385 1056 frater,
404 1025 473 1056 eripiat
501 1025 536 1056 ibi:

119 1017 131 1088 on
151 1017 155 1088 ſ
183 1017 279 1088 Touantis
295 1017 375 1088 fulgure
395 1017 495 1088 rubentes
515 1017 579 1088 manu
