674 1225
300 29 442 65 SOLYMA

109 38 126 61 s

110 123 612 159 SEDECIASTRIBVNVS.

112 189 196 236 Sedecia
216 189 292 236 timor,
316 189 340 236 c&
360 189 464 236 extrema
492 189 552 236 verba
580 189 608 236 ad

314 233 378 264 ſilios.

261 263 450 292 SEDECIAS.

220 317 229 377 duu
287 317 377 377 Tribune.
400 317 494 377 rrorinus
517 317 553 377 iuſ
584 317 611 377 er-

239 350 292 378 pedi.

184 364 228 403 Quid
247 364 339 403 Nuncias

106 402 169 428 TRIB.
191 402 226 428 Rex
245 402 298 428 ſilios
311 402 384 428 ambos
403 402 466 428 vocat.

102 429 158 455 SED.
176 429 274 455 Soloſne:

108 455 191 482 TRIB.
210 455 275 482 Solos.

103 484 156 514 SED.
172 484 197 514 Ad
210 484 272 514 necem
298 484 354 514 credo
373 484 433 514 rapis:

104 510 167 541 TRIB.
187 510 241 541 Malè
260 510 367 541 ominaris.
384 510 440 541 liberi
457 510 523 541 viuent
543 510 573 541 rui:

96 540 192 568 Miſerata
210 540 270 568 Regis
288 540 333 568 vxor
348 540 435 568 afiictas
456 540 510 568 opes,

101 566 143 595 Prim
160 566 208 595 oque
225 566 273 595 flore
284 566 369 595 lucidum
400 566 456 595 æratis
473 566 538 595 decus,

91 591 94 622 A
120 591 162 622 rege
179 591 230 622 dono
247 591 312 622 poſtul
318 591 337 622 at
360 591 411 622 miſer
422 591 439 622 os
459 591 501 622 dari.

95 618 135 646 (Sic
158 618 231 646 manſue
242 618 276 646 tum
299 618 367 646 pectus
390 618 480 646 ærumnas
491 618 562 646 amat.)

97 643 116 674 At
135 643 169 674 iIle
182 643 198 674 bl
220 643 252 674 nda
277 643 340 674 mitior
356 643 419 674 factus
435 643 501 674 prece,

99 651 135 703 Non
159 651 188 703 iam
225 651 321 703 eugnat,
341 651 427 703 vinculis
441 651 494 703 ſolui
514 651 577 703 iubet,

100 697 211 726 Epulaſque
226 697 274 726 ſeſto
295 697 372 726 carpere
384 697 498 726 ambroſias
516 697 549 726 die.

97 714 151 753 SED.
170 714 205 753 Heu
224 714 268 753 læua
296 714 328 753 fata
353 714 451 753 denegant
467 714 533 753 verbis
581 714 597 753 dc

103 751 167 780 TRIB.
187 751 227 780 Quid
243 751 370 780 ſuſpicaris:
383 751 453 780 abripi
466 751 546 780 poſſent
559 751 609 780 tibi,

94 777 108 806 Si
131 777 320 806 viSparatavellet
331 777 368 806 hoc
391 777 456 806 mortis
478 777 546 806 genus.

96 806 127 855 Sed
143 806 194 855 nunc
210 806 330 855 petuntur,
346 806 409 855 Patris
428 806 561 855 vtredimant
580 806 605 855 ca-

160 838 202 860 pPut.

102 854 118 887 Vt
134 854 188 887 ſortè
203 854 213 887 in
232 854 273 887 aula
292 854 403 887 principum
428 854 473 887 mixt
482 854 482 887 i
508 854 568 887 globo

105 886 192 914 Creſcant
207 886 216 914 in
243 886 276 914 oſtr
291 886 303 914 o,
324 886 345 914 Re
369 886 402 914 ium
423 886 495 914 ſtipent
510 886 576 914 latus;

94 897 133 940 Non
154 897 265 940 abnuẽdam
286 897 349 940 princi
358 897 376 940 pi
391 897 436 940 hanc
460 897 529 940 ſortem
550 897 607 940 reor.

97 939 153 968 SED.
163 939 230 968 Adeſte
246 939 293 968 nati,
306 939 392 968 columen
419 939 479 968 afhict
499 939 502 968 æ
525 939 608 968 domus:

93 966 159 994 Adeſte
174 966 222 994 nati,
231 966 294 994 lumen
318 966 405 994 extincti
420 966 495 994 patris,

102 994 108 1021 O
127 994 215 1021 cara
181 994 218 1021 ca1a
240 994 294 1021 fruſta
313 994 418 1021 nanfragii
438 994 474 1021 mei:

97 994 131 1076 neu
156 994 193 1076 quæ
210 994 393 1076 libiao:maximum
418 994 435 1076 eſt
456 994 506 1076 vtri
539 994 614 1076 onum.

102 1019 153 1049 Etiam
177 1019 240 1049 videre
255 1019 351 1049 naufraga
366 1019 453 1049 auulſos
468 1019 516 1049 rare,

103 1072 197 1104 Cohibete
210 1072 263 1104 lachr
296 1072 343 1104 mas,
383 1072 459 1104 iubeo,
473 1072 506 1104 nec
526 1072 602 1104 poſſum
