678 1225
190 69 360 84 P
382 69 452 84 II

165 68 165 103 ·
179 68 219 103 .
219 68 219 103 .
269 68 467 103 IIC2.

76 97 161 127 Diſcedis
175 97 220 127 ergo
237 97 271 127 vict
280 97 314 127 ima
328 97 385 127 immi
396 97 419 127 tis
430 97 453 127 fer
470 97 481 127 æ.

69 123 109 152 Nec
123 123 154 152 fida
174 123 245 152 coniux
259 123 327 152 audiet
341 123 434 152 ſummum
457 123 502 152 vale,

70 150 81 180 N
94 150 107 180 ec
129 150 198 180 condet
219 150 235 180 oc
243 150 286 180 ulos
302 150 371 180 luridæ
389 150 493 180 immerſos
506 150 557 180 neci,

68 179 107 207 Noc
121 179 174 207 filior
184 179 208 207 um
227 179 285 207 ſydus
299 179 333 207 hoc
352 179 463 207 geminuri,
474 179 498 207 pat
509 179 533 207 ris

76 204 146 234 Vultus
163 204 237 234 videbit
248 204 344 234 ampljus.
361 204 406 234 Dura
428 204 510 234 orbitas:

70 231 97 261 Sic
115 231 157 261 ergo
169 231 232 261 abibis
244 231 357 261 inſatato
369 231 426 261 lare:

81 259 106 288 Qui
122 259 122 288 d
138 259 239 288 nunciabo
254 259 346 288 cſiugi?
365 259 409 288 quid
422 259 510 288 liherisr

75 285 118 314 BoE.
129 285 168 314 Ioc
188 285 208 314 me
225 285 307 314 ſoltum
330 285 358 314 cor
369 285 420 314 pore,
434 285 448 314 vt
468 285 556 314 Boetium

78 312 163 341 Decebat,
173 312 201 341 illi
223 312 350 341 gãtulentur
362 312 407 341 hinc
422 312 473 341 peci,

69 340 108 368 Nec
120 340 190 368 inquie
199 340 239 368 tet
256 340 352 368 lacrmms
372 340 443 368 cineres
468 340 525 368 meos.

76 366 170 396 Terrarum
198 366 263 396 eœliq;
274 366 351 396 parens,
365 366 394 396 qui
411 366 481 396 fœdere
498 366 552 396 certo

73 392 150 420 Euuluis
169 392 223 420 puris
240 392 325 420 cryſtalla
351 392 379 420 mic
385 392 439 420 antia
458 392 552 420 flammis,

76 420 90 449 Et
104 420 135 449 per
152 420 180 449 tot
200 420 268 449 gyros,
276 420 308 449 tot
322 420 381 449 flexos
398 420 480 449 orbibus
497 420 556 449 orbes

72 447 103 482 Res
117 447 219 482 hominum
250 447 352 482 extricas,
380 447 434 482 vitam
456 447 459 482 c
476 447 516 482 œleſt
524 447 572 482 ibus

93 474 162 495 inſons

70 500 175 530 Impendo,
190 500 259 530 doctus
274 500 310 530 pro
325 500 427 530 religione
442 500 523 530 paciſci,

69 527 186 583 Sanctaque
215 527 285 583 Iegifer
305 527 308 583 æ
342 527 438 583 Temidis
474 527 574 583 defendere

94 563 141 583 Iira.

71 581 110 614 Hoc
131 581 191 614 priſci
215 581 278 614 dudum
299 581 377 614 Heroes
398 581 485 614 docuere
509 581 578 614 geren-

106 610 134 634 do,

74 635 98 666 Qa
122 635 191 666 natura
215 635 272 666 pauet
299 635 341 666 cœli
362 635 395 666 ſtat
410 635 506 666 ſanguine
530 635 578 666 por-

109 671 131 686 ta.

253 684 288 719 Puer
303 684 385 719 Hnorar.

100 716 134 750 Res
147 716 216 750 agitur
238 716 295 750 intus
311 716 365 750 dira,
390 716 526 750 magnanimus
551 716 576 750 ſe-

101 751 120 766 ne
132 751 135 766 x

74 767 144 799 Pendet
158 767 184 799 ſub
208 767 254 799 ictu,
264 767 338 799 fetuet,
374 767 431 799 letho
451 767 525 799 obuius

66 797 154 826 Morcem
174 797 202 826 lac
210 797 256 826 eſſit,
270 797 377 826 increpans
391 797 439 826 ferri
459 797 529 826 moras.,

74 823 80 852 O
97 823 136 852 dura
156 823 196 852 dura
216 823 301 852 luminal
318 823 349 852 hac
363 823 414 852 ſcenâ
431 823 471 852 frui

71 849 85 879 Et
94 849 122 879 iam
144 849 229 879 poteſtis
238 849 238 879 ·
249 849 322 879 ſpectat
336 849 399 879 atque
416 849 455 879 odit
472 849 537 879 ſcelus

72 877 119 913 Quod
138 877 176 913 ipſa
204 877 277 913 ſpectat
299 877 343 913 ſæua
381 877 497 913 Gotthorum
526 877 570 913 pha-

100 903 150 925 lanx.

70 929 136 960 Triſtis
157 929 184 960 oui
196 929 250 960 rinus
268 929 291 960 ora
312 929 387 960 defixus
399 929 471 960 ſtupet,

69 956 84 987 Et
99 956 132 987 ing
144 956 219 987 emiſcit
234 956 330 987 lacrymis
342 956 429 987 implens
444 956 504 987 ſinus,

62 982 101 1013 Nec
113 982 224 1013 ſeruituris
242 982 302 1013 vincla
319 982 421 1013 ſingultus
439 982 547 1013 premunt.

69 1007 160 1040 Portenta
182 1007 236 1040 videc
256 1007 338 1040 cœlites
353 1007 418 1040 plena,
426 1007 517 1040 integra,

62 1032 155 1066 Inſolita,
170 1032 239 1066 inuiſa,
251 1032 308 1066 clara,
323 1032 383 1066 magni
392 1032 434 1066 fica,
443 1032 443 1066 i
452 1032 533 1066 nclyta.

67 1057 78 1096 En
95 1057 220 1096 ampuratum
245 1057 333 1096 manibus
347 1057 364 1096 at
375 1057 434 1096 tollit
451 1057 516 1096 caput,

66 1081 123 1124 Reciſa
143 1081 210 1124 certaix
226 1081 276 1124 viuit
290 1081 303 1124 &
320 1081 366 1124 ridet
380 1081 460 1124 necem,
