693 1220
124 42 140 74 io
244 42 520 74 THEODORICVS,

142 135 377 198 IVSTITIA
452 135 642 198 DIVINA.

252 206 550 244 HEODORICVS.

293 267 473 292 IVSTITIA.

182 329 249 366 Entina
266 329 371 366 ſceleum,
392 329 483 366 facinorũ
500 329 535 366 dire
546 329 640 366 artifex,

180 361 240 392 Audis
255 361 350 392 querelas
363 361 473 392 innocẽrũ?
482 361 536 392 audis
552 361 637 392 preet

182 389 258 432 Euſus
267 389 280 432 in
302 389 314 432 tè
333 389 403 432 clamat
425 389 441 432 ex
463 389 519 432 rerris
535 389 611 432 cruor,

128 416 188 446 Ieum
211 416 304 446 tribunal
318 416 381 446 flebili
398 416 468 446 gemitu
488 416 557 446 quatit.

131 444 267 483 Detramqut
282 444 349 483 poſcit
364 444 472 483 vindicem:
484 444 525 483 quid
548 444 570 483 me
585 444 639 483 aſpi-

154 473 179 492 cis

128 491 200 527 Scelera
216 491 228 527 te
251 491 298 527 quid
317 491 339 527 me
351 491 433 527 Iugubri
452 491 515 527 queſtu
537 491 613 527 vocas:

126 524 162 554 Scil
171 524 210 554 icet
228 524 315 554 habenas
333 524 387 554 orbis
402 524 435 554 ego
453 524 537 554 dederam
561 524 603 554 tibi,

135 551 150 590 Vt
168 551 279 590 præferoci
300 551 357 590 mente
372 551 498 590 proculcans
513 551 540 590 pat
555 551 600 590 rem,

135 578 149 609 Vt
166 578 299 609 innocentum
322 578 367 609 cæde
382 578 478 609 ſacrilegâ
503 578 580 609 madens

132 595 198 633 Ferres
210 595 222 633 in
237 595 285 633 aſtra
303 595 384 633 debitum
414 595 447 633 Fur
456 595 477 633 iis
495 595 564 633 capur?

124 631 186 660 Inceſt
195 631 234 660 uoſi
251 631 333 660 ferreum
353 631 421 660 cordis
437 631 491 660 nefas

137 654 177 690 Quis
190 654 210 690 ſic
227 654 297 690 rebelli
317 654 377 690 mente
394 654 507 690 contemnit
530 654 600 690 Deume

127 685 184 709 Iuber
196 685 241 709 aſtia
259 685 295 709 labi
313 685 403 709 ceœlitum
427 685 463 709 Rex
478 685 487 709 &
511 685 580 709 Pater:

136 712 229 758 Currunt,
241 712 349 758 recurrunt
361 712 406 758 aſtra
427 712 463 758 pro
475 712 523 758 nutu
550 712 589 758 Dei.

129 739 185 769 Iuber
199 739 285 769 ſonoras
342 739 365 769 rei
379 739 439 769 furias
455 739 528 769 premi,

135 758 243 804 Plectunt,
271 758 379 804 refiunt
413 758 483 804 æquora
521 758 543 804 ad
569 758 638 804 nutum

166 796 204 817 Dei.

128 820 185 848 Iubet
200 820 276 848 ſerenis
292 820 352 848 fluere
375 820 454 848 Titanem
473 820 536 848 rotis,

135 847 210 875 Curſus,
222 847 315 875 recurſus
333 847 389 875 fingit
401 847 422 875 ad
437 847 503 875 nurum
533 847 569 875 Dei.

128 873 185 903 Iubet
200 873 275 903 feraces
290 873 359 903 parere
374 873 455 903 telluris
470 873 530 903 ſnus,

137 900 218 928 Claudir,
230 900 314 928 recludit
332 900 397 928 viſcera
412 900 433 928 ad
445 900 511 928 nutum
538 900 577 928 Dei.

137 926 185 955 Vnus
196 926 258 955 homo
281 926 340 955 mente
357 926 417 955 ferreâ
434 926 482 955 ridet
496 926 569 955 polos,

169 949 200 981 eſſe
217 949 282 981 cenſet
302 949 401 981 maximum
429 949 486 981 rerum
511 949 537 981 Pat
551 949 602 981 rem,

136 976 149 1017 Qu
168 976 171 1017 o
215 976 259 1017 upa,
278 976 291 1017 ſt
297 976 348 1017 ipes,
370 976 462 1017 truncus,
471 976 503 1017 aut
525 976 601 1017 vnctus
617 976 639 1017 la-

165 1009 198 1031 Pis,

130 1021 193 1065 Audes
206 1021 229 1065 ad
239 1021 293 1065 iſtud
306 1021 382 1065 hiſcere
399 1021 402 1065 ô
422 1021 492 1065 vecors
509 1021 678 1065 carutl

138 1055 164 1089 En.
204 1055 208 1089 O
230 1055 266 1089 diua
310 1055 384 1089 nitrix.
