1000 1743
173 330 791 399 PROLOGUS.
251 498 936 540 er enſd alein iſt fren eboren. in jebem
250 585 882 634 iſ er ber renheit ſtetâ acnuſen; ber hat
418 550 702 588 lter, jeber eit
413 638 812 679 er ſeinen eiſt gemeibt;
14 662 869 736 ebod, er falt intlaenſtan. bn miro as taſter un-
370 718 575 751 teroruccen:
15 742 863 808 Eo bal tie cribe ſnâber tuſt, ter i; ter oſuſt ihn
423 799 584 834 beſtriccen.
17 847 861 912 aum iferaibt er ſtuth unb râfte tem ei; betrie-
398 902 625 943 riſder uſt.
17 923 863 989 eſiat, aefan3en bur vie ſotuna: ſo fit pie renheit
422 982 628 1018 aus er Oruſt.
16 1002 866 1077 r iſt ſein einer ſeiſter nidt. as !aſter mirb ihniber-
424 1062 541 1097 inoen;
16 1097 865 1153 o, ter Girenen auber erfuhret ihn nad unflen
428 1141 593 1178 Edlunen.
17 1185 866 1247 e;auâert pon em eitelnolenbmerr, baâ ſeinen ſdma-
426 1243 730 1282 den eiſt entfammt,
18 1264 865 1330 irb er ein aub pon jenem euer, baâ aus nerammten
424 1325 653 1362 unten ſtammt;
18 1345 865 1408 unb ſoner urdt unb ohne bam, entatelt er urâ
424 1403 682 1443 ſnòo erbjnten,
19 1420 865 1487 Der ele roſe uriteit im tifſen uâarun ſonart
422 1481 556 1511 unten.
