1000 1743
280 70 738 117 PHILEDONUS,
124 89 176 114 3io
124 124 988 177 Mi, mi, mitte triſtitiam. Imitare me, ha, ha, ha, &
124 168 987 212 amplectere, ut tibi af, af, afflem lætitiam. Ha, ha, ha.
457 206 597 243 PHIL.
159 240 987 287 Abſtine quæſo, & ubi ſis, qualis ſis, quis adſit, reſpice.
416 279 642 307 OENOPH.
121 307 988 356 Qui ... qui... quis ille eſt? ipſum no... no... no-
124 350 984 388 vi, ni fallor. An fallor? no... no... non fallor. Ari-
124 385 989 433 ſtohulus eſt mi... mi... mihi olim cognitus. dum is in
124 424 984 463 legum ſtudio verſaretur; ego in ſtadio Phi... Philoſo-
123 460 901 501 phico excurrerem. No... no... non tu me agnoſcis?
438 500 611 528 ARIST.
159 533 771 575 Quo te magis inſpicio, hoc minùs agnoſco.
416 573 642 608 O ENOPH.
158 605 756 645 No... no... non tu Oenophilum noſti?
438 649 613 674 ARIST.
127 675 985 722 Oenophilum certè novi, uvenem nobilem, & bene mo-
120 724 218 745 ratum.
407 755 636 784 OENOPH.
155 785 984 831 Ita be... bene moratum, hoc eſt no... non moro-
118 826 693 866 ſum.... Ille ego ſum. Ipſum me vides.
439 864 615 894 A RIST.
154 898 492 935 Ingenuum & liheralem.
409 930 637 966 OENOPH.
152 968 981 1014 Sic eſt li... li... liberalem, nec avarum. Ille ego
114 1007 437 1043 ſum, ipſum me vides.
425 1048 601 1075 ARIST.
152 1079 409 1109 Omninò ſobrium.
402 1120 630 1147 OENOPH.
148 1151 920 1186 So... ſo... ſobrium omnino, hoc eſt no... no...
113 1187 861 1229 non omnino ebrium. Ille ego ſum, ipſum me vides.
427 1227 601 1255 ARIST.
147 1259 790 1299 Nunc annos natum non amplius viginti duos.
397 1300 627 1331 OENOPH.
144 1333 916 1374 Annos na... na... natum. Quot annos? no... no...
107 1368 972 1405 non bene memini.... lta na... natum annos plus, mi-
106 1403 867 1446 nus, viginti duos... Ille ego ſum; ipſum me vides.
427 1443 624 1474 ARTST.
140 1472 970 1514 At vultus iſte marcidus, & papulis rubens hominem in-
99 1510 970 1551 dicat anno ætatis quadrageſimo, quàm vigeſimo propiorem.
888 1684 998 1719 Æ
11 1697 104 1740 t
852 1713 997 1740 i
