1000 1743
176 79 864 118 JUVENIS VOLUPTARIUS. 3II
345 131 581 159 OENOPH.
29 158 871 206 Fo... fo... fortaſſe quidem. Sed mi... mi... mi-
14 201 898 245 rari deſine. Brevi tempore multùm vixi. Qui, qui, qui
15 242 866 282 enim multum bibit, multum vivit. Qui... quid vultum
15 279 865 318 avertis, Philedone? no... no... non tu ita ſentis, &
10 312 680 362 doces? lo... loquere igitur. Quid pudet?
391 354 531 398 PHIL.
17 386 293 428 Me pudet tui.
352 427 580 453 OENOPH.
98 461 868 498 Ne, ne, ne pudeat fateri. Et tu mecum ſentis, Ari-
16 489 679 546 ſtobule... Bi... bi... hibere vivere eſt.
377 538 551 565 ARIST.
95 572 866 610 Vitam ego in ſapientiâ poſitam puto: & is ſolus meo
17 606 637 661 judicio multum vivit, qui multum ſapit.
343 648 570 674 OENOPH.
100 680 868 722 Oh!... ſa... ſa... ſapio multùm. Atque ſi Philedo-
17 716 867 760 num excipias, qui me omni ſa... ſa... ſapore vincit,
18 755 747 804 ne... ne... nemo vinum bonum malius ſapit.
397 794 534 820 PHIL.
22 830 497 867 Omitte me quæſo, & te...
383 867 558 893 ARIST.
40 891 869 939 Novam prorſus didiciſti ſapientiam, ex quo Philoſo-
20 933 492 991 phiæ operam in ſcholis dabas.
310 973 578 1002 OENOPH.
102 1007 871 1039 No... no... novam in conviviis Phi.. Phi... Phi.
19 1036 869 1082 loſophiam docuit me Philedonus, vo... voluptatis magi-
19 1081 517 1128 ſter ſa... ſa... ſapientiſſumnus.
402 1121 542 1147 PHIL.
23 1146 416 1197 Non tu de me ſilebis?
353 1192 584 1219 OENOPH.
26 1223 873 1259 Ve... ve... veteris tamen Phi... Phi... Philoſo-
20 1258 873 1304 phiæ aliquid retineo... & admitto horrorem à va... va-
20 1301 629 1344 cuo. Ego nunquam ſum va... vacuus.
388 1338 559 1364 A RIST.
23 1361 652 1411 Multum vacuus eſt, qui ſic plcuus eſt.
362 1408 589 1436 OENOPH.
105 1434 876 1478 Va... va... vacuus, plenus. Quo, quo, quomodo
22 1474 877 1516 dicis? qui... qui vacuus eſt, plenus eſt... hic diſtin-
22 1515 879 1568 guendum eſt... Di... diſtinguo. Qui, qui vacuus...
652 1552 717 1584 U
1 1685 130 1740 t
149 1711 260 1735 Yt
813 1710 904 1735 aa!aa-
851 1718 997 1740 i
