1000 1743
299 81 732 118 PHILEDONUS,
112 82 227 116 3i6
395 136 629 163 OENOPH.
145 167 920 211 Oh! pa... pa... palatum in eâ re uſu erudivi plu...
49 205 987 253 plurimo. Audio interdum in Amphitheatro, qui... qui
108 242 920 285 audito poèmate tragico vel comico, dicant hoc So... So...
105 278 986 326 Sophoclæum eſt... Iſtud Eu... Euripidæum eſt. Illud
107 315 918 349 Plau... Plautinum eſt. Hoc Te... Terentianum eſt...
105 352 985 394 Ego guſtato vino ſtatim dico, hoc Be... Belnenſe eſt.
105 388 985 436 Iſtud Au... Auvillæum eſt. Illud ſi... ſi... Sillerarium
105 424 979 464 eſt... Hæc doctrina po... po.. potior eſt: hæc do..-
106 461 532 501 doctrina mea eſt. Ha, ha, ha.
539 510 866 535 VÆ 4 V
338 516 539 533 &Æ VH
103 514 984 558 æ XX
291 559 390 578 T
224 560 788 596 SCENA XVIII.
126 609 883 641 2ECHEDIPNUS, OENOPHILUS.
389 663 595 687 2RECH.
103 730 335 763 ſilium venit.
100 698 910 737 TIBINAM Chorœbus? nondum ille ad habendum con-
390 775 619 803 OENOPH.
119 808 907 850 No... no... nondum. Eſt ille ut ju... juniores qui-
96 843 904 882 piam in Provincià noſtrâ ve... ve... velociſſimus ad con-
95 880 927 925 vivium; ad conſilium tardiſſimus. Auditur cantus ex poſt-
89 916 902 955 ſcenio, Oenopb numeros repetit, la, la, la. Auſculta, Tre.
93 952 802 993 chedipne. En tibi adeſt noſter Cho... Chorœbus.
202 1009 403 1027 & V â& &
491 1016 883 1033 ÆV& V
92 1009 897 1048 ! æx
233 1055 755 1096 SCENA XI.
128 1106 864 1148 CHOROEBUS, TRECHEDIPNUS,
298 1146 695 1177 OENOPHILUS.
211 1196 775 1238 CHOR. ingreditur numeros modulans.
88 1235 276 1268 TA, la, la.
258 1275 729 1313 OENOPH Chorœbum imitans.
123 1310 893 1350 La, la, la. Accede igitur Cho... Chorœbe. Et iſthic
85 1344 891 1390 ſede. Tu... tu illic, Trechedipne. Ego hic, hic ſedeo.
85 1381 890 1418 Nam ut ad bi... bibendum, ſic ad conſulendum ſe...
84 1416 890 1462 ſedere commodius eſt. Rem pro... pro... proponite,
83 1451 697 1498 & conſulite. Ego ſu... ſuffragia colligam.
376 1496 584 1531 TRECH.
86 1524 643 1563 Res hercle magna in couſilium venit.
887 1684 997 1718 Æ
157 1712 260 1732 è
850 1715 997 1740 i
