1000 1743
231 78 727 111 PHILEDONUS,
112 84 162 114 3I8
417 129 604 155 TRECH.
146 164 917 202 Itaque de revocando ad voluptatem ægro Philedoni ani-
109 203 480 231 mo deliberandum non eſt.
445 240 598 266 CHOR.
142 277 309 312 Neutiquam.
398 313 624 340 OENOPH.
141 351 373 384 Mi... minimè.
413 386 601 413 TRECH.
142 422 916 463 Tota igitur de ſanandi ejus animi ratione & modo de-
106 460 286 488 liberatio eſt.
399 497 628 523 OENOPH.
140 526 987 573 De... deliberatio facilis eſt. Bi... bibat, bibat. Hæc
106 569 870 607 ægrotantis animi me... me... medicia optima eſt.
415 612 604 632 1RECH.
138 638 986 679 Bibat, hoc eſt in convivio, cum amicis; ubi animum
102 678 911 715 paſcat omnibus menſæ deliciis; ne ipſum mordeant ſoli-
103 716 910 751 citudines, quæ animis jejunis plerumque adhæreſcunt.
102 752 662 793 Ita, credo, tuum illud bibat intelligis.
391 789 613 822 OENOPH.
123 823 982 864 Bi... bibat in convivio; bi... bibat ante convivium;
100 861 908 895 bi... bibat poſt convivium; quo... quotiescunque ani-
28 892 983 935 mum cura re... re ... remordebit, bi... bibat. Sic
99 934 419 971 intelligo, ſic facio.
411 971 565 1000 CHOR.
134 1005 979 1042 Remedium mulcendis curis uterque offertis eximium;
99 1042 979 1078 ſed non eximendis ſcrupulis efficax. Adhibeantur oportet
98 1079 904 1115 mollia Theatri ſpectacula, ubi animus erudiatur ad volup-
97 1115 903 1153 tatem, deponat veterem pueritiæ diſciplinam, novâ inſti.
95 1151 902 1187 tuatur morum doctrinâ,. ipſisque Deorum & heroum con-
94 1187 977 1224 firmetur exemplis; & ad omnem exuendam formidinem
94 1223 830 1261 ac verecundiam excitetur. Quid cenſes, Oenophile?
260 1262 734 1296 OENOPH. dormitare incipiens.
129 1297 797 1332 Be... be... bene. To... toto capite annuo.
403 1333 590 1361 TRECH.
128 1368 902 1405 Ipſa convivia ſi liberiora ſint (ut ſunt vulgò apud Mu-
92 1404 898 1439 venes) ſatis, mihi crede, animos omni ſolvunt formidi-
91 1438 976 1476 ne; & importunam expellunt verecundiam; dum corda
91 1476 897 1513 ſolvente lætitiâ de Moribus, de Doctrinis, de Religioni-
91 1513 897 1548 bus, habetur ſermo & fertur ſententia, voluptate magi-
89 1546 733 1583 ſtrâ & judice. Ouid tibi videtur, Oenophile?
850 1715 997 1740 i
