1000 1743
191 68 889 124 JUVENIS VOLUPTARIUS. II
322 118 633 154 OENOPH. ſtertit.
115 157 231 185 Hon...
384 194 576 231 TRECH.
116 228 302 258 Hem dormis.
370 267 600 304 OENOPH.
117 302 888 337 Do... dormire me neſciebam. Re... recte mones.
16 332 886 373 Nam in hoc Conſeſſu bi... bibere fas eſt; do... dormi-
16 374 647 413 re eſt nefas. Qui... quid aicbas autem?
378 414 587 451 TRECH.
115 449 889 487 Aiebam & aio doctrinam voluptariam ſatis commodè,
16 484 888 525 imò commodiùs hauriri in conviviis, quàm in Theatris,
17 522 538 565 propinante Baccho lætitiæ patre.
405 562 558 590 CHOR.
113 593 893 639 At ego illam contendo multò certiùs percipi in Thes,
18 629 888 674 tris, dum ab auribus & oculis in ipſum pervadit animum,
18 664 812 710 lenocinante cantu vel geſtu, & toto ſcenæ apparatu.
371 708 598 736 OENOPH.
115 738 887 777 No... no... nolite contendere. Illa & in theatris
19 772 886 818 certò, & in conviviis citò per... per... percipitur. Il-
20 812 885 852 lam in utrisque gu... guſtavi, & combibi. Multa me
20 849 885 894 mo... magiſtri de moribus do... docuerant in collegio:
20 880 887 923 & do... documenta ſua in animo meo diu hæſura cre...
21 923 885 969 cre... crediderant, homines ſtultè cre... creduli. Vix
21 957 885 995 ad theatra pu... publica acceſſi: vix ad convivia li...
19 993 884 1035 liberiora me contuli, cùm illam pue... puerilem morum
19 1030 886 1076 diſciplinam dedidici; & omnem abjeci formidinem ac
19 1066 884 1109 ve... ve... verecundiam. Bi... hibat itaque Philedo-
19 1101 884 1140 nus in conviviis; & in The... Theatris ſedeat. Bi...
20 1134 664 1180 bibat, & ſpectet; ſpectet & bi... bibat.
404 1181 557 1210 CHOR.
115 1212 825 1255 Neque Choræas ad ſpectacula negbitis adjiciendas.
389 1252 570 1281 TRECH.
118 1277 429 1316 Poſt cœnam videlicet.
403 1326 555 1354 CHOR.
113 1354 886 1402 Poſt cœnam, de nocte, ut animus totus ſit in nugis,
22 1378 426 1432 & nihil ſeverum cogitet.
367 1433 595 1462 OENOPH.
114 1463 886 1506 Sa... ſapienter Chorœbus. Nam chorœæ totum homi-
23 1491 887 1542 nem à ſe ... ſe... ſeveris cogitationibus avocant: &
1 1684 109 1741 t
852 1713 997 1740 ii
