571 959
228 22 408 50 (0 I3
117 53 532 83 Quid cogitri lætius poſſi Stapb. Tib;
115 80 499 107 Forſun videri viglliæ hæ lætæ qucunt,
116 104 520 132 Quaudo otioſus per diem totam ſedens
115 129 517 157 De nocte faclle currere plateas potes,
114 154 538 181 Ego ſeryulus, qui curro per totam diem.
90 174 549 202 De nocde melim Stertere in ſecto. Flor. ſilel
114 204 547 233 Attendel uuoquid audis Stapb. à longe
139 231 195 249 audlo
98 254 547 282 Aiquid moveri. For. Iſui Orphei non te
103 281 226 299 movent?
89 303 544 331 Staph. Non ſum lapbs, nec τuncus; hos enim
129 330 225 356 Orpheus
113 355 542 381 Moviſſe fertur. Flor. At ego jam vixdum
137 387 186 406 queo
112 400 460 425 Me ſuſtinere. Per feneſtras è domo
112 428 533 459 In publicas deſilis plateas. Stapb. deſili,
112 454 540 481 Ego non ſequar. BIor. ſie reculabis ſequi,
111 480 567 506 Saltem cave, ne euipiam prodas, omo
113 504 517 527 Hae nocte me avoleſſe. Prtæſertim uitil
95 528 539 557 Moderator exte reſciat. Stopb Dudum mea
79 555 469 581 In te fides notiſſims eſt tbi. Sæpius
113 579 568 607 Equidem ſolet πoderator ex me plurima
113 605 532 631 De te, tulsque moribus perquiere,
113 629 445 656 Extollo ſemper laudibus miris tua
112 654 453 681 Fata mnis, etſi ſæpe eonſcientls
112 679 497 706 Reclamet. Ati quidpiam factum male,
111 699 566 735 Ti Imputatur, pernego id factum, niſi
111 729 566 759 Aliunde rem jam proditam, & notam ſcio.
112 755 568 782 Quin imo, nee tune deſero cauſam tuam;
111 779 532 807 Sed fingo, quidquid ſuggerit mibi cerehrum,
111 804 516 831 It ſquid à te perperam factum, elevem.
88 833 564 865 For. Parem igltur iſthac nocte præſtabis fidemt
87 858 563 894 Stapb. Præſtabo. Certs eſto. Sed num ſerio
495 890 563 921 Aus]
