568 959
152 25 332 57 (0 I
446 32 471 53 45
34 58 425 89 Alea ex feneſtra deſiliro in publleam
1 84 472 110 Paras plateam t Flos. adeóne me ſtupidum
62 115 126 134 putas,
1 124 470 160 It erura vellem frangere, & collum, &
65 161 176 184 caput?
1 174 470 210 Non per feneſtras utique, ſed ſores doτus
4 208 471 235 Exibo. Stapb Sed jam arctiſſime occluſit fores
36 234 446 260 Moderator, hes, ni ſpiritus ſis, neutiquam
1 259 469 284 Tranſire poteris. Flor. ClauſeritCato fores,
38 283 469 310 Erit alius, qui pendet. Stopb. & qulsobſcero.
1 308 469 335 Flor. Tibi.unctu facilis pondo, quis fidumſcio,
39 334 347 360 Et Indigebo forſitan opera toa.
1 359 421 381 Natalis hodie eſt, aut ſacer ſaltem dies
19 382 468 413 Hypocratis. Stapb. & quis Dominus Hypo.
20 408 244 430 crates. Flor, olit
1 426 465 462 Illum facultas τediea tanquam Principem.
1 457 468 486 Staph. Credo, quid ide Rlor. Principis ſo-
67 484 166 503 ſtum diem
1 499 543 539 Quicunque noſtrola urbe Medcinæ ſtudent,
1 533 376 559 Celebrare læti geſtiunt & Muſicos
43 557 466 584 Ducent per urbis compita & plateas choros.
1 581 465 610 Stap. Credo, quid inde Flor. iungit his ſe-
1 613 182 638 2 met quoque
43 633 424 659 Antonius, quia & ſpſa Medicln ſtudet.
20 657 466 683 Stapb. Credo, quid inde Flor. hoe ie:
68 685 265 709 nempe lſte Dominns
1 707 389 737 Aotonius me pariter ad lætiſſimτò
3 732 490 763 Hac nocte eonventiculum ſeeum truhet.
1 760 490 788 Stopb. Quld cogitasè putasne Domlui Aca-
69 789 130 807 demicl
1 811 468 839 Te Gyτnaſiſtam, &, ut vocant, puerum ſuo
46 837 467 865 Paueutur in nſortio t Flor. cur nont licet
2 851 442 889 Sim gyaſiſta, ſum tamen prænobilis,
420 889 485 913 Plu-
