568 955
213 21 396 48 (0
97 56 473 83 Sed evoeait, neſcio quis, Aτtonum
96 83 502 107 Domuixqne redeat, mouit, ut negotium
95 107 562 141 Non differendum abſolvat. Et ſane audil
66 133 485 156 Initus hoc, nam læta nox inter joros
94 152 563 182 Meros fuiſſet acta. Bere Florino quoque
95 182 439 207 Nox Iæts fluxit in plateis publicis.
69 209 563 238 Doryl. Ergo in plateam publican exivit lte-
94 262 483 286 Florinus haud deterritus ſpectri metu?
68 287 490 307 FIo. Icinam forem detertitus inani licet
92 312 457 337 Terrore ſpectri: quàm ſalutaris mihi
91 337 518 362 Timor hic fuiſſetI- improbe nimium puer
91 362 481 387 Cur prodidiſti, quem ſalutarem dolum
91 387 517 413 Inſtruxerat oderator Bert. Anne ergo
114 413 201 436 Staphyle
88 434 516 461 Tu prodidiſti hæe omnia Stapl. Ignoſce
112 462 191 480 Domine
88 486 491 511 Moderator, adeo invaſerat ſpetri timor
87 511 515 537 Florinum, ut ægrè traheret animam. Proxi-
86 560 416 586 Inſtare mortis credidi periculum
85 585 565 610 Hero meo, niſi edocerem, & panderem
84 609 465 635 Fuiſſe tantum pamicum ſpetri metrum.
63 635 481 660 Sic exigebat unquid in dominum ſoum
84 659 512 685 Famuli fides, pietasque Bert. pietatem&
109 686 169 704 Fidem
83 709 449 735 Remnunerahor. Pallinm eue oeyus,
84 734 459 760 Dmiſſus à famulitio, quo lnbet, abi,
83 756 564 792 Et hoc ai momento. Abi inquam, vel
109 784 157 803 foras
44 808 562 842 Ejio te v. Stepb. Ah domine modera-
109 833 272 860 torI ſτ
475 855 563 893 Per
