1000 1743
243 87 904 122 PcAMA. COMICUM. 23
363 143 547 177 PÆ.
118 170 893 213 Uno verbo fraudulenter. At ego falli poſſum, nequeo
17 210 892 263 fallere; & malim perire alterius fraude, quàm meo quis-
18 255 350 298 quam pereat dolo.
432 290 553 317 MIS.
121 321 898 365 Næ, tu iſtâ probitate tuâ dignus es, quem feciſſe miſe-
18 361 893 403 rum fortunam pœniteat; neque tanta virtus poteſt non
18 401 410 448 eſſe felix aliquando.
423 430 548 475 PE.
120 469 940 510 Si felix eſſe poſſem, jam fuiſſem. Sed virtute nullâ for-
19 490 436 556 tunæ pertinacia vincitur.
425 549 536 582 MIS.
104 582 897 623 Vincitur conſtantiâ. Multos adeò vidi, quos illa miſe-
87 619 927 656 riis diu conflictatos reſpexerit tandem & ad ima detruſos,
19 547 727 832 !-
366 695 552 726 PL.
126 730 339 760 Vidiſti multos?
439 760 558 793 MIS.
127 799 897 842 Imò plurimos, & vitaſi ſuperabit mihi, plures videho,
19 838 896 878 Hoc uſu quotidiano venit. Hoc juveni optimo heri accidit,
19 877 488 911 qui beneficio utebatur meo.
376 913 618 949 PÆ. à parte.
128 946 902 986 Oſi me fortuna iſti addat numero! ſed nolit perfida...
270 983 685 1020 MIS. abire ſe ſimulans.
127 1020 901 1063 Sentio, me tibi gravem acmoleſtum adveniſſe. Itaque..
440 1059 565 1088 PÆL.
20 975 900 1165 . a u a ꝓ- a. -
129 1093 923 1130 Mane tantiſper. A parce. Quid ſi aleam experiar vel ſe-
22 1162 900 1200 bet, neque licet. At ſi ſemel.. ſi tantùm ſemel, ne ſortu-
27 1202 602 1241 næ videar deeſſe, adeſſe illa ſi velit.
422 1241 551 1272 MIS.
135 1274 479 1312 Valere te, Pætophile...
443 1313 584 1340 PÆL.
136 1345 901 1384 Manedum, obſecro. A parte. Quàm me fortuna citò
24 1379 723 1432 pordidit, perditum recreare tam citò poteſt.
442 1422 549 1448 MIS.
138 1454 561 1494 Aliò me res vocant. Neque...
437 1494 548 1519 PÆL.
143 1522 908 1567 Reſiſte paululùm. Aparte. Si fortuna mihi faveat, ædes
664 1565 720 1597 Ba
1 1684 260 1740 t
813 1710 917 1734 aa-
871 1718 997 1740 i
