1000 1743
280 73 704 112 PÆOPHILUS,
96 76 133 103 a
448 128 581 166 PÆ.
137 156 898 205 Dole, quòd iu te fortuna poſucrit levitatis exemplum
74 192 900 234 ſuæ. Sed qui fortunæ culpâ miſer eſt, non ſuâ, hic miſe-
100 228 468 264 riæ parte levatur maximâ.
385 273 630 312 ATYCHES.
110 291 900 350 Utinam culpâ vacarem. Sed ita fortunam arguo, ipſe
98 340 404 381 me ut incuſem magis.
446 384 570 411 PÆL.
107 409 897 452 Non tu ex illis es, quos aliena felicitas ærumnis immer-
100 445 957 490 ſit maximis; qui, quòd reliquos viderint auro ditatos In-
99 482 896 537 dico, dum opes amplas, ſpes ampliures infido credunt
98 519 554 559 mari, utrasque ſimul amiſerunt?
333 563 609 602 ATYCHES.
130 593 893 641 Fortunarum equidem naufragium feci, ſed oceano pro-
95 629 895 670 cul. Neque me quæſtum faere hac decuit viâ. Eo ſum
93 671 624 710 genere natus & loco... parco dicere.
442 712 556 740 PÆL.
104 728 896 785 Hâc etiam viâ quæſtum faciunt viri nobiles haud igno-
41 768 890 818 bilem... Neque tu illos imitatus es, qui equos, canes ve-
89 811 890 854 naticos, impenſis alunt grandibus, ferasque conſectando
88 846 888 892 agris & agricolis perniciem, ſibi & rei domeſticæ labem
89 880 216 912 inferunt?
365 925 609 957 ATYCHES.
97 941 887 1001 Venatum exerceo quidem; ſed venatu cibum quæro, ne-
87 994 791 1041 que me tam eò voluptas impellit, quàm neceſſitas.
415 1038 543 1075 P Æ.
122 1066 884 1107 Neque illud tibi contigit, quod viros nobiles ruri de-
85 1103 923 1142 gentes ſæpe perdidit, qui vicinos ſi habeant juris ſui reti-
84 1137 886 1185 nentes plus æquo, vel alieni appetentes, jurgantur verbis,
83 1177 882 1220 rem agunt lite vecl ferro, alterutro pereunt, & vel pro-
81 1205 880 1254 fundunt vitam miſerè, vel patrimonia in forum nunquam
58 1244 440 1279 reditura ſtultè conferunt?
358 1289 614 1327 ATYCHES.
117 1318 877 1360 Cum vicinis maxima mihi ſemper fuit concordia: unus
77 1353 874 1397 ipſe mihi infenſus fui. Unus me perdidi. Et quoniam mea
78 1392 441 1424 exoptas ſcire infortunia...
423 1434 534 1462 PÆ.
82 1461 873 1507 Da. quæſo, veniam. Imprudens forſitan ego fui nimium
75 1496 873 1543 inquirendo. Sed alienos caſus audire hoc vulgò magis
72 1536 526 1578 mamus, quò miſeramur magis.
1 1696 120 1741 t
813 1710 907 1734 aat
871 1717 997 1740 i
