1000 1743
319 80 758 125 PÆOPHILUS,
122 80 216 113 S2
131 127 997 170 recreatus optimâ: quoscunque offert mihi fortuna obviosi
131 165 992 208 notis, ignotis oſſicia commemoro tua. De te, de Pæophi-
130 196 997 242 lo, quæ ſentit animus, lingua profitetur palam. De te mihi
130 239 997 280 aſſentiunt omnes; de illo quoque. Sed illud audio tamen,
130 275 997 315 ipſum damnoſæ deditum aleæ. Me quondam aleâ perdi-
125 312 996 350 tum memini: illudſtatim cogito. Quid ſi filius cum aleato-
129 346 997 389 re aleam multò, quàm militiam addiſcat magis? Id timui,
129 385 997 424 fateor, & timeo. Timori ignoſce. Nimio damno timere di-
126 417 995 465 dici. Sentio, dum illam, quam offers, opem fugio, ſpem
130 457 997 499 mihi omnem perire funditus. Sed malo ſperare nihil, quàm
126 494 991 531 flio omnia metuere. Illum itaque rus mecum invitus invi-
89 527 996 572 tum retraho. Superos, quos mihi jure iratos video, tibi us-
128 567 807 609 que propitios precor. Vicem meam dole & vale.
402 606 615 641 CHRYS.
166 634 995 679 Aryches, reſiſte. Corde quos recipis metus, haud equi-
123 675 995 719 dem improbo. Laudo magis. Sed quam in me ſpem habui-
117 713 627 760 ſti poſitam, ne abiicias Ubi natus?
386 751 650 788 ATYCHES.
151 783 662 823 Illic ſtat in angulo, & lucem fugit.
402 820 618 855 CHRYS.
164 855 440 899 Quin jubes ingredi?
403 893 651 922 ATYCHES.
161 927 605 970 Illum pudor retinet, & dolor.
425 968 667 1005 CHRYS.
167 1006 436 1044 Ne pudeat, veniat.
402 1040 679 1076 ATYCHES.
152 1075 734 1120 Perditum luctu, madidum fletu videbis.
439 1111 619 1142 CHRYS.
119 1145 479 1184 Vel ſie vidiſſe juverit.
382 1185 679 1222 ATYCHES.
154 1211 989 1268 Succede, Philocles, te patre ipſo melior patronus jubet
113 1264 222 1305 ſubire.
124 1294 989 1343 ,,a,,a,,
285 1347 759 1397 SCEN AVHI.
580 1387 737 1406 Um
192 1390 845 1433 PHILOCLES,IICHES,
238 1427 799 1465 CHRYSORIUS,CLEOBULUS.
435 1473 667 1503 CHRYS.
124 1501 986 1546 OPRIEhos fetus, infelix adoleſcens, ieliore di-
74 1541 346 1586 gnus ſorte.
9 1701 121 1741 aæ
