1000 1743
226 87 720 120 DR.AMA. COMICUM.
838 94 878 128 Sy
10 138 871 179 Mordet petaſum, obviamqu in ſedem ruens hæret meditans
10 174 869 214 aliquantutùmm. Fortuna mendax! ſic me ineſcabas lucro ,ut
10 212 866 250 me graviore damno mox poſſumdares. urgit. Fortunam
11 247 869 287 accuſas? Ipſe te accuſa perſide! Mentoties ejuratæ rurſum
11 284 868 323 dediſſe pecuniam aleæ: Decuſſatis hracbiis, oculos in ter-
11 322 868 358 ram demittit, Sic fallere auſum juratam patruo fidem! at
11 357 869 397 ccrtè, mutans ſitum corporis cùm vehementi animi perturbo-
11 393 871 431 tione, beneficiis ejus parceres; & illa retineres melſùs!
11 428 869 472 Perjura lingua! ſcelerata dextera? infandum caput! Reci.
11 467 869 506 dit in cathedram, && obliquo ſedens corpore, manu caput fu-
12 503 870 549 ſtinet ac vultum obtegit. Perdidi omnia. Vultum convertit
12 541 868 579 ad ſpectatores, attollens in cœlum oculos: Et vivo! uvat, ju-
12 577 869 615 vat parieti illidere inſanum caput. Frendens ac furens ca-
13 613 869 656 put petaſo obvolvens irrumpit in cathedram, qu tectus Par-
13 651 249 682 meno latebat.
13 682 870 729 PAR. caput erigens, d brachia ſupra cathedram protendens.
108 723 452 753 Here, cave tibi & mihi.
181 756 786 796 PÆ cathedram furioſo impetu amouens.
108 794 870 830 Quid hic latitas, ſceleſte? Tne clauſiſti fores? Tun
12 828 533 868 me meâ excluſum voluiſti domo?
290 871 660 911 PAR. Hremens.
110 906 227 940 lgnoſee.
419 942 532 967 PÆ .
86 976 872 1014 Ignoſco, dum mihi reddas, quod tibi argentum dedi,
416 1015 530 1046 PAR.
110 1049 197 1080 Parce.
418 1085 527 1113 PÆ.
110 1121 490 1156 Parco, inquam, ſed redde.
418 1159 528 1188 PAR.
114 1191 493 1228 Id parce repetere, quod...
406 1231 517 1259 PÆÆ.
114 1263 725 1300 Pro centum nummis mille pòſt reddam tibl.
425 1303 537 1330 PAR.
112 1335 300 1369 Non poſſum.
419 1374 529 1402 PAL.
112 1405 873 1447 Non dabis, furcifer? per ſuperos ego te... Collum ſervi
18 1439 244 1481 apprehandit.
425 1481 536 1510 PAR.
115 1514 537 1552 Ahy! Ahy! Me ſtrangulas.
645 1555 701 1589 E3
1 1690 109 1741 t-
118 1711 264 1735 r
814 1701 982 1739 Æ
