763 1265
564 23 683 51 165
70 70 681 104 FLAVIÆ TRAGOEDIÆ
144 119 547 144 A R G VM E NT V .
109 170 678 211 Pollonius Tyaneus, flagitioſus
107 204 677 243 L Magus potius, quam doctus
103 233 676 282 Philoſophus, idemq́ue veritatis
105 268 674 303 inimiciſſimus, & Chriſtiani no-
12 299 673 337 miuis hoſtis acerrimus, T. Elavio Veſpa-
1 329 671 365 ſiano Principe, qui de Solymis devictis
60 361 674 401 triumphaverat, adeo multorum animos
66 394 602 428 magicis præſtigiis occupaverat, ut Rome,
65 421 671 479 quò ſcelerum omnium, ac flagitiorums
67 453 667 490 eâ tempeſtate colluvio confluebat, illi,
1 483 668 526 ſupra modâ ſuperbiſſimè efferenti ſe ſe,
1 516 666 553 publicè dedicata ſigna fuerint, & decreta
66 547 665 583 divinitas. Hunc tamen ipſum, impuriſſi-
63 582 601 612 mum veteratorem, Flavius Domitianus,
64 594 667 680 divinitatis dementiſſimus appetitor, ſer-
64 611 597 649 T. Veſpaſiani filius, Imperator, & ipſe
62 676 664 717 vilem in modum acceptâ ad ludibrium,
1 708 664 744 ad cutem detonſo capillo, & tamquam
61 728 665 777 è cataſtâ ſtigmaticum, habitum oſtentui,!
59 773 663 809 periculum facturus divinitatis, in vincula
58 803 662 839 conjecit: an ut illius contumaciam fran-!
56 832 662 871 geret? anut ingenium malum malis im-
27 868 661 913 butum artibus exerceret? Vinculorum
1 899 656 934 ,ſocius idem fuit Apollonio, qui peregri-
54 925 658 966 nationum comes, & conſiliori particeps
53 963 660 1031 5riaeitI
55 1023 659 1098 magicis myſteriis initiatus. Multis adeâ
55 1027 595 1063 ſimo melior, Damis gyptius, & ipſe
53 1088 659 1121 diebus in carcere duriter exactis, Fulvii
496 1120 661 1158 tandem
294 1122 357 1149 L 2
