906 1274
324 19 370 43 56
320 42 899 101 tandem valentis Conſulis rogatu, qu
322 80 846 126 Tyanco multis officiis obſtrictus erat,
319 111 847 152 Domitianus Auguſtus perditiſſimis Ma-
318 143 841 185 gis è vinculis abeundi poteſtatem facit:
317 179 845 220 cum eo, Romam ut ſecundum illum
316 204 845 253 diem exirent; & exſulibus ad quingenta
316 237 842 283 millia paſſuum extra Europam aquâ &
315 268 884 309 igni interdiceret. Beneficium locum oc-
314 302 843 346 cupavit injuriæ in peſſimis ingeniis; &
313 332 904 372 vehementiùs inflammavit invidiam.
312 365 842 406 Quapropter paulo poſt, in ſpeciem officii
312 394 842 438 deductus ad Domitianum Apolloniusâ
312 425 843 473 Fulvio Conſule, ſexdecim thiopes
242 448 843 499 Ephebos, nobiles gentis illius, & hono-
241 490 842 532 ratios Principum filios, ut ipſe dicebat,re
242 517 845 560 verâ diros Lemures, diris carminibus
241 545 842 592 cvocatos, qui lymphatum Imperatorem
308 584 838 623 exagitarent, exempſiſque peſſimis perde-
241 616 842 652 rent, antequam iret exſulatum, Domitia-
307 644 840 683 no dono dedit. Eo munere delinitus Im-
305 678 838 722 petator, Apollonium occultum hoſtem,
240 705 840 746 palâm ſupplicem, in intimam familiarita-
239 742 833 782 tem recepit. Hic, in fidem odii reſtincti,
303 770 837 809 exſilii abrogata lex, veterum offenſarum
304 800 835 841 0bliterata memoria, de graviſſimis rebus
239 836 837 879 ommumicata conſilia, omnia deinceps
238 860 834 910 benevolentiæ argumenta conſecuta ſunt,
239 896 903 946 collocutiones, lacrificia, menſæ : quibus,
238 924 898 976 amici conterere ſimultates, & amicorum
207 952 898 1006 offenſiones ſolent. Et profecto fuerunt
239 988 841 1032 tiuſmodi, quibus, ſi fuiſſet humanus, ni-
239 1022 835 1064 mum hoſtis, quamvis aſperum, emollire
301 1052 838 1094 potuiſſet. At Apollonio, cujus, ob con-
241 1082 838 1123 ſuotndinem ſcelerum, omnis humanitatis
761 1125 851 1158 ſenſus
