738 1256
562 38 681 71 165
1 63 679 104 ſenſus obcalluiſſet, doloris aculeus, &5
1 94 678 179 arâem;!
67 163 673 197 diſſimulato vulneris ſenſu, tempus ulciſ-
68 196 672 233 cendi doloris expectans, modum, quo
1 227 672 261 Cſaris animâ altiùs penetraret, & regna-
62 258 667 290 tricem domum illius funditus everteret,
1 291 672 331 animo notabat. Annus erat Sæcularis
1 321 606 369 Romanis, quæ tum erat ſuperſtitio tem-
63 351 664 388 porâ illorum, ad omnia pulvinatia Deo-
64 380 665 416 um luſtralis, ac ſacer: in qut Imperator,
65 413 607 446 ad cumulâ publicæ gratuſationis, publi-
67 444 664 477 cum munus, domeſticum gaudium con-
56 474 606 508 ferebat. Cùm enim illi nulli dum eſſent
67 506 605 542 ad ſuſtinendâ Aulam ex honeſto matri-
68 538 665 573 monio liberi, duos FLvmi CtEurris pa-
67 569 665 608 truelis filios, eximiæ indolis adoleſcentes,
64 602 665 643 ad Imperium adoptabat, & abolitis vete-
69 634 664 670 rbus nominibus, Veſpaſianum alterum,
13 665 664 700 alterum Domitianum appellabat. Erat
68 698 665 732 in Flavio Clemente temperata virtus è
68 729 666 766 Cumsri ſcholâ, caq́ue morum inſtitutio,
69 760 665 794 ac modeſtia, quæ facilè molem illam Im-
67 791 665 831 perii ſuſtentare potuiſſet;, niſi, quæ for-
66 821 665 862 tumnæ bona cæteri perditè concupiſcunt, â
63 853 664 921 iâfaaeeæ
1 916 663 953 Domitiano patrucle geſſerat, abiiſſet; re-
64 948 663 984 liquum omne tempus ætatis in literis, &
63 979 663 1015 in divinarum rerum commentationibus,
63 1009 664 1047 procul ab urbanitatis periculis, in ruſti-
63 1040 664 1077 catione tranquillâ ſibi deinceps exigendi
63 1072 666 1114 putabat. Et ipſe Cusri nioribus erat
64 1105 666 1137 1mnbutus: & Chriſtianis inſtitutis, clam !
347 1136 667 1169 L 4 Impe-
