657 1265
135 240 571 273 CTVS II. SCENA I. 19s
39 269 487 299 5 5auine cadaver; fervet in venis tamen,
75 292 479 323 5O pudor, & imis oſſibus fium nefas!)
75 316 404 342 5vax libido: cordis exuſti vapor
76 337 464 365 Iâ cinere vivit. Summe pro rerum ſator
79 346 551 391 ſtiâr
36 384 448 413 20 Quid jura proſunt ſacra conſortis tori,
73 408 456 432 Si cæcus ardor mentis ex animis fidem,
71 431 487 461 Numen. pudorem, jura, pietarem fugan
70 454 448 482 Quid expiata nuper inſomtis D EI
69 476 437 501 Proſunt cruore ſæcla, ſ nullum neſas
32 502 416 527 5 Oblitn teſlus præterit? terræ quota
68 523 414 552 Ablum pars facinore delero caret?
67 545 488 570 Coluvio ſcelerum varia, populorum Huea,
69 568 450 596 Erempla per tot peſtis antiquæ fluens,
69 591 469 617 In nos redundat: ſæculo urgemur gtavi,
27 613 454 640 0 Quod te, per ipſa cdis oblatæ precos
71 635 398 663 Divina dona, lucis ærernæ ſator.
71 659 480 683 In os amoris mitte ſeptenum juhar.
71 681 449 711 Et, quos acerhæ cædis abſterſit liquor,
71 705 441 732 Ignibus honeſtis ſanctus exurat calor.
29 728 468 756 t te, tuorum terra meritorum memor.
70 751 444 776 Vereatur olim melior. irriſo Iove,
71 774 524 801 Rer CHITE Regum, patriæ mentis viger-
71 798 468 828 CHO. Piguns hentæ pacis. optatæ jubar
72 821 450 850 Geminum ſalutis. Plaviæ ſidus domma,
29 845 513 874 24 unimnen Aulæ, Cæſarum fœlix genns.
72 870 464 897 Ad reducis ecce prodit adventum patris.
70 891 535 919 VESP Nati parentem, Roma quem votis petit,
72 915 442 942 emeaſſe ſalvum mente gratamur piâ.
72 934 562 972 FL.cL Faciſè prouatis indolem notm petri:
29 960 485 990 5 Quam ſnſtinere, B flii. . Vultus taus
71 986 404 1012 Defideratms rebus in lætis. Pater.
71 1009 527 1031 FL.CL. Nihil eſe lætum conſtat in terris io.
69 1034 564 1056 VEP Sune lſa. Genitor. vera. nuæ narras: tame
72 1058 420 1084 Ad prima Romæ vota grarati ecet.
27 1074 508 1106 5 p. Commiſſa natis aula te pridem vocat.
67 1104 488 1131 vE. Te fratet, ultro regna pattitus ſuis.
68 1128 521 1149 L CL. artitus etiam cordis aſſiduos memus,
67 1150 423 1177 Curas edaces, ſortis ancipites vices.
27 1172 566 1225 ta.
492 1218 565 1241 (decus.
153 1224 297 1248 ciet ratum,
66 1213 653 1262 CI InnaR. 2nnm 0! imum vitæ
