777 1259
140 37 608 66 ACTvVS III. SCENA IV. 5
109 64 510 87 Scillcet id animum labis expertem juvat,
72 86 467 112 315 Hoc auget, & colorat, hoc verè beat.
109 109 430 134 In id redimus, liberâ elapſi fugâ,
108 133 467 156 vVbi nos honeſtæ lucis afflavit lepos.
75 154 553 180 Hæc ſumma voti nempe. Qum melli eſt piis,
52 168 480 208 Accéſſe propiâs ſontis immenſi caput!
658 167 695 198 5
12 201 436 227 30 Nec divagari languidâ arentes firi
105 224 475 250 Ad rivulorum venulas !O quàm libee,
104 247 493 274 Et quâm decet, per aſtra provectum ſui
102 271 462 297 Initia generis noſſe? ſimmulacrum Dei
102 293 526 319 Vt mo reponat priſtinam in laudem Dems,
63 315 464 342 3a25 Fomnâ refecâ!, luce reſperſum novâ.
105 338 486 363 Exin. reſumpto ſpiritn ſummi Patris,
104 360 512 385 Aauſiſſe ſpecimen indolis dignum Patre,
104 383 558 428 et:âiâe!
63 427 487 455 330 Habitare ſecum: poſſe fortuitas opes
109 449 506 475 Deſpicere vulgo: velle rationem ſequi:
107 473 560 499 Præripere fraudi ſponte materiam malæ:
106 494 466 519 Partes in omnes laudis expicitâ fide
105 517 483 544 Dividere curas: ſeq́ue non civem loci
657 520 693 555 5
60 541 474 567 335 Vnius efſe. mœnibus circumdatum
102 563 549 589 Meminiſſe mundi: quidquid humani uſpiam
103 588 477 612 Ævum ſub aſtris agitat, unius Patris
104 610 498 637 Snbolem putare. Rarus anguſtas cliens
106 634 502 660 des frequentar ſcilicet nemo interim
60 658 488 682 4 Limen ſuperbi poſtis excubitor tenet;
105 680 564 706 Non ebore thalamus, lapide non Pario domus
105 704 492 730 Inopis refulget divitis, Sed non timet.
106 726 540 750 Sed non timetur cultor, & Superum, & ſui:
106 750 495 775 Sed tuta pax concelebrat exiguos lares,
60 772 471 798 4 Rebuſque parvis vera præſtatur fides,
73 795 490 822 Niſi conſtruuntur regio ſumptu dapes;
103 820 497 845 Si non tributa gaentium abdomen vorat,
102 842 479 868 Nec claſe juſa pretia piſcatur maris:
103 864 490 889 Si non palatum Iesbii irritant ſcyphi,
56 886 503 914 M0 Nec Chia fumant gemmeo in carheſo:
103 910 520 937 Si nec Lacænæ purpuræ ſplendent domi:
106 933 482 960 Si nulla, ſericum redorditus globum.
104 955 517 982 Stamina Lacanis doctior vermis trahit:
106 980 450 1007 Si nullus ultra Bactrios fines ager
60 1002 509 1026 55 Colitur: nec uod Nilus æſtivâ tumens
104 1025 441 1052 Irrigua latè culta ſeriliter lavit:
103 1046 505 1075 At caſtus animus regnat in caſtâ domo,
104 1069 484 1097 Erire velox oprimi ad nurum Patris:
104 1093 458 1116 Secura nullos aæſtimat caſus quies:
57 1116 497 1144 0 Longè rumultus xulant, rixæ tacent:
100 1137 502 1163 Cuſtos decoris corda ſubmittit timor:
561 1147 670 1179 ramn-
383 1159 429 1181 D3
