671 1274
99 69 551 97 210 VLAVIÆ TRAGOEDIÆ
136 94 626 120 PRÆF. In ſummo cuſtos Tarpejæ Manlius arcis.
139 116 539 143 Sic vigilata tegat Capitolia clara, canori
106 138 529 165 40 Aoſetis excitus cantu: Sic noctis opact
139 161 584 185 Hunere defenſus, per dumos bina coruſcans
139 184 562 213 Geſa mann ſugiat defensâ Gallus ab Vrbe.
93 210 579 247 1L. Age, militarem Feſta Iuventus,
96 240 636 274 Induta frondem, Reg, ab . Reg. in .
96 273 567 305 Om. cu.bo. Om.rransf. Strenua pubei
95 306 531 335 Ter cane mecum, Pæan, pan.
141 332 640 365 PRÆF. Conjuge eum caſtâ ſic caſta Vemria mas
144 356 507 384 Leniat hoſtiles in naro molliter iras:
100 379 569 407 45 Holliter in Cives, in natum ſortiter audax,
140 402 548 427 Ille ferox fetu victus, victorne ſuperbæ.
140 425 604 453 Reſtituat pacriæ, quam poerdidit ipſe, ſalutm.
95 449 641 487 2i. Capur impedita Om.cu.bo. Om. transf.
374 483 583 511 Terrane mecum,
96 485 249 516 Feſta decori
95 512 584 549 Turba corymbi, Martia pubes,
96 546 524 579 eg. ab .eg. in. Pan, pæan.
103 573 643 600 PRF. Sic exſul potior, quam ci is, & re receppo
140 594 606 619 Hoſtibus & fuſis in tempore, lapſa Camillus
107 616 538 646 50 Mrnis conſtituat, nec Vejos ire laboret.
140 638 589 668 Sed Patriæ cuſtos, ſed Romulus audiat alter,
139 661 601 690 Conſul & in placidâ cmponmt pace ſenectam.
94 686 638 723 IL. Ctherea pubes Om.cu o. Om.tranf.
375 718 576 744 Ter cane mecum
87 724 250 755 Age, Latoi,
377 751 566 783 Feſta Iuventus,
92 754 291 788 Innexa foliis,
93 786 525 815 Feg. ab . Reg. i . Paan, pæan.
99 813 608 841 PRÆF. Ruſlioa bellatot ſc Cincinnatus aratra
135 836 627 863 Linquat, ad Imperii ſaſces, trabeamque vocatus:
103 859 612 887 55 Quaque mann ſtivam ectebat, torqueat haſtam.
137 883 518 910 Pauperie dives ſpreto ſc ſortis in auro
135 904 588 932 Fabritius Pyrrhum mentis ſplendore laceſſat.
92 925 642 966 1L. ge, Phæbei Om. cu. bo. Om.transſ-
93 961 583 994 VVmbrata comis, Fer cane mecum-
94 995 570 1030 Dardana proles, Feſt lu ventus,
96 1027 529 1059 Reg.ab . Reg. inA. Ian. pan.
103 1051 642 1081 PRÆF. Sic fe, Coſe ſerox, ſc te. Serrane curules
140 1077 573 1102 Accipiant iterum: ſie Punica bella retardet
106 1101 542 1125 o0 Vnus, qui nobis cunctando reſtituit rem.
141 1122 530 1144 Claudia ſic virtus, ſic duro vivida bello
141 1147 572 1173 Dextera Marcelli P norum conterat arma.
1 1169 576 1215 i!. g. Lutoi Nexa Conym bis,
504 1197 657 1224 Dare
15 1248 112 1272 Il
