692 1268
19 38 534 76 52i PLAVI TRAGOEDIÆ
128 68 689 113 NVNC. Iuvenâ gement miſeret: heu mœſtſ gregâ!
17 85 486 116 40 Vix imperare fortiter lacrymis oueo.
127 114 533 141 Quo reliqua ſenſu puberes miſeri audiant,
126 135 624 164 Si prima tactum vulnera ad primum pavenr?
125 161 559 189 Nondum, decorâ chlamyde diſciſsl, grarem
125 183 552 207 Virum per amplas porticus raptum audiite
21 201 532 232 05 Non lacera flagris terga, non ferro pedes,
122 229 514 251 Manicis onuſtas audiit nondum manus:
95 252 552 279 Non tunſa palmis ora: non raptam comam:
112 274 495 301 Vibice nondum membra liventi nigra.
121 297 488 324 At quæ dolenter cæteri merirâ fleant,
20 266 495 372 tetteæeææ
118 367 516 392 Nubem ſerenat, mortis & ſuernit iinas.
118 391 614 420 CHO. Quæ ſors duorum Cæſari clauſa eſt patre?
118 414 613 443 NVNC. Ambigua: ſed quæ verget in melius, puto-
23 436 469 501 5 Patruele clauſo. ſede diversâ furens
117 459 540 487 Ad facinus aliud patruus. accingit manus.
116 483 482 510 Aggreſſus anrè voce blandiloquâ duos
116 505 508 532 Tentat, paternæ mentis hæredes. Duces,
73 527 609 555 Excutere CHRISTV penitus ex animo, ut velint.
25 543 608 581 420 CHO. Ad hæc quid illiNvNC. Patris exemplo ca-
114 575 609 601 Magis, magiſq́ue: ſeq́ue per ſpretas opes (lene
26 582 470 623 !. Irritat ardor. mortis, & vitæ poteus.
27 621 445 659 !Adulia virtus indole ipvicti patris,
112 643 486 668 In genere promit landis invictæ decus.
27 659 592 692 ! 45 CHO. Et patruus æquo ſpectat hæc animo ferox?
28 689 578 715 35 NVNC Nondum procellis ſtridet iratum mare:
31 711 490 738 4 Sed intumeſcit: interim Iuvenum tegit
31 730 502 759 !Naufragia. Non eſt mitis iraram tumor.
110 757 533 781 Cum ſe per ipſas ſcelera diſſimulant moras.
30 761 514 834 taereieſai
107 827 508 852 Sed ipſe prodit. Horreo aſpectum trucem
107 851 507 877 Iam nunc minantis: illa me nubes movet
57 871 569 907 Impoſita frontie hinc eſte vos Iuvenes, prooul.
390 905 522 928 V
162 913 541 939 SCENA SÆ 2 A.
103 950 600 991 Imperator Nepotes fruſtra avocare à Dei
124 987 614 1016 cultu conatus extrema iis minatur,
135 1018 598 1053 Tyaneus omni in . Ioannem divertit.
20 1030 597 1080 PERAToR. vESPS. ET DoIT. CAÆ.
188 1080 504 1103 SARES. TYANEVS. MVSTA.
1 1086 571 1130 !4s IMP Tatuite tandem; natris, an patrui genns
148 1122 595 1152 Malitis eſe. vEP, Patris.& patrui ſimul.
36 1133 552 1177 ISi modo licebit. IMP. Hoſtis eſt patruo pater.
535 1175 596 1195 Nun
2 1173 63 1203 1.-
2 1197 41 1233 l
1 1226 51 1263 n.
