<PcGts xmlns="http://schema.primaresearch.org/PAGE/gts/pagecontent/2019-07-15" xmlns:xsi="http://www.w3.org/2001/XMLSchema-instance" xsi:schemaLocation="http://schema.primaresearch.org/PAGE/gts/pagecontent/2019-07-15 http://schema.primaresearch.org/PAGE/gts/pagecontent/2019-07-15/pagecontent.xsd"><Metadata><Creator>User123</Creator><Created>2022-01-24T17:19:38</Created><LastChange>2022-01-24T17:19:38</LastChange></Metadata><Page imageFilename="0269.png" imageHeight="1366" imageWidth="932"><TextRegion id="r0" type="paragraph" orientation="-0.75"><Coords points="1,1 930,1 930,1364 1,1364"/><TextLine id="r0_l001"><Coords points="183,96 183,127 623,133 623,102 183,96"/><TextEquiv index="1"><Unicode>ACrVS vV. SCENA VI. 69</Unicode></TextEquiv></TextLine><TextLine id="r0_l002"><Coords points="88,141 91,153 91,152 192,153 193,153 193,152 193,151 587,157 588,156 589,156 591,154 618,154 619,153 620,153 621,152 621,150 622,150 622,147 620,144 615,144 614,143 614,140 613,139 612,139 611,138 558,137 557,136 515,136 511,132 90,126 89,126 89,121 89,120 76,120 75,120 75,122 78,125 87,125 87,126 87,140 88,141"/><TextEquiv index="1"><Unicode>Numquam licebit. VESP Hoſtis eſt noſter quoque,</Unicode></TextEquiv></TextLine><TextLine id="r0_l003"><Coords points="175,176 176,176 176,170 176,169 215,170 216,171 217,170 226,170 238,170 239,171 288,172 289,172 289,175 289,176 290,176 291,177 292,177 293,176 293,171 342,171 343,172 353,172 354,172 387,172 388,172 388,176 388,177 391,177 392,176 392,171 417,171 418,172 425,172 426,171 472,172 473,173 473,174 475,174 477,173 477,171 476,170 476,169 474,167 468,167 468,166 468,155 467,155 452,155 451,154 450,155 422,154 421,155 409,155 409,156 409,160 408,160 396,160 395,161 374,161 374,160 374,155 373,155 369,155 367,157 366,157 365,158 365,160 364,161 334,160 334,156 333,155 330,155 330,156 330,160 329,160 282,160 281,159 280,160 277,159 276,160 229,160 229,159 229,155 227,154 226,154 225,155 225,159 224,160 195,159 195,154 194,153 180,153 180,154 180,158 179,158 143,158 143,157 143,153 142,153 130,153 127,156 127,164 126,165 127,166 127,167 128,169 134,169 135,168 159,168 160,168 160,173 160,174 162,174 163,173 163,169 174,169 175,170 175,176"/><TextEquiv index="1"><Unicode>Si quid minatur patriæ. ſi quid tibi.</Unicode></TextEquiv></TextLine><TextLine id="r0_l004"><Coords points="143,197 144,198 144,197 144,192 145,192 201,193 201,197 202,198 204,198 204,197 204,193 205,193 244,193 245,194 273,194 274,195 276,195 276,194 277,193 307,194 308,195 346,195 347,194 418,195 419,194 434,195 435,194 475,194 476,195 491,195 492,194 505,194 506,193 536,194 536,197 537,198 539,198 540,197 541,197 542,195 542,190 540,188 535,188 534,187 535,183 533,181 533,178 531,177 530,177 529,176 528,177 508,177 507,178 502,177 501,178 477,178 476,177 434,177 434,178 431,181 431,182 430,183 430,184 429,184 404,184 404,180 402,178 400,178 400,179 400,183 399,183 368,183 368,182 368,181 366,180 365,180 364,179 360,179 359,178 357,178 356,179 355,179 354,180 267,178 266,177 265,177 264,179 264,182 263,182 257,182 256,183 231,183 230,182 204,182 203,181 202,182 176,181 176,177 174,175 173,175 173,176 173,180 172,180 142,180 138,176 136,176 135,175 129,175 128,176 128,178 127,179 90,178 90,179 90,180 88,182 88,183 86,184 86,185 85,185 85,186 84,187 84,189 85,190 86,190 87,191 89,191 89,192 89,196 90,196 106,196 107,195 107,191 108,190 143,191 143,197"/><TextEquiv index="1"><Unicode>440 Patriæ parenti. DOM. Patriæ ſed fi nihil,</Unicode></TextEquiv></TextLine><TextLine id="r0_l005"><Coords points="436,225 438,225 439,224 439,218 440,218 468,218 469,217 469,210 470,209 470,208 469,206 439,206 438,205 438,201 427,200 426,201 426,207 375,207 374,206 373,207 350,206 349,207 322,207 321,206 308,206 307,205 307,201 304,201 303,201 303,205 303,206 290,206 289,205 288,205 287,206 280,206 279,207 257,206 256,206 256,202 255,200 254,200 252,202 252,205 219,205 218,204 180,203 179,203 179,199 178,197 177,197 176,198 132,198 129,200 129,208 128,209 128,212 129,213 130,213 131,214 137,214 137,217 138,218 140,218 140,217 140,214 141,214 189,214 189,215 189,220 191,221 193,221 193,215 194,214 200,214 222,215 223,216 246,216 247,217 264,217 264,218 264,222 266,222 267,222 267,218 268,217 277,217 278,217 311,217 312,218 313,217 347,217 348,218 350,218 351,217 429,218 430,217 436,218 436,224 436,225"/><TextEquiv index="1"><Unicode>Si nil parenti patriæ: cur non licet</Unicode></TextEquiv></TextLine><TextLine id="r0_l006"><Coords points="456,248 459,248 460,247 463,247 465,245 466,245 467,244 467,243 468,242 468,240 525,241 526,240 526,238 559,238 560,238 559,237 526,237 526,236 526,230 529,230 530,229 530,228 529,228 528,228 528,227 528,225 527,225 525,225 525,224 524,224 521,226 394,224 393,225 211,223 211,222 136,221 135,220 132,220 131,219 129,219 127,220 127,222 128,223 128,234 129,236 164,236 165,237 194,237 195,238 229,239 230,239 230,243 230,244 233,244 234,243 234,240 455,243 456,243 456,247 456,248"/><TextEquiv index="1"><Unicode>Patrui, &amp; parentis eſt non hoſtis genus!</Unicode></TextEquiv></TextLine><TextLine id="r0_l007"><Coords points="379,271 381,271 381,270 381,264 382,264 429,264 430,264 492,264 492,265 492,269 493,269 497,269 497,264 498,263 553,264 553,265 553,268 554,268 556,268 559,265 560,254 558,252 552,252 551,251 551,250 550,249 528,249 528,248 528,247 526,246 524,246 523,247 523,251 521,253 460,252 460,251 460,248 459,248 453,248 451,246 450,247 449,247 449,251 448,252 443,252 442,253 414,252 414,248 413,247 412,247 411,249 411,253 410,253 388,253 387,254 364,254 364,253 364,247 363,247 360,247 359,248 357,248 356,249 353,248 352,249 351,249 350,251 350,252 349,252 323,252 323,249 321,247 320,248 319,248 319,249 319,252 318,252 311,252 310,253 255,252 254,251 236,251 235,250 228,250 227,248 227,247 225,246 224,246 223,245 200,244 199,245 168,245 167,244 135,244 134,243 126,243 126,257 126,258 127,258 128,259 161,259 162,260 178,260 179,261 180,261 181,260 194,260 195,259 219,260 220,261 249,261 250,262 268,262 269,263 289,264 289,267 290,268 297,268 298,266 298,264 299,264 373,265 373,266 374,267 375,267 378,264 378,270 379,271"/><TextEquiv index="1"><Unicode>IMP. Hoſtem negatis eſe, cui nullus pudot</Unicode></TextEquiv></TextLine><TextLine id="r0_l008"><Coords points="453,293 454,294 454,293 454,287 455,287 481,287 482,286 490,286 491,285 491,277 491,276 490,276 489,275 436,275 435,276 433,276 432,277 403,276 402,276 402,272 401,270 397,270 396,271 361,271 359,272 359,276 359,277 306,276 305,275 296,275 295,274 295,271 294,270 288,270 287,269 285,269 284,269 284,274 284,275 256,274 255,274 255,269 255,268 254,268 252,270 252,273 227,273 226,272 226,268 225,268 223,269 223,272 223,273 213,273 212,272 205,272 204,271 203,271 202,272 145,271 144,270 144,267 131,267 130,266 128,266 126,267 126,268 128,270 128,281 129,282 161,282 162,283 193,283 194,282 221,283 221,288 222,289 223,289 225,286 225,284 226,284 238,284 238,290 239,291 239,285 240,284 256,284 259,284 260,285 274,285 275,286 311,287 311,288 312,289 313,289 313,288 313,287 314,287 351,287 352,286 422,287 423,286 453,287 453,293"/><TextEquiv index="1"><Unicode>Nec cura juris ulla, nec Divim metus</Unicode></TextEquiv></TextLine><TextLine id="r0_l009"><Coords points="379,317 381,317 382,316 382,310 426,310 427,311 428,310 439,311 440,310 477,310 478,311 478,316 482,316 483,316 483,312 483,311 504,311 505,310 540,311 541,311 541,313 541,314 543,314 547,311 547,305 547,304 548,304 549,304 549,302 548,300 539,300 538,299 537,299 536,298 524,298 523,299 493,298 492,299 457,299 456,298 456,294 453,294 452,294 452,298 452,299 432,299 431,300 398,299 397,298 390,298 389,297 389,294 388,293 386,293 385,293 385,298 385,299 325,298 324,298 324,294 324,293 305,293 304,292 296,292 295,293 294,293 293,293 293,297 293,298 250,297 249,296 240,296 239,296 239,292 239,291 232,291 231,290 229,290 228,290 227,291 227,293 227,294 185,293 184,293 184,290 184,289 162,289 161,288 155,288 154,289 135,289 133,291 91,290 90,291 89,291 88,292 87,292 84,294 84,295 82,297 82,300 83,302 86,302 87,303 87,307 88,308 102,308 104,306 111,306 112,305 113,305 114,305 114,304 114,303 150,304 151,305 172,305 173,306 181,306 182,305 206,306 207,306 207,312 207,313 209,313 210,312 210,306 228,306 229,307 254,307 255,308 288,309 289,309 289,314 289,315 290,315 291,314 291,310 347,310 348,309 378,310 379,310 379,316 379,317"/><TextEquiv index="1"><Unicode>45 A ſcelere diro redhibet audacem impetum,</Unicode></TextEquiv></TextLine><TextLine id="r0_l010"><Coords points="395,340 397,340 398,334 398,333 416,333 417,334 418,333 428,333 429,332 465,333 466,332 466,327 467,327 470,325 470,321 468,319 467,319 466,318 462,318 462,321 461,322 434,322 433,323 382,322 382,321 382,317 381,317 379,317 379,321 378,322 363,322 362,321 343,320 343,318 341,316 337,316 336,317 335,317 335,318 335,319 334,320 334,321 333,321 307,321 306,320 292,320 292,319 292,315 291,315 282,315 279,318 279,319 278,320 248,319 247,318 240,318 240,315 238,313 207,313 207,316 206,317 193,316 192,317 143,317 143,316 143,313 142,313 128,313 127,312 126,313 126,315 127,316 127,327 127,328 162,328 163,329 163,333 165,333 166,333 166,330 166,329 184,329 185,328 232,329 233,330 267,330 268,331 332,332 333,333 352,333 353,333 394,333 395,334 394,340 395,340"/><TextEquiv index="1"><Unicode>Ne parricidas afferat fratri manus?</Unicode></TextEquiv></TextLine><TextLine id="r0_l011"><Coords points="507,363 509,363 509,362 509,356 511,355 555,355 555,356 555,362 556,362 558,362 558,356 559,355 573,355 573,350 575,348 575,346 574,344 559,344 558,343 553,343 552,343 552,340 551,338 550,338 549,337 548,338 524,338 522,339 522,340 521,341 521,342 520,343 520,344 520,345 464,344 463,343 463,342 462,341 461,341 460,340 438,340 437,339 435,339 434,340 433,340 430,342 430,345 430,346 399,345 398,345 398,341 398,340 395,340 394,341 394,344 354,344 353,345 321,344 320,343 306,343 305,342 305,338 303,338 302,338 302,342 302,343 253,342 252,342 252,339 251,337 250,337 249,336 246,336 245,337 244,337 241,340 241,342 216,342 215,341 215,337 214,336 210,336 209,337 208,337 207,338 185,337 184,336 183,336 182,335 128,335 127,334 125,334 124,336 127,339 127,341 128,342 128,343 129,344 129,347 132,350 147,350 148,351 189,351 190,352 193,352 194,351 217,352 217,356 219,358 221,358 221,357 221,353 222,353 270,353 271,354 272,353 283,354 303,354 304,355 353,356 353,359 354,360 356,360 356,359 356,355 357,355 420,355 421,356 424,356 425,355 506,357 506,362 507,363"/><TextEquiv index="1"><Unicode>VESP. Spectata virtus patris eſt Romæ ſatis:</Unicode></TextEquiv></TextLine><TextLine id="r0_l012"><Coords points="681,387 681,388 682,387 682,386 683,385 683,383 684,382 684,367 593,366 592,365 592,361 591,360 588,360 587,361 586,361 585,361 585,362 585,363 555,362 554,363 441,362 440,363 190,359 189,359 189,358 189,357 147,357 146,356 127,356 125,357 125,359 126,360 126,372 127,373 164,373 165,374 230,375 231,375 231,376 231,377 262,377 263,378 263,381 265,381 266,380 283,381 465,383 466,384 467,384 468,384 468,383 468,382 680,385 681,385 681,387"/><TextEquiv index="1"><Unicode>Placidumue pectus in DEVM, in patriam, in ſuos</Unicode></TextEquiv></TextLine><TextLine id="r0_l013"><Coords points="368,407 369,407 370,406 370,401 423,401 424,400 453,401 454,401 454,405 454,406 455,406 456,405 456,404 463,404 464,403 464,402 503,402 504,401 527,402 528,402 528,403 529,405 531,405 533,403 533,402 534,401 534,400 533,399 533,398 530,396 528,396 528,395 528,392 526,391 525,391 524,390 506,390 506,389 506,385 505,385 489,384 488,385 487,385 485,388 485,391 484,391 452,391 451,390 450,390 449,391 435,391 434,392 409,391 408,390 367,390 366,389 358,389 358,388 358,386 355,384 352,384 351,384 343,384 342,385 316,385 315,384 282,384 281,383 279,383 279,387 278,388 252,387 251,386 233,386 232,387 208,387 207,386 206,386 205,387 160,386 159,384 159,380 158,380 145,380 144,379 142,379 141,380 124,380 124,382 127,385 127,387 128,388 128,389 129,390 129,391 130,392 130,394 130,395 131,395 132,396 169,396 170,397 170,401 171,402 173,401 173,398 173,397 194,397 195,396 245,397 246,398 267,398 268,399 269,399 270,398 302,399 303,400 324,400 325,401 327,401 328,400 351,400 352,399 367,400 368,400 368,406 368,407"/><TextEquiv index="1"><Unicode>Vbique narrat. IMP. Iſta nunc ergo fides,</Unicode></TextEquiv></TextLine><TextLine id="r0_l014"><Coords points="88,427 91,427 93,425 99,425 100,424 101,424 102,423 113,423 113,422 117,418 181,419 182,420 195,420 196,421 198,421 199,420 230,421 230,423 231,424 242,424 242,425 242,428 243,428 246,428 246,422 247,421 268,421 268,422 268,426 270,427 271,427 272,426 272,422 273,421 301,422 302,423 320,423 320,424 320,429 321,429 323,429 323,424 324,423 351,423 352,422 379,423 380,424 397,424 398,425 399,424 424,424 425,423 455,424 456,425 457,425 458,424 495,424 496,425 497,424 516,425 517,423 518,414 517,414 467,413 464,410 463,410 462,409 432,409 432,408 432,407 430,406 429,406 429,407 427,408 371,408 370,407 367,407 367,411 366,412 355,412 354,413 323,412 322,411 301,411 301,410 301,407 299,406 298,406 297,405 295,405 294,406 293,406 291,408 291,410 290,411 234,410 234,409 234,406 232,405 230,407 230,408 229,409 190,408 190,404 188,402 186,402 185,403 175,403 175,404 175,409 174,409 157,409 156,408 147,408 147,407 147,402 146,402 144,402 143,403 126,403 126,408 125,409 102,408 101,409 88,409 87,411 87,412 84,413 84,414 81,417 81,421 82,422 85,422 86,424 86,426 88,427"/><TextEquiv index="1"><Unicode>450 Placidumque pectus exuit Cœlo Deos:</Unicode></TextEquiv></TextLine><TextLine id="r0_l015"><Coords points="424,452 425,452 425,449 426,448 428,448 429,448 430,448 430,447 430,446 431,446 465,446 466,447 511,448 512,446 512,444 511,443 503,442 502,442 502,438 501,436 474,436 473,436 473,431 472,429 470,429 469,430 468,430 466,431 466,432 465,433 465,434 464,436 438,436 436,434 434,436 410,435 409,434 386,434 385,433 385,430 380,430 377,432 377,433 377,434 340,433 339,433 339,430 339,429 310,429 309,428 308,428 307,427 306,427 305,428 304,428 300,431 300,433 300,434 264,433 262,431 261,432 247,432 246,432 246,429 246,428 243,428 242,429 242,432 230,432 229,433 178,432 177,432 177,428 177,427 174,427 173,428 173,431 142,431 141,430 141,429 140,429 138,427 132,427 131,426 128,426 127,426 127,442 128,443 135,443 136,442 164,442 165,443 181,443 182,444 222,445 222,448 223,449 225,449 226,447 226,444 227,444 247,444 247,445 247,450 248,450 248,445 249,444 275,444 276,444 300,444 301,445 307,445 307,449 308,450 311,450 311,449 311,445 312,445 364,446 364,447 366,449 368,447 392,447 393,446 422,446 422,447 422,451 424,452"/><TextEquiv index="1"><Unicode>Parriam quiete: ſpiritu, &amp; regno ſuos.</Unicode></TextEquiv></TextLine><TextLine id="r0_l016"><Coords points="514,477 516,477 517,476 517,470 548,470 549,471 549,474 552,474 553,473 554,473 555,473 555,472 556,471 556,465 556,464 572,464 573,463 577,463 578,463 577,462 555,462 554,461 553,461 552,460 551,460 550,459 539,459 538,458 536,458 535,459 509,459 506,456 505,456 504,454 499,454 498,455 473,455 473,454 472,453 413,452 411,454 411,457 410,457 351,456 351,452 350,450 347,450 346,451 324,451 322,452 297,452 296,450 280,450 279,450 279,455 278,456 249,455 249,451 249,450 246,450 245,451 245,455 244,455 221,455 221,454 221,451 204,451 202,452 154,451 154,450 125,450 124,450 124,452 125,453 125,454 125,455 126,455 127,455 127,458 128,459 128,461 129,462 129,463 130,464 130,465 131,467 162,467 163,468 164,468 165,467 189,467 190,468 191,468 193,466 219,467 220,466 329,467 330,468 344,468 345,467 377,468 378,469 380,469 381,468 419,468 420,469 464,470 465,469 496,469 497,470 513,471 514,471 514,476 514,477"/><TextEquiv index="1"><Unicode>RP Merito ille falſos exuit Cœlo Deos;</Unicode></TextEquiv></TextLine><TextLine id="r0_l017"><Coords points="215,496 217,496 217,495 217,491 218,491 230,491 231,490 236,490 237,489 372,491 372,494 373,495 376,492 400,492 401,491 503,492 504,493 505,493 534,493 535,492 536,492 537,491 536,490 536,489 535,489 526,489 526,488 526,482 525,482 517,482 517,481 517,477 516,477 501,476 500,475 497,475 494,479 494,480 492,481 453,481 453,480 453,475 451,474 450,475 450,477 449,478 425,477 425,476 424,475 393,475 392,474 389,474 388,475 387,475 386,476 386,477 385,478 349,477 349,476 348,475 348,474 347,473 333,473 332,475 332,478 331,478 311,478 310,479 286,479 285,478 250,477 250,473 249,472 247,472 246,473 230,473 228,475 228,476 227,477 214,477 213,478 206,478 205,479 199,479 198,479 175,479 175,474 174,473 171,473 171,474 171,478 170,478 139,478 139,477 139,475 138,474 137,474 135,474 134,473 124,473 124,488 124,489 125,489 126,490 190,490 191,489 214,490 214,495 215,496"/><TextEquiv index="1"><Unicode>Patriæ ut ſalutem reddat, &amp; Cœlum ſuis.</Unicode></TextEquiv></TextLine><TextLine id="r0_l018"><Coords points="364,521 367,521 368,520 470,521 470,517 471,516 676,519 676,522 678,524 681,524 682,522 682,521 683,520 683,518 684,517 684,503 683,502 683,500 682,499 682,498 679,495 678,496 676,496 675,496 675,497 675,498 592,497 590,499 557,498 556,499 280,496 279,497 215,496 214,497 191,496 190,497 124,497 122,498 124,500 124,512 125,513 190,513 191,514 193,514 194,515 197,515 198,516 265,517 266,518 363,520 364,521"/><TextEquiv index="1"><Unicode>IP. Qui templa Chriſto ponit. DOM. An Chriſo!</Unicode></TextEquiv></TextLine><TextLine id="r0_l019"><Coords points="86,543 87,544 89,543 89,542 90,541 90,539 90,538 109,538 111,536 135,537 136,536 272,537 273,538 273,539 343,540 344,541 345,541 346,541 346,537 346,536 591,540 592,540 592,541 594,544 597,544 598,545 675,546 676,546 676,549 676,550 678,548 678,547 679,546 679,545 680,544 680,543 681,542 681,526 680,525 680,524 678,524 677,523 676,523 676,526 676,527 566,525 565,524 494,523 493,522 472,522 471,521 464,521 463,520 439,520 437,522 306,520 305,519 237,518 235,520 156,519 155,519 155,520 155,521 126,521 125,522 101,521 100,522 87,522 86,523 85,523 84,523 84,524 82,526 82,527 79,530 79,533 83,538 84,538 85,539 85,540 86,541 86,543"/><TextEquiv index="1"><Unicode>455 Delubra tellus, aſtra qui terræ dedit? !neget!</Unicode></TextEquiv></TextLine><TextLine id="r0_l020"><Coords points="275,566 278,566 279,565 279,559 311,559 312,559 312,561 312,562 314,562 315,562 315,561 315,560 344,560 345,559 349,559 350,558 382,559 383,560 391,560 392,561 392,565 393,566 397,566 398,565 399,565 402,563 402,561 402,560 419,560 420,559 427,559 493,560 494,561 497,561 498,560 556,561 557,560 598,561 599,562 600,562 602,560 602,557 600,556 593,556 593,555 593,551 591,550 584,550 583,549 582,550 564,549 564,545 563,544 556,544 555,543 552,543 552,544 552,549 551,549 508,549 508,548 508,544 507,544 504,544 504,549 503,549 442,549 441,548 419,547 419,546 418,545 418,544 417,543 415,543 415,544 415,548 414,548 390,548 389,547 381,547 381,546 381,543 379,542 375,542 373,544 373,546 371,548 353,548 352,549 343,548 343,546 339,542 336,542 336,543 336,548 335,548 296,548 296,547 296,543 294,542 291,542 291,547 290,548 267,547 266,548 202,548 202,547 202,543 201,543 198,542 197,543 159,543 158,544 126,544 126,555 125,556 125,557 124,558 124,559 126,559 127,560 128,559 137,559 172,559 173,560 175,560 176,559 193,559 194,558 242,559 243,560 243,562 246,559 259,559 260,558 274,558 275,559 275,565 275,566"/><TextEquiv index="1"><Unicode>IP. Tunc, credo, cùm ſugabat emoriens diem.</Unicode></TextEquiv></TextLine><TextLine id="r0_l021"><Coords points="673,598 674,599 675,598 676,598 677,596 677,595 678,595 679,595 679,594 679,593 680,592 680,588 681,587 681,584 680,583 680,581 679,580 679,579 678,578 678,569 676,567 676,568 675,569 359,565 358,566 344,565 343,566 277,566 276,567 203,566 202,567 164,566 163,567 125,567 124,567 124,570 125,571 125,573 127,575 127,576 128,577 128,579 129,580 129,581 131,583 255,584 257,586 275,587 275,588 276,589 369,590 369,589 369,583 370,583 673,587 673,598"/><TextEquiv index="1"><Unicode>vESP. Tunc, cùm pudebat aſtra non noſci DEV</Unicode></TextEquiv></TextLine><TextLine id="r0_l022"><Coords points="260,612 263,612 264,612 264,606 264,605 299,606 300,605 334,605 335,606 350,606 351,606 398,606 399,607 399,613 401,613 402,613 402,607 402,606 428,607 429,607 429,612 429,613 430,612 430,607 502,607 503,606 531,607 532,607 532,612 532,613 534,613 537,610 537,608 578,608 579,607 595,608 596,607 596,599 597,598 597,596 559,595 558,595 558,592 557,590 555,590 554,591 536,591 534,592 534,595 534,596 513,596 512,595 511,596 425,594 424,594 424,591 423,589 422,589 420,591 420,595 394,595 393,595 393,591 392,589 391,589 390,588 389,589 370,589 368,590 368,593 368,594 340,593 339,593 339,591 337,588 336,588 334,590 334,594 281,594 280,593 280,590 279,589 276,589 275,589 275,593 274,594 233,594 232,593 213,593 212,592 212,590 211,589 201,589 200,588 199,588 196,590 125,590 123,591 123,605 123,606 152,606 153,605 165,605 183,605 184,606 185,606 187,604 214,605 215,606 216,606 217,605 249,605 250,606 250,608 259,608 260,609 260,612"/><TextEquiv index="1"><Unicode>M. Tunc, cum reduxit lucis æternum jubar:</Unicode></TextEquiv></TextLine><TextLine id="r0_l023"><Coords points="323,635 327,635 328,634 523,637 524,636 522,635 331,632 332,631 332,630 332,629 503,631 505,630 505,626 504,626 498,625 498,624 497,623 497,615 495,613 428,613 427,614 220,611 220,612 219,613 183,612 182,613 123,613 123,614 124,615 124,628 124,629 320,631 321,632 321,633 323,635"/><TextEquiv index="1"><Unicode>Et. Dite domito, regna reſtituit Patri.</Unicode></TextEquiv></TextLine><TextLine id="r0_l024"><Coords points="431,660 460,660 460,659 460,653 461,653 503,653 504,653 541,653 542,654 586,655 586,660 587,661 590,661 590,660 590,655 591,655 593,655 593,654 593,653 594,652 594,647 595,647 596,647 596,646 596,645 598,644 597,643 597,641 596,640 596,639 594,638 593,638 592,637 582,637 581,636 580,636 580,637 579,637 578,637 578,638 578,642 577,642 544,642 544,638 543,637 542,637 541,636 540,637 520,637 520,641 519,642 504,642 503,642 412,641 412,639 411,638 410,638 409,637 400,637 399,639 399,641 398,641 305,640 305,639 305,634 304,634 302,634 302,640 301,641 277,641 276,640 275,640 274,640 227,640 226,639 199,639 199,638 199,636 198,636 154,635 153,636 102,635 100,633 97,633 95,635 94,635 93,636 84,636 80,640 79,641 78,642 78,647 80,649 83,649 83,650 83,654 85,655 86,655 87,654 98,654 98,650 99,649 122,650 124,652 174,652 175,651 208,652 209,651 273,651 274,652 275,652 350,652 351,652 353,652 379,652 380,653 428,654 428,657 431,660"/><TextEquiv index="1"><Unicode>460 IMP. Tantum ex latronum Rege manarit boni?</Unicode></TextEquiv></TextLine><TextLine id="r0_l025"><Coords points="193,681 195,681 196,681 196,675 197,674 272,675 273,674 395,676 395,677 395,681 396,682 400,682 403,680 404,680 405,679 436,680 436,681 437,682 440,682 440,681 440,677 441,677 492,677 493,678 494,678 495,677 499,677 500,676 530,677 531,678 579,678 580,677 598,678 599,676 599,675 600,674 600,673 601,672 601,671 600,670 600,666 599,665 599,664 596,664 595,665 591,665 590,664 590,661 575,660 574,659 570,659 566,663 566,664 565,665 565,666 526,666 525,665 525,660 524,659 522,659 521,659 521,665 521,666 504,666 503,666 476,666 475,665 462,665 461,664 461,660 459,660 458,660 458,664 457,666 414,665 413,664 380,664 379,663 379,661 378,661 377,660 368,660 366,661 366,663 366,664 355,664 354,665 304,664 303,663 273,662 272,662 272,658 272,657 270,657 269,658 269,663 221,663 220,662 220,658 219,657 211,657 210,658 200,658 199,659 169,658 168,659 124,659 123,658 121,659 121,661 122,662 122,663 124,665 124,667 125,668 125,669 126,670 126,673 128,675 187,675 188,674 193,674 193,675 193,681"/><TextEquiv index="1"><Unicode>vSP. Illo ex latronum Rege, qui mundum ſuis</Unicode></TextEquiv></TextLine><TextLine id="r0_l026"><Coords points="427,708 429,708 430,707 430,700 461,700 462,701 498,701 499,702 500,701 523,702 524,701 525,701 526,700 526,691 524,690 513,690 512,689 511,690 480,689 479,688 434,688 433,689 424,688 424,687 425,686 425,685 423,683 422,685 422,688 421,688 374,688 373,687 347,686 347,684 345,682 332,682 331,681 328,681 328,682 328,686 327,686 298,686 298,685 298,682 297,681 296,681 294,682 294,686 293,687 202,686 201,685 200,686 196,685 196,683 197,682 196,681 193,681 193,682 193,686 192,686 168,686 168,682 167,681 164,681 164,682 164,687 163,687 128,687 128,686 128,685 129,684 129,683 130,682 130,681 129,681 121,681 121,683 121,684 122,684 123,684 123,693 121,695 121,696 121,697 151,697 152,697 152,699 153,701 154,700 154,699 155,698 184,698 185,697 202,698 203,697 232,697 233,698 270,698 271,697 279,698 306,698 307,699 348,699 349,698 383,699 384,699 384,702 384,703 385,703 386,702 387,702 388,701 388,700 420,700 421,701 421,702 419,704 420,705 423,703 423,701 424,699 428,700 429,700 429,705 428,706 427,706 427,707 427,708"/><TextEquiv index="1"><Unicode>Implevit omnem landibus; cujus manun</Unicode></TextEquiv></TextLine><TextLine id="r0_l027"><Coords points="414,729 415,729 416,728 416,724 418,722 445,723 445,726 446,727 465,727 467,729 469,729 469,727 470,726 474,726 474,724 475,723 485,723 487,721 488,720 487,719 487,715 484,712 449,712 449,711 449,708 447,707 446,708 426,707 426,708 426,711 425,711 385,711 384,710 366,710 366,709 366,707 363,705 360,705 358,707 358,709 357,710 332,709 332,706 331,705 330,705 329,704 328,704 327,705 302,705 300,703 297,703 295,705 295,706 294,707 294,708 293,709 280,709 279,710 255,709 255,705 253,703 251,703 250,704 216,704 216,708 215,709 184,708 183,707 183,706 181,704 152,704 151,703 122,703 121,704 122,705 121,718 123,720 166,720 167,721 185,721 186,720 227,721 228,720 266,720 267,721 273,721 274,721 324,721 325,722 344,722 344,723 344,724 346,725 347,724 347,723 348,722 371,723 372,722 412,722 412,723 412,728 414,729"/><TextEquiv index="1"><Unicode>Effraftus Erabus ſenſit, &amp; turpi iugo</Unicode></TextEquiv></TextLine><TextLine id="r0_l028"><Coords points="240,750 250,750 250,745 251,744 266,744 267,743 315,744 316,745 330,745 331,744 385,745 385,750 386,751 389,751 389,747 390,746 423,746 424,747 425,746 426,746 427,746 482,746 483,747 484,747 485,746 514,747 514,752 515,753 517,753 517,752 517,747 518,747 570,747 572,745 571,744 571,743 570,742 570,736 570,735 569,735 567,733 566,734 539,734 538,733 538,730 537,729 528,729 527,728 524,728 523,729 496,728 495,729 483,729 481,731 481,735 445,735 444,734 444,729 441,729 440,729 440,734 440,735 429,735 428,736 402,735 401,734 361,734 360,733 339,732 338,732 338,729 338,728 335,728 334,729 334,732 307,732 306,733 249,732 248,732 248,728 246,725 245,726 238,726 237,727 237,731 205,731 204,732 194,731 193,732 137,732 136,731 136,728 135,727 130,727 129,726 124,726 122,727 122,728 123,729 123,741 125,743 180,743 180,744 180,748 181,748 183,748 183,744 184,743 197,743 198,743 239,743 239,744 239,750 240,750"/><TextEquiv index="1"><Unicode>Exempta tellus: cominus quem haud hoſtium</Unicode></TextEquiv></TextLine><TextLine id="r0_l029"><Coords points="424,776 425,776 426,776 426,775 427,775 428,774 428,773 429,772 429,770 486,770 487,771 487,774 488,775 489,775 490,776 492,776 493,775 494,775 495,774 496,774 497,774 497,771 497,770 502,770 503,770 538,770 540,768 540,763 541,763 541,761 539,759 538,759 538,758 518,758 517,757 517,753 515,753 514,753 514,757 514,758 503,757 502,758 467,758 466,758 466,753 466,752 465,752 464,751 463,751 462,752 461,752 460,753 447,753 446,753 446,757 446,758 410,757 409,756 404,756 403,756 403,754 403,753 402,753 401,752 395,752 394,751 392,751 391,752 331,751 329,753 329,756 297,756 296,755 291,755 290,754 290,749 287,749 286,750 280,750 279,750 279,754 279,755 251,754 250,754 250,751 250,750 240,750 239,751 239,754 208,754 207,755 193,754 192,755 131,755 130,754 130,750 103,749 102,749 102,748 101,746 97,746 94,749 85,749 84,750 83,750 80,752 80,753 80,754 79,754 78,754 78,755 77,756 77,763 78,765 81,765 82,766 85,766 86,765 151,766 152,766 152,770 152,771 153,771 154,770 154,767 172,767 173,766 204,767 205,767 205,770 205,771 208,771 209,770 209,766 267,766 268,767 269,767 270,768 270,773 271,773 271,767 271,766 311,767 312,768 312,774 313,774 314,774 314,768 314,767 315,768 342,768 343,767 367,768 368,768 368,774 368,775 371,775 372,774 372,768 391,768 392,769 421,769 423,771 423,775 424,776"/><TextEquiv index="1"><Unicode>s Impune petiit ullus. IMP. Et qui ſanguine</Unicode></TextEquiv></TextLine><TextLine id="r0_l030"><Coords points="748,763 748,782 779,783 779,764 748,763"/><TextEquiv index="1"><Unicode>2</Unicode></TextEquiv></TextLine><TextLine id="r0_l031"><Coords points="177,794 178,795 179,790 179,789 196,789 197,789 252,789 253,790 254,790 255,789 334,790 335,791 354,792 355,792 355,794 356,796 358,794 358,792 359,791 389,791 390,792 408,792 409,793 425,793 426,792 452,793 491,793 492,794 495,794 496,794 496,792 494,790 489,790 489,786 488,785 488,784 486,782 468,782 467,781 431,781 430,782 402,781 401,780 389,780 388,779 372,779 372,778 372,775 371,775 369,775 369,778 368,779 356,779 355,780 320,779 319,778 315,778 315,775 314,774 311,774 311,778 310,779 286,779 286,778 286,773 285,773 282,773 281,774 269,773 269,774 269,777 268,777 260,777 259,778 221,778 221,777 221,772 219,771 217,771 216,772 215,772 214,773 214,774 212,776 212,777 211,778 197,778 196,778 167,778 167,774 166,773 159,773 158,772 157,772 156,773 121,773 121,774 120,775 121,777 122,777 123,777 123,778 124,779 124,780 125,781 125,784 126,785 126,787 127,789 156,789 157,790 176,790 177,791 177,794"/><TextEquiv index="1"><Unicode>Vndique fluenti lavit expirans crucem</Unicode></TextEquiv></TextLine><TextLine id="r0_l032"><Coords points="247,821 248,821 249,820 249,819 250,818 251,818 251,814 252,813 273,813 274,813 319,813 320,814 337,814 337,815 337,818 338,818 340,818 340,817 341,816 341,815 342,814 354,815 355,814 399,814 400,815 423,815 424,816 425,816 426,815 452,816 488,816 489,817 490,817 492,815 508,816 508,822 509,823 510,823 510,822 510,816 511,816 570,816 571,815 571,812 570,811 570,807 568,804 515,804 514,803 513,803 512,804 503,804 502,804 502,805 469,805 468,804 453,804 452,803 452,800 434,800 432,798 431,798 429,799 429,804 429,805 406,804 405,803 385,803 384,802 384,799 383,798 383,797 356,797 355,798 354,798 353,798 353,799 352,800 352,802 351,804 323,803 322,802 304,802 303,801 303,799 302,798 302,797 301,796 300,796 299,797 287,797 286,797 286,800 286,801 274,801 273,801 216,801 215,800 206,800 205,799 205,798 204,797 203,797 202,796 198,796 196,797 130,797 129,796 121,796 120,796 120,797 119,798 120,798 123,799 123,807 123,808 122,808 120,809 120,810 122,812 143,812 144,813 151,813 152,812 162,812 178,812 179,813 216,814 216,815 218,817 219,817 220,818 246,818 246,819 246,821 247,821"/><TextEquiv index="1"><Unicode>DO. Ergo per iſtam, ſcelere deleto. crucem</Unicode></TextEquiv></TextLine><TextLine id="r0_l033"><Coords points="359,843 361,843 362,842 362,841 363,840 363,838 416,838 417,839 445,840 446,839 500,839 501,838 526,839 528,837 528,836 527,835 520,835 519,834 519,828 518,828 517,827 511,827 510,826 510,823 503,823 502,821 500,821 499,822 499,827 445,827 444,826 444,825 442,823 430,823 429,822 427,822 426,822 426,827 393,827 392,826 294,825 293,824 293,820 292,819 288,819 285,821 285,822 284,823 284,824 283,825 283,827 283,828 259,827 258,827 258,826 257,824 236,824 235,824 235,819 235,818 232,818 231,818 231,822 231,823 215,823 214,824 197,823 196,824 174,824 173,824 173,820 172,818 153,818 152,819 123,819 121,820 121,831 120,832 120,833 119,834 119,835 121,836 122,835 156,835 157,835 157,837 158,838 158,839 158,840 159,840 159,837 159,836 192,836 193,835 199,836 200,835 251,835 252,836 266,836 267,837 267,839 292,840 293,839 293,838 294,837 358,838 359,838 359,842 359,843"/><TextEquiv index="1"><Unicode>Reſpirat orbis; ſponte quam victor tulit.</Unicode></TextEquiv></TextLine><TextLine id="r0_l034"><Coords points="215,865 225,865 226,864 226,860 419,862 420,863 519,865 520,865 520,866 521,868 522,867 590,868 591,867 592,867 593,866 665,867 666,866 668,866 669,865 669,844 670,843 669,843 668,843 667,842 664,842 664,843 663,844 585,843 585,844 583,846 523,845 522,846 243,842 242,843 120,842 119,843 119,857 131,858 132,859 166,859 167,860 183,860 185,862 187,862 188,863 214,864 215,865"/><TextEquiv index="1"><Unicode>1P. Quo teſte? vESP. Mundo. IM. Cujus auſpâ-!</Unicode></TextEquiv></TextLine><TextLine id="r0_l035"><Coords points="666,888 667,889 667,888 667,885 668,884 668,879 669,879 677,879 677,878 678,868 677,868 668,868 668,867 668,866 667,866 666,866 665,867 663,867 663,870 662,871 618,870 617,871 617,872 617,873 618,873 619,874 620,874 622,876 662,877 662,878 663,879 663,887 664,888 666,888"/><TextEquiv index="1"><Unicode>5</Unicode></TextEquiv></TextLine><TextLine id="r0_l036"><Coords points="379,884 380,885 382,882 382,881 376,881 375,880 376,872 375,872 366,872 366,871 366,867 364,866 363,866 361,868 340,867 339,868 314,868 312,866 277,866 275,868 243,867 243,868 243,869 242,869 226,869 226,868 226,865 225,865 215,865 215,868 214,869 206,869 205,870 204,870 204,871 202,872 202,876 203,877 203,878 205,880 206,880 207,881 244,881 245,882 264,882 265,883 266,882 274,883 336,883 337,884 343,884 345,882 371,883 372,884 379,884"/><TextEquiv index="1"><Unicode>ciis vEP. Suis.</Unicode></TextEquiv></TextLine><TextLine id="r0_l037"><Coords points="661,919 663,919 664,918 666,918 668,916 668,895 667,894 667,889 666,888 663,888 661,889 661,892 661,893 410,889 409,888 209,886 208,887 122,886 120,887 120,888 104,888 103,889 83,889 82,890 81,890 76,894 76,895 75,896 75,897 74,898 74,899 76,901 79,901 79,905 81,907 82,907 83,906 200,908 201,906 201,905 202,905 418,907 419,908 536,910 536,911 537,913 660,915 661,915 661,918 661,919"/><TextEquiv index="1"><Unicode>450 IMP. Quâ vi? vVESP. Patrnâ. IMP. Nempe mor-!</Unicode></TextEquiv></TextLine><TextLine id="r0_l038"><Coords points="203,909 202,929 377,931 377,911 203,909"/><TextEquiv index="1"><Unicode>tali? vESP. Deo</Unicode></TextEquiv></TextLine><TextLine id="r0_l039"><Coords points="239,955 241,955 241,953 242,952 424,954 424,955 424,956 425,956 563,958 562,956 448,955 447,954 447,953 448,953 453,953 454,952 509,953 510,952 544,952 545,951 546,950 545,949 544,949 543,948 536,948 536,947 536,941 535,941 534,941 533,940 503,940 502,939 501,938 500,937 496,937 495,936 473,936 471,934 440,934 439,933 438,933 436,935 123,931 122,932 121,932 121,944 120,945 120,947 118,948 119,948 144,949 144,952 145,953 238,954 239,955"/><TextEquiv index="1"><Unicode>E patre ſumptâ. IMP, Filium gignit Deus.</Unicode></TextEquiv></TextLine><TextLine id="r0_l040"><Coords points="662,989 666,989 666,988 666,987 667,987 676,987 676,986 676,977 677,976 677,968 678,967 678,960 679,960 680,960 680,959 680,953 679,952 669,952 668,951 669,950 668,949 668,948 667,948 661,948 660,957 660,958 583,957 582,958 581,958 580,959 466,957 465,958 321,956 320,957 120,955 118,956 118,958 119,958 120,959 120,961 121,962 121,963 122,964 122,967 124,969 124,970 125,971 150,971 150,977 151,978 261,979 262,980 266,980 266,979 267,978 661,984 661,988 662,989"/><TextEquiv index="1"><Unicode>vESP. Deimne. Cæſar, eſſe fœcundum abnuis?!i</Unicode></TextEquiv></TextLine><TextLine id="r0_l041"><Coords points="292,1004 294,1004 295,1003 369,1004 370,1003 370,1001 460,1002 462,1000 462,998 484,998 485,997 497,997 498,996 507,997 508,996 508,987 507,986 505,986 504,985 483,984 482,984 482,983 481,981 124,977 119,981 119,982 118,983 118,989 119,990 120,991 121,991 122,992 123,992 124,993 125,993 126,994 129,994 130,995 131,995 132,996 134,996 135,996 134,997 68,996 68,997 68,998 291,1001 292,1001 292,1003 292,1004"/><TextEquiv index="1"><Unicode>Qui tot volantum ſæcla generatim jubet</Unicode></TextEquiv></TextLine><TextLine id="r0_l042"><Coords points="302,1026 305,1026 308,1023 308,1020 319,1020 320,1019 381,1020 382,1019 447,1020 448,1020 448,1023 448,1024 450,1024 451,1023 451,1021 501,1022 502,1022 501,1027 502,1028 504,1028 504,1027 505,1021 507,1021 510,1018 510,1017 508,1015 508,1010 507,1010 506,1010 505,1009 504,1009 503,1010 476,1009 476,1005 474,1003 473,1003 472,1005 472,1007 471,1007 449,1007 448,1008 411,1007 411,1003 410,1002 408,1002 408,1003 408,1008 407,1008 370,1008 370,1007 370,1004 369,1004 366,1004 366,1007 365,1008 358,1008 357,1009 352,1009 351,1010 305,1009 304,1008 295,1008 295,1007 295,1004 294,1004 292,1004 292,1008 291,1009 258,1008 258,1004 257,1003 239,1003 237,1001 220,1001 219,1002 218,1002 216,1004 216,1005 214,1007 156,1006 156,1005 156,1000 154,999 153,999 152,1000 150,1000 149,1001 119,1001 119,1014 118,1015 118,1016 214,1018 215,1019 223,1019 224,1019 224,1023 224,1024 225,1024 228,1021 228,1019 261,1019 262,1020 264,1020 265,1019 297,1020 298,1020 298,1023 299,1025 301,1025 302,1026"/><TextEquiv index="1"><Unicode>Reſonare ſylvis: igne uui crebro polun</Unicode></TextEquiv></TextLine><TextLine id="r0_l043"><Coords points="196,1048 198,1048 198,1047 198,1041 199,1041 240,1041 240,1042 240,1045 241,1045 242,1045 243,1044 243,1043 244,1042 261,1042 262,1041 304,1042 305,1043 316,1043 316,1044 316,1048 317,1048 319,1048 319,1044 320,1043 340,1043 341,1042 348,1042 349,1042 400,1042 401,1043 402,1042 423,1042 425,1041 451,1041 451,1048 452,1049 454,1049 454,1048 454,1042 455,1042 461,1042 462,1043 490,1043 491,1044 517,1045 519,1047 520,1046 521,1046 521,1045 521,1044 522,1043 522,1042 523,1041 523,1040 521,1038 515,1038 514,1037 514,1032 513,1032 512,1031 504,1031 503,1030 503,1028 481,1027 480,1026 477,1026 473,1030 430,1030 429,1031 412,1030 411,1031 367,1031 366,1030 366,1026 365,1025 364,1025 363,1026 342,1025 341,1026 331,1026 330,1027 330,1031 288,1031 287,1030 287,1025 286,1024 284,1024 282,1025 282,1030 282,1031 272,1031 271,1031 236,1031 235,1030 234,1030 233,1029 232,1029 231,1030 202,1030 201,1029 201,1025 200,1024 182,1023 182,1024 181,1030 156,1030 155,1029 134,1029 133,1028 133,1024 132,1024 131,1023 123,1023 122,1024 121,1024 120,1024 120,1025 120,1026 80,1025 79,1026 78,1026 73,1030 73,1031 72,1032 72,1033 71,1034 71,1036 72,1037 77,1037 77,1041 79,1043 80,1043 82,1041 102,1041 104,1039 195,1040 195,1041 195,1047 196,1048"/><TextEquiv index="1"><Unicode>4V5 Contele brat, undas piſcibus. terras ſeris,</Unicode></TextEquiv></TextLine><TextLine id="r0_l044"><Coords points="252,1070 253,1070 254,1069 259,1069 261,1068 261,1065 261,1064 343,1065 344,1064 491,1066 492,1067 492,1069 494,1068 494,1064 493,1062 487,1062 485,1061 485,1057 484,1055 461,1055 460,1054 454,1054 453,1053 453,1049 452,1049 451,1049 451,1052 451,1053 339,1051 338,1051 338,1050 338,1049 335,1049 334,1050 334,1054 199,1053 198,1052 198,1048 166,1047 165,1046 120,1046 118,1047 118,1060 117,1061 117,1062 233,1064 234,1065 250,1065 251,1066 251,1069 252,1070"/><TextEquiv index="1"><Unicode>Præſeminato genere vitarum omnium,</Unicode></TextEquiv></TextLine><TextLine id="r0_l045"><Coords points="210,1093 212,1093 213,1092 213,1086 219,1086 220,1087 244,1087 245,1088 251,1088 252,1089 252,1092 254,1091 254,1089 255,1087 267,1087 268,1086 289,1087 290,1088 304,1088 305,1089 308,1089 309,1088 337,1088 338,1087 347,1087 348,1087 391,1087 392,1086 482,1087 483,1088 492,1088 493,1087 539,1088 540,1087 557,1087 558,1087 558,1081 558,1080 560,1080 561,1080 561,1078 562,1077 562,1076 561,1075 561,1074 559,1072 507,1072 507,1073 506,1074 483,1073 482,1075 482,1077 481,1077 462,1077 462,1076 462,1072 461,1072 459,1072 459,1075 458,1076 431,1076 430,1075 429,1075 427,1077 391,1076 390,1075 386,1075 386,1074 386,1071 384,1070 380,1070 377,1073 356,1073 356,1072 356,1071 354,1070 352,1072 346,1071 345,1073 345,1077 344,1077 314,1077 314,1075 312,1073 274,1073 274,1072 274,1070 273,1070 271,1069 270,1070 268,1070 267,1071 245,1071 245,1072 245,1076 244,1076 232,1076 231,1075 215,1075 214,1076 132,1075 132,1074 132,1071 131,1071 130,1071 129,1070 119,1070 118,1070 115,1070 114,1072 116,1074 116,1084 117,1085 118,1085 119,1085 164,1085 165,1086 165,1090 166,1091 167,1091 167,1090 167,1089 173,1089 174,1089 174,1088 174,1087 187,1087 188,1086 194,1086 195,1086 209,1086 210,1086 210,1092 210,1093"/><TextEquiv index="1"><Unicode>Non generet ipſe? Sterile ſit numenD EO?</Unicode></TextEquiv></TextLine><TextLine id="r0_l046"><Coords points="331,1117 333,1117 333,1116 334,1115 377,1116 377,1115 377,1110 378,1110 592,1113 592,1114 593,1115 659,1116 660,1117 661,1117 662,1118 663,1118 664,1119 664,1118 664,1117 665,1117 674,1117 674,1116 675,1092 674,1092 664,1092 664,1091 664,1087 663,1087 660,1087 660,1089 658,1091 658,1092 657,1093 584,1092 584,1094 583,1095 507,1094 506,1095 348,1093 347,1093 345,1093 344,1094 115,1091 114,1093 114,1094 115,1094 116,1095 115,1107 116,1107 151,1108 152,1109 187,1109 188,1110 190,1110 191,1111 192,1111 193,1112 330,1114 330,1115 330,1117 331,1117"/><TextEquiv index="1"><Unicode>IP. Quâ matre, quæſo, generet? vESP. Omnipe!</Unicode></TextEquiv></TextLine><TextLine id="r0_l047"><Coords points="271,1140 311,1140 313,1139 323,1139 324,1138 377,1139 377,1138 377,1132 378,1132 572,1134 574,1136 576,1136 577,1135 578,1136 579,1135 659,1136 662,1133 663,1133 664,1131 664,1119 663,1118 662,1118 661,1117 614,1116 613,1115 613,1114 610,1114 609,1115 577,1115 572,1119 572,1120 571,1121 379,1119 378,1118 378,1116 375,1116 374,1117 258,1115 257,1116 119,1115 118,1115 117,1115 116,1116 116,1129 115,1130 117,1131 143,1132 143,1135 144,1136 271,1137 271,1138 271,1139 271,1140"/><TextEquiv index="1"><Unicode>Experte, protſus virgine, humano caret (viri!</Unicode></TextEquiv></TextLine><TextLine id="r0_l048"><Coords points="250,1161 251,1161 253,1160 253,1156 253,1155 270,1155 271,1155 324,1155 325,1156 326,1155 353,1156 354,1156 354,1161 354,1162 355,1162 357,1160 357,1154 391,1154 393,1156 404,1156 405,1157 405,1160 407,1160 408,1160 408,1159 409,1158 409,1154 409,1153 476,1154 477,1155 478,1155 480,1154 480,1151 479,1150 471,1150 471,1146 469,1144 462,1144 461,1143 450,1143 449,1142 428,1142 427,1143 420,1142 419,1143 377,1143 377,1142 377,1139 374,1139 373,1139 373,1142 372,1143 367,1143 366,1144 347,1144 346,1144 313,1144 313,1140 313,1139 311,1140 270,1139 270,1140 270,1145 269,1145 232,1145 231,1144 216,1144 216,1143 216,1139 215,1138 213,1138 211,1139 207,1142 207,1144 206,1145 177,1144 176,1143 136,1143 135,1142 129,1142 128,1140 128,1139 127,1138 124,1138 123,1137 119,1137 117,1138 117,1139 116,1139 92,1139 91,1138 91,1137 90,1135 85,1135 83,1137 83,1139 82,1139 77,1139 76,1140 74,1140 69,1145 69,1149 69,1150 73,1150 74,1150 74,1155 74,1156 76,1156 79,1153 79,1152 80,1151 116,1151 117,1152 117,1153 235,1155 236,1156 249,1156 250,1157 250,1161"/><TextEquiv index="1"><Unicode>40 Parenre. ſi requiris in terris. patrem.</Unicode></TextEquiv></TextLine><TextLine id="r0_l049"><Coords points="279,1185 280,1185 280,1184 280,1183 281,1183 287,1183 287,1182 287,1178 288,1178 341,1178 343,1176 389,1177 390,1178 393,1178 395,1176 443,1177 445,1178 444,1179 446,1181 448,1181 448,1180 449,1178 451,1178 452,1177 452,1176 479,1176 480,1177 495,1177 498,1175 498,1174 497,1173 497,1166 496,1165 422,1164 422,1160 421,1159 418,1159 418,1160 418,1161 417,1161 391,1161 390,1160 389,1160 388,1161 385,1161 382,1164 382,1165 381,1166 358,1166 358,1165 358,1161 357,1161 356,1161 355,1162 332,1161 331,1162 330,1162 330,1163 330,1166 329,1166 326,1166 325,1167 291,1167 290,1168 224,1167 223,1166 202,1166 201,1165 200,1165 198,1167 167,1166 167,1162 165,1160 143,1160 142,1161 118,1161 116,1163 116,1164 115,1165 115,1172 114,1173 114,1175 115,1176 116,1176 117,1177 118,1177 176,1177 176,1178 176,1182 178,1183 178,1182 179,1181 179,1179 180,1178 194,1178 195,1178 278,1179 278,1184 279,1185"/><TextEquiv index="1"><Unicode>Sed ſi paternum quæris in Cœlo genus</Unicode></TextEquiv></TextLine><TextLine id="r0_l050"><Coords points="371,1205 372,1206 372,1205 372,1201 373,1201 415,1201 415,1202 415,1204 416,1204 419,1204 419,1202 420,1201 420,1199 421,1198 488,1199 489,1198 489,1196 489,1195 482,1195 481,1195 481,1192 480,1191 480,1190 479,1188 468,1188 467,1187 454,1187 453,1186 376,1185 374,1183 373,1183 372,1182 371,1183 349,1183 348,1183 348,1185 348,1186 153,1183 152,1182 151,1182 150,1183 138,1183 137,1184 116,1183 114,1185 114,1198 115,1198 215,1200 216,1201 248,1201 249,1200 268,1200 269,1199 371,1201 371,1205"/><TextEquiv index="1"><Unicode>Miſcere matri mitte crœleſtem patrem.</Unicode></TextEquiv></TextLine><TextLine id="r0_l051"><Coords points="288,1229 289,1230 290,1229 291,1229 292,1228 292,1227 293,1226 293,1224 331,1224 332,1223 357,1224 362,1224 363,1225 365,1223 367,1223 368,1222 422,1222 423,1222 423,1221 456,1221 457,1222 499,1222 500,1222 500,1221 522,1221 523,1220 525,1220 526,1219 549,1219 550,1218 573,1218 575,1217 576,1217 577,1217 588,1217 589,1215 589,1211 591,1210 592,1210 592,1209 592,1208 593,1207 593,1205 589,1201 586,1201 585,1201 585,1202 585,1203 557,1202 556,1203 524,1203 523,1204 521,1204 520,1205 501,1205 500,1205 473,1205 472,1204 456,1204 455,1204 455,1207 455,1208 422,1207 421,1207 421,1206 420,1204 416,1204 415,1205 415,1209 376,1209 375,1208 375,1205 365,1205 364,1205 364,1211 364,1212 301,1211 300,1210 300,1207 277,1207 276,1207 276,1212 276,1213 195,1212 194,1211 194,1208 194,1207 156,1207 155,1206 122,1206 121,1205 119,1205 118,1205 113,1205 112,1206 112,1221 125,1222 126,1223 174,1223 175,1224 175,1225 181,1225 182,1224 185,1224 186,1223 231,1224 232,1225 233,1225 234,1224 281,1225 282,1225 282,1227 283,1229 288,1229"/><TextEquiv index="1"><Unicode>IMP. Bis natus igitus culitur â vobts D VS?</Unicode></TextEquiv></TextLine><TextLine id="r0_l052"><Coords points="656,1252 660,1252 661,1251 661,1249 671,1249 672,1248 672,1237 671,1236 671,1230 670,1230 661,1230 661,1229 661,1228 660,1228 599,1227 598,1226 530,1225 529,1226 529,1240 530,1242 531,1242 532,1241 570,1241 572,1239 656,1241 657,1241 657,1242 656,1243 625,1242 625,1243 625,1244 624,1245 624,1246 625,1247 656,1248 657,1248 656,1249 656,1251 656,1252"/><TextEquiv index="1"><Unicode>Portent</Unicode></TextEquiv></TextLine><TextLine id="r0_l053"><Coords points="628,1265 627,1297 726,1298 727,1266 628,1265"/><TextEquiv index="1"><Unicode>l,.</Unicode></TextEquiv></TextLine><TextLine id="r0_l054"><Coords points="755,1323 768,1323 769,1323 769,1321 768,1320 760,1320 760,1319 760,1314 770,1314 771,1314 770,1313 760,1313 759,1311 759,1308 755,1305 739,1305 739,1304 739,1300 737,1299 726,1298 725,1297 711,1297 710,1299 720,1299 721,1300 721,1303 733,1304 734,1304 734,1306 735,1307 735,1310 735,1311 752,1311 753,1311 752,1312 746,1312 746,1313 745,1314 745,1315 752,1315 753,1315 753,1317 752,1318 752,1319 754,1319 755,1319 755,1322 755,1323"/><TextEquiv index="1"><Unicode>5</Unicode></TextEquiv></TextLine><TextLine id="r0_l055"><Coords points="846,1364 923,1364 923,1317 769,1315 769,1363 846,1364"/><TextEquiv index="1"><Unicode></Unicode></TextEquiv></TextLine></TextRegion></Page></PcGts>