686 1261
118 29 570 55 14 FLAVIÆ TRAGODIÆ
122 51 621 81 0 Hoc dubia gentis, ſeſa Chriſtiadum hoc ſalus,
169 73 626 104 Seniiq́ue nûſtri exſilia, Domitillæ hoc petunt.
168 98 643 127 ESP. Pr6 caſta virtus ! magne prâ rector poli!
169 120 568 148 Concuſſit artus horror : exanguis tremo,
169 142 505 169 Vt execrandi ſceleris accepi ſonos.
117 165 654 198 65 DOM. Oculſsne verum ſpecimen adipiſcor patris,
168 189 587 216 An hoſtis? audi ſcelera, quæ ſuadet vaſer.
167 214 526 240 Nec tu parentis optimi vocem ſonas,
169 236 532 263 Nec tu magiſtri maximi pectus geris.
136 255 609 286 vESP. Nec te ſequemur. Fraude luſiſti ſatis,
122 282 621 309 0 Cur petimur aſtu rurſus? impoſitos dolos
169 305 513 332 Exue. perire cernis inſontes: licet
168 328 557 353 Perire tandem: perge: viciſti: ſat eſt:
167 351 594 378 Bene habet. quid ultra tendis? occidi jube,
167 374 666 400 Hoc renat unſ, quiſquis es. FAL. IO. Fraudis mes
123 397 572 424 2755 Hic auſus hæret. Ilicet; nihil hic movet.
167 421 593 447 Immota virtus conſtat, & pelli haud poteſt.
166 444 649 470 Recta ad Tyrannum hinc pergo: ſucceſſu irrito
160 467 576 493 Fruſtrata fraus eſt: virihus nunc eſt opus.
168 490 633 517 EPHE. Iuvenes, ad ædes intimas patruus jubet
124 509 575 539 S0 Vc ire: miſeris meruo nunc vobis nimis.
167 536 642 562 VESP. Miſeranda non eſt noſtra conditio. puer.
166 558 612 585 Ne querere. Frater, perge conſtanti gradu.
167 580 629 604 Animi, Sodalis, ſume monumentum hoc mei:
161 604 607 629 Hæc decora regni patruus, ut reperat, dedit,
122 622 577 649 S5 Hæc noſtra ſaltem dona ſunt: dono utere.
166 648 565 675 DO. Oſi Paterni tempus affatus breve,
166 669 496 698 Et,6 ſororis detur aſpectus mihi.
164 694 609 723 ESP. Nos ire quò nam patruus iratus jubet
148 716 607 743 Procul ab avitâ ſede? Clementis Patris
120 736 563 765 90 Non licuit ora cernere: amplexu ultimo
166 761 511 785 Fxplere non officia morituris licet.
165 784 646 815 DOM. Quid augutaris Ve ſpaſi? ( quod nunc tibi
139 809 575 838 Nomen relictum eſt: illud Imperii perit)
166 832 665 860 Quid auguraris, frater? VESP. Et fauſtû, & bonum
121 855 666 880 695 DOM. Quo nos Tyrannus mittet? VESP. Ad
250 879 402 905 Chriſtum puto.
166 903 643 927 OM. Eſt dipna merces. Forſan & vima hæc emi
168 926 566 952 Funere duorum Cæſarum recte poteſt.
166 948 655 975 vESP. Valete. Cives, plurimum. Hæc vitam dies
168 970 607 999 Si ſumma claudet, patriæ, quæſo, hæc ſimol
122 995 533 1016 o0 Narrate Vitæ fore fruſtramur brevi:
168 1016 607 1045 Sed quod ſepulcrum puberum per hoc teget,
50 1038 491 1067 Idem quietæ pacis, & regni bons
166 1061 560 1090 Conſilis placidi multa morienum teget,
165 1083 541 1111 Te Chriſte. teſtor, altra qui nutu cies.
122 1105 598 1135 505 Et magna major regna Dardanidum moves.
167 1128 579 1160 Patriæ ſalutem in patri, & regnum tuum
585 1156 668 1182 Quæſiſe
7 1203 58 1233 4
