1188 1984
512 135 816 188 ooTHS.
234 197 1185 324 eett:
235 316 1185 370 Sacrum ſubegit prope e ut oſſerrem: at ſalus,
236 366 1185 433 Pietasque populi. Magna pars raptimin fugam
237 416 1079 473 Sc dcderat amens. Teſqua per, & alti ́uga
238 464 1024 524 Prærupta montis turba reptabat, ſpecus
239 515 1008 569 Quærens latentes. Miles impulius metu
235 557 1185 629 Nefugeret omnis; antequam tenebris polum
234 614 1032 667 Nox atra tegeret, caſtra diiovi. t ror
233 663 994 718 Vel ipſc Samiuel ſponte revocaſſet prior
233 707 1185 774 Sua juſſa; niſi quod ægrius quisque improbat
236 763 1185 825 Sua, quam aliena. (a) Natus, at Natus venit.
235 809 957 866 Feſtus tubarum clangor o quales ciet
231 858 1185 1080 Motus paterno in pectore: ingenti obrutum,
230 910 1068 970 Preſlumque mihi cor gaudio ægre vix ſuos
230 961 1019 1008 Reciprocat ictus. Nominis vindex mei,
232 1011 1066 1064 Regnique clypeus, ſtirpis Abramiæ decus,
231 1058 980 1115 Redit ille: tantæ dona virtuti queant
231 1108 604 1163 Quænam rependi !
405 1280 944 1343 SCENA III.
329 1367 412 1391 555
289 1368 1053 1421 Snv2, 5NATHAS, NACHOR.
222 1462 1185 1531 onamhas poſt pauca interciſa verba, ut ft in
286 1529 1185 1590 primo Perſonæ, quam vehementer diligimus
291 1585 1185 1646 occirſu, ſedato primo illo affectuum tumul-
231 1711 1186 1743 CV . aa
278 1751 949 1813 )udit feſtipum tubarum ſonitun.
