<PcGts xmlns="http://schema.primaresearch.org/PAGE/gts/pagecontent/2019-07-15" xmlns:xsi="http://www.w3.org/2001/XMLSchema-instance" xsi:schemaLocation="http://schema.primaresearch.org/PAGE/gts/pagecontent/2019-07-15 http://schema.primaresearch.org/PAGE/gts/pagecontent/2019-07-15/pagecontent.xsd"><Metadata><Creator>User123</Creator><Created>2022-01-25T14:27:02</Created><LastChange>2022-01-25T14:27:02</LastChange></Metadata><Page imageFilename="0025.png" imageHeight="1984" imageWidth="1188"><TextRegion id="r0" type="paragraph" orientation="-0.125"><Coords points="1,1 1186,1 1186,1982 1,1982"/><TextLine id="r0_l001"><Coords points="323,137 323,174 659,175 659,138 323,137"/><TextEquiv index="1"><Unicode>AcTs PRIMts</Unicode></TextEquiv></TextLine><TextLine id="r0_l002"><Coords points="112,219 112,275 997,277 997,221 112,219"/><TextEquiv index="1"><Unicode>tu, victoriæ modum, &amp; facti ſeriem Ce-</Unicode></TextEquiv></TextLine><TextLine id="r0_l003"><Coords points="263,340 264,340 264,321 265,320 339,320 339,321 339,335 341,336 346,336 347,335 347,327 348,326 348,323 349,322 349,321 351,319 355,319 356,318 409,319 410,320 445,320 445,326 446,327 447,327 448,328 449,327 451,327 453,325 454,325 454,324 454,323 455,322 455,321 457,320 501,320 502,319 543,319 543,335 544,336 546,336 547,337 548,337 549,336 552,336 552,335 552,327 553,326 553,323 554,322 554,320 555,320 565,320 566,319 660,319 661,320 662,320 663,321 706,321 707,320 794,320 795,321 877,322 878,323 909,323 910,324 913,324 914,322 914,316 916,315 939,315 941,312 941,311 939,309 919,309 918,308 919,294 918,294 917,294 916,295 916,302 915,303 887,303 886,302 885,302 884,301 838,301 838,300 838,283 837,283 832,283 831,284 831,295 830,296 830,298 829,299 808,298 807,299 730,299 730,298 728,296 686,296 686,291 685,290 683,290 682,292 682,298 681,298 634,298 634,292 631,289 630,289 629,291 629,298 628,298 514,298 514,297 514,296 513,296 512,296 511,297 510,297 510,298 509,299 508,299 506,301 505,301 501,304 501,305 497,310 434,310 433,309 434,301 432,300 430,300 430,299 430,297 428,296 419,296 419,295 419,290 417,289 416,289 416,298 415,299 353,298 351,296 351,297 351,298 349,299 277,299 276,298 255,298 255,284 254,283 254,282 253,281 249,281 249,282 249,283 248,283 243,283 241,286 241,287 239,288 212,288 211,290 211,298 210,298 179,298 178,297 160,297 160,296 159,295 149,295 149,290 147,288 146,290 146,295 145,295 124,295 121,298 120,298 118,300 118,301 117,302 116,318 117,319 125,319 126,320 129,320 130,319 222,319 222,320 222,333 224,334 227,334 230,331 230,330 231,329 231,328 233,326 233,323 234,322 234,321 235,320 262,320 262,321 262,340 263,340"/><TextEquiv index="1"><Unicode>nitori ſuo exponit, a quo incitatus ad acri-</Unicode></TextEquiv></TextLine><TextLine id="r0_l004"><Coords points="820,397 821,398 822,397 825,398 826,397 835,397 839,393 839,392 839,380 840,380 897,380 898,381 912,381 913,382 931,382 932,381 933,381 934,380 935,380 936,379 937,379 940,375 940,364 941,363 941,359 940,358 909,358 908,357 908,344 902,344 901,344 901,356 900,357 900,358 900,359 837,359 836,358 835,358 834,357 789,356 787,358 786,358 783,361 783,372 736,372 734,371 734,370 733,368 716,368 715,368 715,360 714,358 705,358 704,357 682,357 681,356 626,356 625,356 625,350 624,348 583,348 582,347 582,341 581,340 578,340 577,341 548,341 547,341 547,348 546,349 546,352 545,353 545,355 545,356 422,356 421,355 421,342 420,341 377,341 376,340 373,340 371,341 371,349 370,350 370,354 369,355 369,356 368,358 348,357 347,358 297,358 296,357 268,357 267,357 267,342 266,340 260,340 258,342 258,357 257,357 257,344 257,343 255,343 254,344 254,345 253,345 250,348 250,350 249,351 249,352 248,353 248,355 237,355 236,356 227,356 226,357 225,357 222,360 222,366 165,366 164,366 164,360 163,358 155,358 154,357 144,357 143,356 124,356 123,355 123,352 121,352 120,352 120,353 118,356 116,356 113,358 113,371 112,372 112,376 113,377 115,377 116,378 177,378 177,379 177,384 178,384 182,384 184,382 185,382 186,381 186,380 188,378 235,378 235,379 235,393 236,393 259,393 259,394 259,396 260,396 267,396 268,395 268,383 269,382 269,380 270,379 337,379 338,378 368,379 369,378 441,378 442,379 471,379 472,378 484,378 485,377 541,377 542,378 672,378 673,379 726,379 726,380 726,386 727,386 731,386 732,385 733,385 733,384 734,383 735,383 736,382 736,381 738,379 814,379 814,380 814,395 817,397 820,397"/><TextEquiv index="1"><Unicode>ter, uſque ad illorum deletionem, urgendos</Unicode></TextEquiv></TextLine><TextLine id="r0_l005"><Coords points="798,454 800,454 801,453 801,444 802,443 802,440 804,438 893,439 895,441 926,441 926,446 927,447 931,447 932,446 933,446 937,441 937,439 938,438 938,432 936,432 933,429 905,429 904,428 904,421 903,420 845,420 844,419 844,418 835,418 834,417 809,416 807,414 790,414 789,414 789,400 788,398 782,398 781,399 779,399 775,403 774,403 772,405 772,406 771,407 771,408 770,409 770,412 769,413 769,415 699,415 698,415 698,399 697,397 693,397 691,399 691,409 690,410 690,411 689,412 689,418 688,419 688,420 687,421 687,423 686,424 686,427 640,427 639,426 610,426 609,426 609,418 608,416 605,416 604,416 604,413 604,412 594,412 593,411 593,407 586,407 585,406 585,397 584,396 583,396 581,398 579,398 578,398 578,407 577,408 577,412 576,414 511,414 510,413 510,395 508,395 507,396 506,396 505,397 504,397 503,397 503,409 502,410 502,414 502,415 448,415 447,414 447,412 446,411 423,411 422,410 422,398 416,398 414,399 414,412 413,414 353,413 352,413 352,402 352,401 348,401 346,403 346,404 342,408 342,413 341,414 341,415 305,415 304,416 303,416 302,417 301,417 298,420 298,421 297,422 297,423 296,424 296,426 220,426 219,426 219,417 217,414 183,414 182,414 182,400 180,397 178,397 177,398 128,398 127,397 127,396 126,396 125,395 124,395 123,396 121,396 119,397 119,414 118,415 118,418 117,419 117,422 116,423 116,425 115,426 115,428 114,429 114,434 116,436 146,436 146,437 146,446 147,447 147,448 149,449 153,449 154,448 156,448 157,447 158,447 160,445 160,444 161,443 161,442 162,441 162,438 164,436 247,436 247,437 247,443 249,444 251,444 252,443 254,443 258,439 258,438 259,437 327,437 327,438 327,451 329,452 334,452 335,451 336,451 336,447 337,446 337,444 338,443 338,442 339,441 339,439 341,437 362,437 363,436 363,435 364,434 411,435 412,436 432,436 432,450 434,452 441,452 441,451 441,440 442,439 442,437 443,437 487,437 488,436 548,436 549,437 550,437 551,436 632,436 632,437 632,444 633,444 637,444 638,443 640,443 642,441 642,440 643,439 643,437 644,436 694,436 696,438 697,438 698,437 755,437 755,438 755,451 757,452 794,452 795,453 797,453 798,454"/><TextEquiv index="1"><Unicode>hoſtes, caſu dcprehcndt, hc ſuper re,</Unicode></TextEquiv></TextLine><TextLine id="r0_l006"><Coords points="121,511 126,511 127,510 128,510 129,508 129,501 130,500 130,495 132,494 228,494 229,495 265,495 266,496 268,496 269,495 296,495 297,494 363,494 364,493 445,494 445,507 447,509 447,508 447,507 448,506 448,505 449,504 449,501 450,500 450,498 451,497 451,494 453,493 504,493 505,494 546,494 547,495 641,495 642,496 643,495 666,495 759,495 760,496 796,496 797,497 819,497 820,496 876,497 877,498 926,498 927,499 928,499 929,498 930,498 931,497 933,497 935,494 935,489 936,489 937,489 937,488 937,486 938,485 938,479 935,476 934,476 933,475 926,475 925,476 924,476 923,477 859,477 858,476 826,476 825,475 808,474 807,474 807,460 806,458 805,458 804,459 803,459 802,460 802,462 801,463 801,470 800,471 800,474 752,474 750,472 748,474 596,474 595,474 595,466 595,465 593,465 592,466 528,466 527,465 527,458 526,457 521,457 520,458 508,458 505,460 505,461 504,462 504,464 503,465 503,491 503,492 453,492 452,491 454,489 454,487 455,486 455,484 454,483 454,482 424,482 423,481 423,475 421,475 419,473 419,471 411,471 410,470 410,457 409,456 408,457 407,457 405,458 405,470 405,471 404,471 403,471 403,472 403,473 384,473 383,474 335,473 334,473 334,467 333,465 295,465 294,465 294,459 293,457 291,457 289,459 289,465 288,466 288,468 287,469 287,470 286,471 286,474 234,474 233,473 199,473 198,472 157,472 156,471 155,471 154,472 144,472 143,473 129,473 128,474 125,474 124,475 123,475 122,476 121,476 117,479 117,481 116,482 116,484 115,485 116,486 116,489 118,491 119,491 120,492 120,510 121,511"/><TextEquiv index="1"><Unicode>quam moliri vuit Civinum oraculum non</Unicode></TextEquiv></TextLine><TextLine id="r0_l007"><Coords points="844,571 848,571 849,570 850,570 855,565 855,562 856,561 856,558 857,557 911,557 912,556 913,556 916,553 916,551 917,550 917,549 933,549 934,548 935,548 936,547 937,547 938,546 938,543 935,541 915,541 915,540 915,534 914,533 900,533 899,532 899,520 898,519 879,519 877,517 875,517 874,518 869,518 868,519 866,519 865,520 864,520 863,520 863,521 861,523 861,524 860,525 860,527 859,528 859,532 857,534 765,533 765,532 727,532 725,530 723,530 721,532 650,532 649,532 649,518 648,516 645,516 643,518 643,525 642,526 642,530 600,530 599,531 598,531 597,532 530,532 529,531 529,516 527,516 525,517 525,521 524,522 524,523 523,524 523,528 521,531 470,531 469,530 432,530 431,529 430,529 429,528 428,528 425,531 408,531 407,532 350,531 349,530 341,530 340,530 340,518 339,516 319,516 318,515 317,516 308,516 303,521 303,522 301,524 301,525 300,526 300,529 299,530 299,532 298,532 210,532 209,531 207,531 205,530 205,515 205,514 202,514 201,514 201,511 201,510 198,510 197,511 195,511 193,513 184,513 183,514 135,514 134,515 133,515 131,516 131,517 131,518 127,518 123,521 123,522 122,523 122,525 121,526 121,530 120,532 118,532 116,533 115,533 115,560 114,561 109,561 106,564 108,567 110,567 111,566 113,566 114,565 134,565 160,565 161,566 173,566 174,567 175,567 176,566 178,566 183,562 183,560 184,559 184,557 185,556 185,554 185,553 234,553 235,554 239,554 240,553 284,553 285,554 285,565 286,566 286,567 287,568 288,567 290,567 295,563 295,560 296,559 296,558 298,556 298,554 298,553 359,553 360,552 422,553 423,553 423,555 423,556 427,556 430,553 517,553 518,554 572,554 573,553 636,553 637,554 655,554 656,553 733,553 734,554 757,554 758,555 795,555 796,556 843,557 844,557 844,570 844,571"/><TextEquiv index="1"><Unicode>fuiſe conſultum; unde ut de more conſula-</Unicode></TextEquiv></TextLine><TextLine id="r0_l008"><Coords points="111,569 111,627 797,629 797,571 111,569"/><TextEquiv index="1"><Unicode>tur poſcit, V a Cenitore impetrat,</Unicode></TextEquiv></TextLine><TextLine id="r0_l009"><Coords points="370,683 370,733 621,734 621,684 370,683"/><TextEquiv index="1"><Unicode>ONATS.</Unicode></TextEquiv></TextLine><TextLine id="r0_l010"><Coords points="679,871 683,871 684,870 689,870 690,869 692,869 695,866 695,865 696,864 696,858 697,857 725,857 726,856 789,856 790,857 792,857 793,856 888,857 889,858 911,858 912,859 927,859 928,860 931,860 931,859 931,858 936,853 936,851 935,850 934,850 932,848 932,847 923,847 922,846 922,834 897,834 895,832 826,832 824,834 768,833 767,833 767,821 766,820 766,819 766,818 764,818 763,817 756,817 755,818 746,818 745,819 744,819 743,820 742,820 739,823 739,824 738,825 738,827 737,828 737,831 736,832 652,832 651,832 651,831 651,830 640,830 639,830 639,822 638,820 627,820 626,820 626,818 625,816 622,816 619,819 619,831 558,831 557,830 524,830 523,829 523,822 522,821 521,821 520,820 491,820 490,819 490,818 476,818 475,817 474,817 473,818 403,818 402,817 402,803 352,802 351,803 351,813 350,814 350,830 349,831 349,839 347,841 346,841 344,843 344,845 346,846 357,846 358,847 359,846 416,847 416,848 417,849 417,851 419,853 420,853 422,855 423,855 425,857 427,857 428,858 436,858 437,857 481,857 482,856 487,856 488,855 570,855 570,864 571,865 573,865 574,866 575,866 576,865 577,865 577,864 577,855 578,855 647,855 648,856 674,856 674,857 674,868 677,870 678,870 679,871"/><TextEquiv index="1"><Unicode>5C impulit greſſus amor.</Unicode></TextEquiv></TextLine><TextLine id="r0_l011"><Coords points="486,920 489,920 490,919 494,919 494,918 494,917 495,917 498,917 498,916 502,912 502,911 503,910 503,905 504,905 556,905 557,904 644,904 645,905 657,905 658,906 670,906 671,907 761,907 762,908 809,908 810,909 820,909 822,907 884,908 885,909 886,908 926,908 927,907 931,907 932,906 933,906 934,905 935,905 935,904 935,903 937,901 937,886 934,883 929,883 928,884 873,884 872,883 835,883 834,882 834,878 833,877 833,875 830,872 829,872 828,871 826,871 825,870 815,869 814,870 809,870 808,871 808,882 779,882 778,883 715,883 714,882 661,882 660,882 660,872 659,871 659,870 658,868 655,868 653,870 653,878 614,878 613,879 558,879 557,878 557,869 556,868 556,867 554,867 552,868 552,880 552,881 494,881 493,882 437,882 435,880 434,881 398,881 397,880 397,873 396,872 381,872 380,871 380,870 378,868 377,868 376,867 372,867 371,868 370,868 369,868 369,869 369,870 316,869 315,868 311,868 309,870 309,878 289,878 288,879 224,879 222,878 222,874 221,873 221,872 220,871 220,870 217,866 209,866 208,867 188,867 187,868 185,868 184,869 184,870 183,871 183,877 126,877 125,876 79,876 78,875 78,866 77,865 77,864 75,862 62,862 55,868 55,886 55,887 54,887 53,887 53,888 52,889 52,893 53,894 53,897 55,899 57,899 58,900 59,900 60,901 62,901 63,902 65,902 66,901 165,901 166,902 167,902 168,903 237,903 238,904 240,904 241,905 286,905 288,907 289,907 290,906 314,906 315,905 347,905 348,904 434,905 435,906 480,906 480,915 484,919 485,919 486,920"/><TextEquiv index="1"><Unicode>Sum victor: hoſtis terga dat: dextram Parens</Unicode></TextEquiv></TextLine><TextLine id="r0_l012"><Coords points="192,968 198,968 199,967 207,967 209,965 209,964 210,963 210,962 211,961 211,957 212,956 289,956 291,958 292,958 293,957 294,957 295,956 389,957 389,965 390,966 395,966 396,964 396,956 397,956 435,956 436,955 562,955 562,964 564,966 568,966 569,964 569,958 570,958 612,958 613,957 613,956 616,953 616,951 615,949 614,949 613,948 612,948 611,947 604,947 603,947 603,935 600,931 529,931 528,932 527,932 526,933 463,933 462,932 420,932 419,931 419,922 418,921 418,920 417,919 415,919 414,919 414,931 414,932 364,931 363,930 362,931 354,931 353,932 296,932 294,930 293,930 292,931 204,931 203,930 135,930 134,929 134,919 133,918 80,918 79,917 78,917 77,916 68,916 67,915 64,915 63,914 60,914 59,913 55,913 52,915 52,947 50,949 50,950 52,952 55,952 56,953 123,953 123,961 125,963 129,963 131,960 131,959 132,958 132,957 133,956 133,953 134,953 188,953 188,954 188,964 189,965 189,966 192,968"/><TextEquiv index="1"><Unicode>Da j́ungere: amplexus cape.</Unicode></TextEquiv></TextLine><TextLine id="r0_l013"><Coords points="388,976 387,1018 566,1018 567,976 388,976"/><TextEquiv index="1"><Unicode>SAL.</Unicode></TextEquiv></TextLine><TextLine id="r0_l014"><Coords points="747,1087 752,1087 753,1087 753,1073 753,1072 830,1073 831,1074 833,1074 834,1073 906,1073 907,1074 918,1074 919,1075 926,1075 927,1074 929,1074 931,1072 931,1071 932,1070 932,1068 933,1067 933,1051 931,1050 930,1050 929,1049 916,1049 916,1048 916,1039 915,1039 914,1039 913,1038 912,1039 910,1039 907,1042 907,1046 906,1047 849,1047 849,1046 849,1043 848,1042 848,1041 847,1040 847,1039 846,1038 846,1037 844,1036 831,1036 830,1035 826,1035 825,1036 821,1035 821,1036 821,1049 820,1049 729,1049 728,1048 689,1048 689,1041 688,1040 687,1040 686,1039 650,1039 650,1038 649,1037 649,1036 648,1035 643,1035 642,1036 636,1036 635,1037 634,1037 633,1038 630,1038 622,1047 622,1048 621,1049 621,1050 620,1051 620,1058 621,1059 621,1061 622,1062 622,1063 624,1065 624,1066 628,1070 629,1070 630,1071 631,1071 632,1072 633,1072 634,1073 717,1073 718,1074 718,1083 720,1085 721,1085 722,1086 746,1086 747,1087"/><TextEquiv index="1"><Unicode>O ingens Patris</Unicode></TextEquiv></TextLine><TextLine id="r0_l015"><Coords points="569,1133 570,1134 571,1133 572,1133 573,1132 573,1123 925,1124 927,1122 927,1107 929,1107 932,1104 932,1103 933,1102 933,1101 932,1100 932,1099 930,1098 849,1098 849,1097 849,1085 848,1085 843,1085 842,1086 842,1087 841,1088 748,1087 748,1088 748,1097 747,1097 494,1097 493,1096 464,1096 464,1095 464,1086 461,1084 430,1084 429,1083 71,1082 69,1080 60,1080 59,1081 58,1081 57,1082 57,1083 55,1085 55,1086 53,1088 53,1104 52,1105 50,1105 50,1110 51,1111 51,1115 52,1116 52,1117 52,1118 53,1118 54,1119 55,1119 56,1120 57,1120 58,1121 78,1121 79,1121 79,1128 80,1130 82,1130 83,1129 313,1129 314,1128 564,1129 565,1129 565,1132 565,1133 569,1133"/><TextEquiv index="1"><Unicode>Spes, &amp; voluptas, Nate, quemtandem datur</Unicode></TextEquiv></TextLine><TextLine id="r0_l016"><Coords points="336,1183 338,1183 339,1183 339,1170 339,1169 346,1169 347,1170 363,1170 364,1171 364,1172 364,1173 366,1173 369,1170 424,1170 425,1171 454,1171 455,1171 455,1179 455,1180 459,1180 460,1179 460,1171 579,1171 580,1171 580,1181 581,1183 586,1183 588,1181 588,1171 646,1171 647,1172 647,1174 648,1175 649,1175 652,1172 725,1172 726,1171 798,1171 799,1172 801,1172 802,1173 804,1173 805,1172 819,1172 820,1171 822,1172 823,1171 826,1171 831,1166 831,1152 827,1149 760,1148 758,1146 757,1146 756,1145 755,1145 754,1146 707,1146 705,1148 585,1148 584,1147 484,1147 484,1146 484,1138 483,1138 482,1138 481,1137 449,1137 448,1136 416,1136 415,1135 414,1135 413,1134 410,1134 409,1133 407,1135 406,1135 404,1137 404,1138 403,1139 403,1140 402,1141 402,1144 401,1145 401,1146 400,1147 400,1148 399,1149 399,1150 398,1151 348,1150 348,1149 347,1148 346,1148 345,1147 344,1147 343,1146 332,1146 331,1145 241,1145 241,1133 239,1131 237,1131 236,1133 236,1145 235,1145 165,1145 164,1144 161,1144 160,1145 111,1145 111,1144 111,1139 110,1138 110,1133 108,1132 105,1132 105,1134 104,1135 82,1135 80,1137 80,1143 79,1144 52,1144 50,1146 50,1147 51,1148 51,1149 52,1149 53,1149 53,1150 54,1151 54,1152 55,1153 55,1157 56,1158 56,1159 57,1160 57,1161 58,1162 58,1164 59,1165 59,1166 61,1169 108,1169 109,1168 136,1168 277,1168 278,1169 335,1169 336,1170 336,1183"/><TextEquiv index="1"><Unicode>vVidere reducem, ſoſpitemque, a te tuos</Unicode></TextEquiv></TextLine><TextLine id="r0_l017"><Coords points="804,1236 810,1236 811,1235 814,1235 815,1234 816,1234 819,1231 819,1229 820,1228 820,1223 821,1222 877,1223 878,1222 879,1222 879,1221 879,1220 879,1218 878,1217 878,1200 875,1198 852,1198 852,1197 852,1185 850,1184 847,1184 846,1185 845,1185 844,1186 844,1198 843,1199 759,1198 758,1197 743,1197 743,1190 740,1187 737,1187 736,1189 736,1195 735,1195 723,1195 720,1198 681,1198 680,1199 619,1199 618,1198 572,1198 572,1197 572,1186 570,1185 569,1185 568,1184 566,1184 565,1185 544,1185 543,1186 543,1187 541,1189 541,1195 540,1196 488,1196 487,1195 485,1195 484,1194 483,1194 481,1196 412,1196 412,1195 412,1188 411,1187 411,1186 410,1186 408,1186 407,1185 399,1185 397,1183 394,1183 393,1184 393,1196 392,1197 330,1196 330,1185 329,1184 329,1185 329,1193 328,1193 328,1190 327,1189 326,1189 325,1191 325,1192 324,1193 324,1195 323,1195 254,1195 253,1194 238,1194 237,1193 221,1193 221,1186 219,1184 218,1184 217,1183 199,1183 198,1182 197,1182 196,1181 191,1181 190,1182 189,1182 188,1183 187,1183 186,1185 186,1186 185,1187 185,1188 184,1189 184,1190 183,1191 183,1194 182,1194 123,1194 122,1193 90,1193 90,1192 90,1182 88,1181 61,1181 61,1180 61,1179 60,1179 59,1179 58,1178 55,1178 55,1179 54,1180 53,1180 52,1181 50,1181 50,1190 49,1191 29,1191 28,1192 28,1194 29,1196 48,1196 49,1196 49,1218 49,1219 59,1219 60,1218 114,1218 284,1218 285,1219 341,1219 342,1220 343,1220 344,1219 397,1220 398,1219 538,1219 539,1220 542,1220 543,1221 592,1221 593,1220 657,1220 657,1221 657,1232 658,1232 660,1232 661,1233 662,1233 663,1232 664,1232 664,1222 665,1221 798,1221 798,1222 798,1233 800,1234 801,1234 802,1235 803,1235 804,1236"/><TextEquiv index="1"><Unicode>Nunc ſcire calus liceat. Heu quoties gelu</Unicode></TextEquiv></TextLine><TextLine id="r0_l018"><Coords points="625,1284 627,1284 627,1272 628,1271 639,1271 639,1272 639,1278 640,1279 640,1280 642,1281 643,1281 644,1280 645,1280 647,1278 647,1276 648,1275 648,1274 649,1273 649,1272 650,1271 818,1271 818,1272 818,1281 819,1281 825,1282 826,1280 826,1272 827,1272 876,1272 877,1273 878,1273 879,1272 880,1272 880,1271 880,1253 881,1252 881,1249 875,1249 873,1247 870,1247 869,1248 662,1247 661,1247 661,1240 660,1238 648,1238 646,1236 623,1236 621,1235 621,1234 621,1233 618,1233 617,1234 616,1234 614,1236 614,1247 596,1247 594,1249 593,1249 592,1250 591,1250 588,1252 588,1253 587,1254 587,1262 587,1263 538,1263 537,1262 537,1249 536,1248 535,1248 534,1247 495,1247 494,1246 494,1237 493,1236 468,1236 467,1235 467,1233 466,1233 465,1232 425,1232 424,1232 424,1235 424,1236 384,1236 383,1237 331,1236 329,1238 329,1246 308,1246 307,1245 256,1245 255,1244 249,1244 248,1243 243,1243 242,1243 242,1240 241,1239 241,1237 239,1234 235,1234 234,1235 233,1235 230,1238 230,1239 229,1240 229,1249 183,1249 182,1249 182,1247 180,1244 150,1244 149,1243 94,1243 93,1242 93,1235 91,1233 74,1233 73,1232 70,1232 69,1231 58,1231 57,1232 55,1232 53,1233 53,1264 53,1265 52,1265 51,1265 51,1268 52,1269 53,1269 54,1270 97,1270 97,1276 98,1277 98,1278 100,1280 103,1280 104,1281 105,1281 106,1280 111,1280 112,1279 114,1279 118,1274 118,1273 119,1272 119,1267 120,1267 195,1267 195,1268 195,1273 196,1273 198,1273 198,1272 199,1271 199,1270 200,1269 200,1268 201,1267 282,1267 283,1268 330,1268 331,1269 361,1269 362,1268 529,1269 530,1270 552,1270 552,1276 553,1277 555,1277 558,1273 558,1272 560,1271 624,1271 624,1272 624,1284 625,1284"/><TextEquiv index="1"><Unicode>Rigens, &amp; animi dubius, oljiceres caput</Unicode></TextEquiv></TextLine><TextLine id="r0_l019"><Coords points="237,1327 241,1327 242,1326 242,1319 243,1318 331,1318 332,1319 376,1320 376,1324 377,1325 380,1325 381,1323 381,1322 382,1321 382,1320 383,1320 416,1320 417,1319 504,1319 505,1320 558,1320 559,1321 753,1321 754,1322 776,1322 777,1321 868,1322 869,1321 890,1321 891,1320 892,1320 893,1318 893,1309 896,1306 896,1303 895,1302 868,1302 867,1301 867,1300 866,1299 865,1299 864,1298 847,1298 846,1297 846,1288 845,1288 844,1287 842,1287 841,1288 840,1288 839,1288 839,1289 838,1290 838,1297 838,1298 721,1297 720,1296 707,1296 706,1297 655,1297 653,1296 653,1290 652,1289 652,1287 652,1286 651,1286 650,1285 629,1285 628,1284 625,1284 624,1285 624,1286 618,1286 617,1287 617,1288 615,1290 615,1291 614,1292 614,1295 613,1296 509,1296 508,1295 505,1295 504,1294 503,1294 502,1295 414,1295 413,1296 412,1296 410,1297 410,1298 410,1299 360,1298 359,1297 358,1297 357,1296 337,1296 336,1296 336,1284 335,1282 333,1284 299,1284 297,1286 297,1294 270,1294 269,1293 134,1293 133,1292 124,1292 123,1291 123,1283 76,1283 75,1282 75,1281 66,1281 65,1282 64,1282 63,1283 62,1283 60,1285 58,1285 55,1287 55,1288 54,1289 54,1290 53,1291 53,1293 52,1294 52,1303 53,1304 53,1307 59,1313 62,1313 63,1314 64,1314 65,1315 66,1315 67,1316 99,1316 101,1318 104,1318 105,1317 136,1317 137,1316 193,1316 194,1317 234,1317 234,1318 234,1325 237,1327"/><TextEquiv index="1"><Unicode>Cuinam periclo, mente verſabam omnia:</Unicode></TextEquiv></TextLine><TextLine id="r0_l020"><Coords points="53,1329 53,1369 399,1370 399,1330 53,1329"/><TextEquiv index="1"><Unicode>Omnia timebam.</Unicode></TextEquiv></TextLine><TextLine id="r0_l021"><Coords points="345,1396 345,1446 635,1447 635,1397 345,1396"/><TextEquiv index="1"><Unicode>5ONATHaS.</Unicode></TextEquiv></TextLine><TextLine id="r0_l022"><Coords points="839,1511 847,1511 848,1510 851,1510 852,1509 854,1509 858,1505 858,1504 859,1503 859,1498 912,1498 913,1499 933,1499 934,1500 937,1497 937,1495 936,1494 936,1463 933,1461 918,1461 916,1459 915,1459 914,1458 913,1459 911,1459 909,1461 909,1470 908,1471 826,1471 825,1470 819,1469 818,1470 753,1470 752,1469 751,1469 750,1468 749,1468 748,1469 688,1469 687,1468 685,1468 684,1469 639,1469 638,1470 563,1470 561,1468 560,1468 559,1469 555,1469 554,1470 546,1470 545,1471 463,1471 461,1469 437,1469 436,1468 434,1468 432,1470 383,1470 383,1469 383,1463 384,1463 385,1462 385,1458 383,1457 378,1457 377,1456 364,1456 363,1457 363,1458 365,1460 365,1488 364,1489 364,1490 363,1491 363,1492 364,1494 372,1494 373,1493 454,1493 455,1494 547,1494 548,1493 651,1493 652,1494 652,1504 655,1504 657,1503 657,1494 657,1493 735,1493 736,1494 812,1494 813,1495 813,1500 811,1502 811,1506 814,1509 838,1510 839,1511"/><TextEquiv index="1"><Unicode>Forte cum cuperem aggredi</Unicode></TextEquiv></TextLine><TextLine id="r0_l023"><Coords points="128,1556 137,1556 138,1555 139,1555 140,1554 141,1554 144,1551 145,1551 146,1551 146,1550 147,1549 147,1542 147,1541 276,1541 277,1542 278,1542 279,1541 354,1541 358,1545 359,1544 360,1544 361,1544 361,1543 361,1542 496,1543 497,1544 517,1544 518,1544 518,1554 518,1555 523,1555 525,1553 525,1544 568,1544 569,1543 768,1543 769,1544 813,1544 814,1545 815,1545 816,1544 818,1544 819,1544 819,1543 820,1542 820,1540 819,1539 819,1525 818,1524 818,1523 817,1522 804,1522 803,1521 794,1521 794,1512 793,1511 781,1511 781,1509 780,1508 780,1506 779,1505 778,1505 777,1506 776,1506 775,1508 775,1520 774,1520 723,1520 722,1519 698,1519 696,1517 694,1517 692,1519 677,1519 676,1520 611,1520 610,1519 599,1519 599,1511 597,1509 593,1509 593,1510 593,1511 592,1511 592,1518 591,1519 563,1519 562,1520 495,1520 494,1519 474,1519 472,1517 463,1517 463,1516 463,1507 460,1505 459,1505 458,1506 457,1506 456,1507 456,1519 455,1520 338,1519 337,1518 320,1518 319,1517 281,1517 280,1516 271,1516 271,1509 268,1506 224,1506 224,1504 223,1503 221,1503 220,1502 219,1502 218,1503 215,1503 214,1504 213,1504 210,1508 210,1509 209,1510 209,1517 208,1517 155,1517 154,1516 120,1516 120,1515 120,1506 118,1505 115,1505 114,1504 111,1504 110,1505 58,1505 57,1506 55,1506 54,1507 53,1507 53,1508 54,1509 54,1542 54,1543 75,1543 76,1542 123,1542 124,1542 124,1552 126,1555 127,1555 128,1556"/><TextEquiv index="1"><Unicode>Inſigne facinus: multaque incertus diu</Unicode></TextEquiv></TextLine><TextLine id="r0_l024"><Coords points="647,1604 652,1604 655,1602 655,1593 655,1592 703,1592 704,1593 847,1594 848,1595 877,1595 878,1596 884,1596 886,1594 886,1580 885,1579 885,1575 884,1574 884,1573 883,1572 883,1571 881,1570 880,1570 879,1569 843,1569 843,1568 843,1562 840,1560 787,1559 787,1558 786,1557 785,1557 784,1556 779,1556 776,1559 774,1559 772,1562 772,1566 771,1567 771,1568 770,1568 690,1568 689,1567 679,1567 679,1561 676,1558 675,1559 635,1559 635,1560 635,1561 634,1562 634,1568 633,1568 545,1568 544,1567 533,1567 533,1566 533,1560 531,1559 527,1559 527,1560 526,1561 526,1567 525,1568 478,1568 477,1569 406,1569 405,1568 341,1567 341,1553 340,1552 339,1552 338,1551 334,1551 333,1552 330,1552 329,1553 319,1553 318,1554 317,1554 312,1560 312,1562 311,1563 311,1565 310,1565 273,1565 273,1566 273,1567 272,1567 180,1567 179,1568 168,1568 167,1569 112,1569 111,1568 94,1568 94,1567 94,1557 92,1556 65,1556 64,1555 59,1555 58,1554 54,1554 53,1555 52,1555 52,1590 53,1591 53,1592 53,1593 57,1593 58,1592 112,1592 113,1591 223,1591 224,1592 224,1598 225,1599 225,1600 230,1600 231,1600 231,1592 231,1591 355,1591 356,1592 401,1593 402,1593 402,1595 402,1596 404,1596 406,1594 475,1594 476,1594 476,1602 476,1603 482,1603 484,1601 484,1593 544,1593 545,1594 547,1594 548,1593 591,1593 592,1592 645,1592 646,1593 646,1603 647,1604"/><TextEquiv index="1"><Unicode>Mecum putaſſem; rapuit ancipitem ſtatim</Unicode></TextEquiv></TextLine><TextLine id="r0_l025"><Coords points="443,1654 448,1654 449,1653 627,1653 628,1653 628,1646 628,1645 800,1645 801,1644 879,1645 881,1643 881,1642 878,1640 802,1639 802,1638 803,1637 803,1635 804,1634 804,1628 803,1627 803,1626 802,1625 802,1624 799,1621 798,1621 797,1620 795,1620 794,1619 758,1619 757,1618 728,1618 728,1609 727,1608 727,1607 726,1606 564,1606 562,1604 289,1603 288,1604 52,1604 51,1605 50,1605 49,1606 50,1607 50,1642 50,1643 123,1643 124,1643 124,1650 125,1652 442,1653 443,1654"/><TextEquiv index="1"><Unicode>Inopinus ardor. Impete abreptus ſacro</Unicode></TextEquiv></TextLine><TextLine id="r0_l026"><Coords points="764,1706 775,1706 776,1705 777,1705 781,1701 781,1693 782,1692 814,1692 815,1691 868,1692 869,1691 870,1691 871,1689 872,1668 868,1665 867,1665 866,1666 822,1666 821,1666 819,1666 818,1667 811,1667 810,1668 731,1668 731,1659 729,1657 689,1657 689,1656 688,1655 687,1655 686,1654 684,1654 683,1655 682,1655 682,1656 682,1668 681,1668 645,1668 644,1669 605,1669 605,1655 604,1654 603,1654 602,1653 596,1653 592,1657 592,1658 591,1659 591,1661 590,1662 590,1663 589,1664 589,1667 588,1668 573,1668 572,1669 529,1669 529,1668 529,1659 527,1658 525,1658 524,1659 522,1659 522,1666 521,1667 508,1667 507,1668 463,1668 462,1669 363,1668 362,1667 317,1667 316,1666 288,1666 287,1667 199,1667 198,1666 196,1666 195,1667 145,1667 144,1666 143,1666 142,1665 141,1666 81,1666 80,1664 80,1662 79,1661 79,1660 74,1656 73,1656 72,1655 66,1655 65,1654 64,1654 63,1655 54,1655 53,1656 53,1657 54,1658 53,1690 55,1692 64,1692 65,1691 81,1691 143,1691 144,1692 188,1692 188,1693 188,1701 189,1702 189,1703 190,1703 191,1703 192,1704 193,1704 194,1705 201,1705 202,1704 204,1704 205,1703 206,1703 207,1702 208,1702 209,1701 209,1700 210,1699 210,1698 211,1697 211,1692 212,1691 255,1691 286,1691 286,1692 286,1700 288,1701 293,1701 294,1700 294,1693 295,1692 320,1692 321,1691 408,1692 409,1693 516,1693 517,1692 579,1692 580,1693 581,1693 582,1692 643,1692 644,1693 677,1693 678,1694 721,1694 721,1695 721,1700 724,1702 759,1702 759,1703 759,1704 761,1705 763,1705 764,1706"/><TextEquiv index="1"><Unicode>Per terga reptans montis aſcendi jugum:</Unicode></TextEquiv></TextLine><TextLine id="r0_l027"><Coords points="522,1754 523,1754 524,1753 527,1753 527,1752 527,1744 528,1744 603,1744 604,1745 608,1745 609,1744 676,1744 677,1743 746,1743 749,1746 751,1746 751,1745 754,1742 808,1742 809,1741 811,1741 812,1740 887,1741 887,1740 887,1721 888,1720 888,1717 887,1716 887,1715 849,1715 848,1714 848,1704 847,1704 846,1703 843,1703 840,1706 798,1705 797,1706 794,1706 793,1707 792,1707 791,1708 790,1708 786,1712 786,1713 785,1714 785,1715 784,1716 784,1717 783,1718 783,1719 723,1719 722,1718 720,1718 719,1717 705,1717 704,1717 704,1705 703,1703 702,1703 701,1704 699,1704 698,1705 609,1705 608,1704 605,1704 603,1706 547,1706 546,1707 545,1707 543,1708 543,1718 543,1719 523,1719 522,1718 452,1718 451,1717 450,1717 449,1716 448,1717 447,1717 446,1718 330,1717 329,1717 329,1707 329,1706 327,1706 326,1707 326,1708 324,1710 324,1712 323,1713 323,1716 251,1716 250,1716 250,1711 249,1710 249,1708 248,1706 247,1706 246,1705 226,1705 224,1703 222,1703 221,1702 220,1703 219,1703 217,1705 217,1717 155,1717 154,1716 133,1716 132,1715 132,1707 131,1706 131,1704 130,1703 72,1703 71,1704 69,1704 68,1705 65,1705 64,1706 63,1706 62,1707 61,1707 59,1709 58,1709 56,1710 56,1712 55,1713 55,1714 53,1716 53,1720 52,1721 52,1723 53,1724 53,1727 54,1728 54,1731 59,1736 59,1737 60,1738 61,1738 62,1739 63,1739 64,1740 65,1740 66,1741 68,1741 69,1742 71,1742 72,1743 269,1743 269,1744 269,1752 270,1752 273,1752 274,1753 279,1753 280,1752 280,1744 281,1743 348,1743 349,1744 350,1743 408,1744 409,1745 419,1745 420,1744 435,1744 436,1743 517,1743 517,1752 518,1753 521,1753 522,1754"/><TextEquiv index="1"><Unicode>Ceſtra ubi poluerant copiæ hoſtiles. Celer</Unicode></TextEquiv></TextLine><TextLine id="r0_l028"><Coords points="802,1753 802,1800 889,1800 889,1753 802,1753"/><TextEquiv index="1"><Unicode>Ma-</Unicode></TextEquiv></TextLine><TextLine id="r0_l029"><Coords points="456,1755 456,1805 524,1805 524,1755 456,1755"/><TextEquiv index="1"><Unicode>A5</Unicode></TextEquiv></TextLine></TextRegion></Page></PcGts>