1188 1984
308 126 886 181 AcTus AMus.55
351 222 635 266 NACHOR.
307 305 928 358 ,,Vitia quem ſpeciem exhibent
46 355 781 408 ,Virtutis, animum facile decipiunt.
377 446 596 489 ASAPH.
780 529 929 579 , Suos
45 574 928 628 ,, Transgreſſa fines ttanſit in vanum metum
47 625 929 678 ,,Religio. Notri at muneris noneſt modum
45 673 903 723 Statuere honeſti. Moneo te ſolum, ut tibi,
47 725 929 780 Regnoquc caveas. Noſtra per quidquid colit
47 775 842 827 Rcligio verax, tuamet eſt nuper Phalanx
50 822 929 880 Pollitica, nunquam confore, ingentes avos
52 874 936 927 Qui paribus urgtt gradibus, & veterum ducum
52 924 795 973 Exempla factis æquat, ut cæſus cadat.
54 970 549 1023 Te coram id ipſum juro.
400 1059 577 1104 SAL.
576 1143 938 1197 Proh lallax caput,
56 1187 939 1241 Dirum, ſceleſtum: morte nunclueres ſcelus.
57 1244 829 1299 At quas mereris, impcedit pœnas tuum
57 1292 855 1347 Scelerate crimen, quo ſit, ut juris rigor
58 1340 939 1398 Obſtrepatinermis. Adde quod gravior premit
56 1387 939 1442 Me cura.. Sd quo conſilia vertam? Ratis
57 1439 738 1497 t hæret anceps inter irati maris
60 1489 878 1545 Fluctus tumentes, ſubita cui rapuit diem
61 1537 840 1587 Nox fœta nimbis; inter incertas vices
58 1588 415 1631 Sic hæret animus.
444 1726 894 1779 L 4 T
