679 1233
194 56 484 100 ERMENIGILDVS.
544 56 576 100 327

81 80 252 127 useſfodiunt,
277 80 293 127 vt
315 80 347 127 non
379 80 432 127 modo
455 80 578 127 deliberandi

78 106 214 152 facultatem,
234 106 260 152 ſed
280 106 377 152 loquendi
400 106 516 152 facilitatem
543 106 576 152 eri-

89 136 136 179 iant.
162 136 222 179 Verum
244 136 275 179 quò
291 136 427 179 innocentiam
449 136 494 179 tuam
522 136 532 179 in
551 136 576 179 his

72 168 132 206 rerum
157 168 310 206 acerbitaribus
329 168 417 206 peſtifera
440 168 522 206 aſlatam
550 168 575 206 ca-

70 192 148 233 lumniâ
163 192 268 233 indignis
283 192 325 233 exag
336 192 378 233 itari
396 192 471 233 video,
492 192 510 233 eò
528 192 576 233 vigi-

68 219 110 252 lant
119 219 147 252 ius
164 219 305 252 conſulendum
322 219 432 252 arbitror,
455 219 469 252 vt
489 219 517 252 illa
545 219 576 252 mi-

69 235 103 280 ſera
126 235 137 280 &
154 235 174 280 di
194 235 261 280 iactata
278 235 397 280 reflantibus
411 235 490 280 fortuna
510 235 575 280 ventis

78 274 78 312 n
105 274 135 312 tut
150 274 153 312 0
174 274 234 312 atque
258 274 353 312 hoſpitali
380 274 434 312 portu
470 274 575 312 conquieſ-

72 298 106 323 cat.

71 326 241 362 HERMENIG.
258 326 314 362 Rectè
338 326 414 362 mones,
428 326 508 362 agedum
531 326 577 362 con-

71 351 167 377 Tulamus.

78 363 197 419 ERASIST.
224 363 234 419 Tu
254 363 317 419 igitur
334 363 347 419 te
360 363 457 419 præſidiis
480 363 573 419 omnibus

67 402 169 442 exarmare
195 402 206 442 &
226 402 296 442 patrem
325 402 387 442 nudus
404 402 457 442 adire
483 402 573 442 poteris:

70 431 127 472 quale
142 431 165 472 eſt
177 431 234 472 iſtud(
253 431 278 472 nis
294 431 307 472 te
316 431 357 472 ſalus
370 431 446 472 appello)
458 431 572 472 conſilium:

66 460 87 498 eſt
105 460 189 498 quidem,
201 460 276 498 fateor,
285 460 410 498 innocentiæ
425 460 470 498 tuæ,
485 460 533 498 nihil
551 460 572 498 ti-

72 487 126 517 mere,
140 487 196 517 tutam
216 487 230 517 ſe
244 487 315 517 vbique
332 487 355 517 ſua
374 487 496 517 conſcientia
518 487 569 517 arbi-

68 514 124 547 trari,
135 514 225 547 rumores
241 514 383 547 contemnere,
401 514 449 547 uitam
470 514 478 547 &
492 514 532 547 fata
548 514 572 547 te-

64 540 81 572 lis
92 540 157 572 hoſtium
174 540 273 572 prtendure,
284 540 312 572 ſed
326 540 383 572 tamen
405 540 445 572 vide
462 540 482 572 ne
496 540 507 572 tu
527 540 564 572 dum

64 565 149 600 aliorum
176 565 210 600 mor
234 565 237 600 s
256 565 272 600 ex
290 565 317 600 tua
344 565 378 600 tibi
397 565 458 600 innoc
469 565 514 600 entia
544 565 571 600 de-

68 594 149 624 pingis,
164 594 173 624 in
206 594 233 624 eos
257 594 272 624 te
296 594 383 624 laqueos
404 594 500 624 coniicias
524 594 572 624 vnde

64 619 115 653 nulla
143 619 194 653 ratio
216 619 345 653 expediendæ
367 619 436 653 ſalutis
459 619 569 653 deploratis

66 644 123 673 rebus
140 644 224 673 oriatur.

91 670 178 704 HERM.
211 670 314 704 uomodo:

169 699 169 713 r

100 701 218 734 ERASIST.
246 701 260 734 Tu
281 701 357 734 ſcilicet
371 701 445 734 patrem
459 701 535 734 adibis:
553 701 567 734 v-

68 726 121 762 tinam
140 726 153 762 is
169 726 213 762 eſſet
229 726 276 762 quem
298 726 343 762 tutò
361 726 428 762 adires
453 726 523 762 pater,
551 726 561 762 tu

66 753 162 785 hominem
183 753 246 785 adibis
264 753 348 785 ingenio
363 753 447 785 ſęuum,
462 753 567 785 inſolentẽ

65 780 99 816 vict
110 780 164 816 oriis,
172 780 240 816 natura
271 780 435 816 turbulentum:
455 780 480 816 fac
500 780 560 816 tamen

65 799 173 838 blandum,
188 799 215 838 fac
233 799 308 838 mitem,
323 799 350 838 fac
374 799 398 838 ſui
422 799 512 838 nominis
536 799 569 838 me-

70 833 152 867 morem,
166 833 181 867 &
195 833 305 867 ſanguinis,
322 833 399 867 quando
421 833 433 867 ei
447 833 478 867 per
489 833 566 867 nouer-

65 859 92 897 cæ,
104 859 116 897 &
122 859 251 897 inimicorum
272 859 347 897 tuorum
368 859 428 897 furias
443 859 488 897 licet
506 859 569 897 quieſ-

65 888 110 921 cere?
127 888 156 921 qui
167 888 252 921 animum
269 888 300 921 iam
323 888 402 921 capitali
427 888 470 921 odio
490 888 566 921 vlcera-

65 916 95 951 tum
122 916 230 951 perpetuis
251 916 347 951 inſtigant
368 916 371 951 t
389 916 443 951 ædis,
479 916 482 951 t
500 916 500 951 ſ
530 916 566 951 quo

63 945 151 970 tempore
167 945 281 970 communis
297 945 361 970 narura
391 945 430 970 male
441 945 484 970 ficio
502 945 529 970 rec
537 945 561 970 Ia-

68 970 134 999 maret,
150 970 206 999 tamen
225 970 276 999 inter
294 970 356 999 eorum
385 970 489 999 tumultus
513 970 564 999 com-

65 992 116 1027 vreſſa
131 992 194 1027 atque
206 992 253 1027 illiſa
274 992 430 1027 conticeſceret.

99 1015 260 1054 HERMENIG.
284 1015 312 1054 Qua
333 1015 417 1054 rationer

110 1046 226 1084 EASIo.
226 1046 243 1084 ·
261 1046 271 1084 li
285 1046 327 1084 ſunt
344 1046 372 1084 qui
397 1046 411 1084 te
435 1046 554 1084 veneficum,

406 1080 417 1110 ii
