664 1220
67 52 91 83 33o
179 52 499 83 HERMENIGILDVS

87 181 280 273 DVRIAS
344 181 389 273 HE
415 181 575 273 RMENI-

140 241 144 283 c
165 241 286 283 ILDVS
333 241 506 283 LEGATI.

81 275 245 364 Aſferuntur
269 275 366 364 nuncii
395 275 414 364 de
448 275 578 364 Recaredi

110 362 122 402 in
152 362 225 402 caſtra
252 362 381 402 repentino
397 362 526 402 aduenti.

224 441 398 469 DVRIAS.

145 502 291 534 ECAREDVS
312 502 371 534 frater
399 502 455 534 tuus,
472 502 570 534 princeps

79 531 79 564 H
138 531 278 564 illuuriſſime,
288 531 369 564 legatus
383 531 383 564 à
404 531 456 564 Patre
480 531 533 564 venit
557 531 568 564 in

88 557 88 588 .
142 557 205 588 caſtra,
218 557 247 588 pet
256 557 310 588 itque
323 557 332 588 in
358 557 449 588 conſpect
459 557 573 588 umadmit-

94 575 94 605 .

84 592 170 639 HERM.
194 592 310 639 Ofortunat
323 592 340 639 os
350 592 446 639 nuncios:
469 592 496 639 fac
519 592 576 639 ſecu-

61 638 76 668 rè
88 638 109 668 ad
124 638 202 668 fratrem
220 638 358 668 ingrediatur,

87 665 147 692 DVR.
178 665 232 692 Vides
244 665 386 692 prænuntios.

89 689 181 720 LEGAT.
200 689 260 720 Frater
275 689 320 720 tuus
339 689 459 720 Recaredus,
474 689 576 720 Princeps

61 717 205 748 IlIuitriſſime,
220 717 328 748 proximus
343 717 370 748 eſt;
382 717 415 748 nos
430 717 481 748 inter
490 717 508 748 im
532 717 571 748 cum

61 745 130 775 oliuis,
145 745 163 775 vt
178 745 238 775 vides,
250 745 265 775 pr
283 745 358 775 æimus,
376 745 427 775 pacis
445 745 556 775 amatores

59 768 110 801 pacis
125 768 212 801 nuntii,
242 768 281 801 acis
296 768 302 801 ſi
320 768 350 801 per
368 768 383 801 te
398 768 455 801 liceat
473 768 578 801 exorato-

140 801 423 882 XXXXXXXXX:
451 801 579 882 XXX::

57 879 105 906 crari
119 879 209 906 cæleſtes
229 879 350 906 voluerunt.

87 889 177 945 Reuerere
194 889 240 945 tuos
254 889 320 945 ſuppli
334 889 377 945 ces,
400 889 450 945 quos
473 889 507 945 tibi
530 889 566 945 non

52 930 112 961 aict
129 930 132 961 æ
146 930 231 961 fortunę
250 930 318 961 turpis
332 930 417 961 quædam
440 930 561 961 neceſſitas,

53 945 82 988 ſed
101 945 104 988 o
114 945 152 988 ſtici
164 945 186 988 oſa
202 945 269 988 pietas
284 945 373 988 immiſit.
398 945 500 988 Reuerere
522 945 575 988 Litas

53 977 97 1015 illas
125 977 230 1015 maieſtatis
252 977 328 1015 eximiæ
350 977 461 1015 virgines,
493 977 534 1015 quæ
553 977 575 1015 ad

52 1006 169 1041 ſempiterni
184 1006 277 1041 numinis
295 1006 388 1041 tribunal
412 1006 484 1041 peruig
493 1006 529 1041 iles
547 1006 574 1041 ſe-

65 1031 102 1068 ent,
114 1031 125 1068 &
142 1031 173 1068 eos
187 1031 218 1068 qui
227 1031 351 1068 arrogantis
371 1031 433 1068 animi
453 1031 496 1068 faſtu
524 1031 572 1068 ſuos

55 1059 205 1107 ontẽpierunt
223 1059 244 1107 cli
257 1059 310 1107 entes
327 1059 446 1107 ſeueriſſimè
470 1059 572 1107 puniunt.
