657 1197
66 23 81 51 3t
161 23 479 51 HERMEXIGILDVS

95 50 284 77 HERIENIG.
302 50 418 77 Amplector
433 50 478 77 tuam
505 50 577 77 pĩeta-

66 76 111 116 teim.
132 76 189 116 Recui
249 76 318 116 irater,
330 76 416 116 amplect
431 76 443 116 or
467 76 581 116 innocen-

88 110 141 125 IIII.

76 122 172 163 ECAR.
193 122 256 163 Frater
274 122 352 163 (neque
375 122 417 163 enim
444 122 477 163 hoc
501 122 576 163 nomen

70 155 81 189 vn
98 155 152 189 quam
166 155 203 189 ami
214 155 268 189 ttes)
288 155 322 189 quò
339 155 356 189 te
381 155 460 189 tuorum
489 155 585 189 conſilia,

67 184 79 214 &
93 184 104 214 in
127 184 175 214 quam
200 184 305 214 perniciem
322 184 370 214 adeg
384 184 426 214 ere,
449 184 497 214 noui
522 184 587 214 æqui-

103 191 602 267 XXXX:XXXXaXXXXX:X.

67 262 114 293 iſtam
136 262 153 293 ex
162 262 162 293 ·
193 262 244 293 gerat
264 262 264 293 æ
289 262 377 293 virtutis
397 262 485 293 ĩindolerm
513 262 530 293 al
538 262 589 293 ienis

70 291 141 326 colorib
158 291 175 326 us
192 291 262 326 infnſca
277 291 302 326 re.
327 291 401 326 Tandem
418 291 483 326 igitur
511 291 588 326 confli-

72 319 136 349 gemus
170 319 194 349 tan
215 319 247 349 dem
271 319 380 349 exerentur
399 319 465 349 arma,
481 319 494 349 &
518 319 529 349 in
563 319 585 349 diu

75 344 115 375 medi
125 344 152 375 tat
160 344 181 375 um
203 344 267 375 ſcelus
288 344 421 375 erumpent?
448 344 453 375 O
464 344 509 375 ſlem
536 344 568 375 ipſu

69 372 152 404 miſerum,
164 372 192 404 qui
204 372 297 404 antequam
314 372 317 404 a
329 372 366 404 bdar
379 372 391 404 ſe
401 372 411 404 in
441 372 541 404 Oceanum,
554 372 589 404 ger-

70 399 112 427 mani
122 399 215 427 ſanguinit
230 399 302 427 maculas
317 399 402 427 cncipiet:

99 426 102 456 E
120 426 189 456 RAS.
225 426 324 456 Diſertior
351 426 368 456 eit
380 426 413 456 iſte
440 426 509 456 orator
536 426 584 456 quàm

73 452 152 483 vellem,
164 452 226 483 timeo
240 452 260 483 ne
277 452 322 483 quid
333 452 387 483 inter
398 452 477 483 turbet.

106 461 208 515 RECAR.
232 461 306 515 Frater,
320 461 365 515 quid
386 461 452 515 moliri
491 461 554 515 patria
575 461 592 515 eſt

73 506 82 538 ſi
97 506 160 538 neſcis
178 506 226 538 quam
250 506 366 538 oppugnas,
384 506 423 538 quæ
444 506 519 538 miſera,
537 506 549 538 &
561 506 579 538 iſt

74 535 191 564 temporum
210 535 298 564 fuligiue
312 535 363 564 tetrè
380 535 505 564 deformata,
525 535 553 564 eas
567 535 590 564 ip-

77 561 103 591 ſas
123 561 185 591 manus
202 561 247 591 quas
270 561 307 591 Deo
318 561 434 591 immortali
463 561 500 591 pro
525 561 553 591 tua
573 561 593 591 ſa-

79 540 121 618 Iute
137 540 209 618 ſæpius
221 540 343 618 innocentes
362 540 438 618 obtulit
484 540 522 618 tibi
545 540 564 618 nu

78 615 183 645 ſnpplices
198 615 270 645 tendit,
288 615 306 645 or
315 615 342 645 at,
354 615 417 645 atque
435 615 468 645 obt
480 615 567 645 eſtatur,
576 615 591 645 ne

79 642 97 672 ne
115 642 127 672 ſe
145 642 232 672 diripias,
241 642 262 672 ne
277 642 358 672 laceres,
367 642 388 672 ne
400 642 448 672 ſpiri
457 642 475 672 tũ
496 642 550 672 quem
568 642 595 672 illi

77 669 80 699 à
100 669 114 699 re
131 669 208 699 refundi
225 669 273 699 opor
287 669 352 699 tebat,
366 669 397 699 per
411 669 479 699 inaudi
491 669 527 699 tum
559 669 593 699 ſce-

79 698 106 729 Ius
125 698 210 729 eripias,
226 698 242 729 ne
258 698 269 729 tu
290 698 298 729 in
322 698 373 729 euerſa
391 698 463 729 parentis
482 698 562 729 deſolatis
575 698 591 729 ci-

75 725 114 754 neri
126 725 140 754 us
154 725 217 754 tuorum
235 725 315 754 glrimmt
326 725 419 754 rophaorum
447 725 555 754 conſtituas.

112 735 280 787 AERMENIG.
295 735 349 787 Abſit᷑
368 735 372 787 à
399 735 422 787 me
441 735 528 787 frater,
548 735 593 787 abſi:

78 779 114 804 hoc
129 779 204 804 ſcelus.

123 802 223 834 RECAR.
246 802 306 834 Frater
322 802 366 834 quid
376 802 442 834 agis?
469 802 528 834 pater
548 802 568 834 eſt
588 802 592 834 ſ

81 831 144 862 neſcis
162 831 210 862 quem
231 831 240 862 in
255 831 354 862 ſequeris,
372 831 396 862 fac
411 831 426 862 te
438 831 450 862 in
468 831 519 862 belli
537 831 591 862 labo-

84 857 138 888 ribus
150 857 213 888 impig
225 857 279 888 rum,
291 857 303 888 in
324 857 420 888 periculis
435 857 564 888 animoſum,
579 857 588 888 in

85 884 121 919 vict
133 884 181 919 oriis
193 884 304 919 fœlicem,
322 884 376 919 quale
397 884 469 919 tandem
499 884 589 919 futurum

85 912 105 940 eſt
125 912 181 940 iſtius
204 912 326 940 fœlicitatis
345 912 447 940 præmium
504 912 586 940 miſerum

87 937 112 966 me:
129 937 197 966 irerum
220 937 330 966 exclamare
347 937 381 966 cog
393 937 418 966 or,
435 937 478 966 equi
489 937 523 966 dem
543 937 594 966 illud

84 965 143 1001 dicere
163 965 293 1001 exhorreſco,
307 965 358 1001 quod
375 965 400 1001 tua
417 965 538 1001 humanitas
553 965 586 1001 non

79 991 119 1016 pati
127 991 164 1016 tur,
183 991 212 1016 ſed
225 991 281 1016 tamen
308 991 409 1016 dicendum
430 991 460 1016 eſt.

107 1016 118 1048 Tu
138 1016 195 1048 ſenem
215 1016 246 1048 iam
265 1016 299 1048 ſuo
314 1016 353 1048 fato
373 1016 401 1048 occ
410 1016 512 1048 identem,
529 1016 585 1048 viuum

82 1040 92 1079 &
108 1040 212 1079 ſpirantem
235 1040 245 1079 in
268 1040 338 1079 patriæ
355 1040 422 1079 rogum
448 1040 555 1079 imones:
572 1040 575 1079 I
