673 1229
154 59 494 98 HERMENIGILDVS.
566 59 594 98 33

91 88 151 116 atrem
176 88 190 116 de
207 88 264 116 rerum
286 88 413 116 humanarum
439 88 523 116 culmine
543 88 588 116 den-

77 114 140 147 cie1t
140 114 140 147 t
180 114 190 147 er
207 114 282 147 genIoii
292 114 331 147 procu
349 114 406 147 latum
424 114 521 147 cadad
533 114 586 147 impe-

71 141 86 174 rij
100 141 111 174 gu
125 141 210 174 bernacula
230 141 351 174 tranſcendes:
371 141 382 174 &
405 141 438 174 erit
453 141 534 174 fortaſſè
549 141 585 174 ali-

76 170 119 200 quIS
158 170 252 200 T0teruus
263 170 323 200 atque
334 170 345 200 in
362 170 413 200 ſols
430 170 476 200 lixa,
487 170 515 200 qui
532 170 589 200 cruẽ-

74 194 101 228 tas
116 194 215 228 interfect
224 194 224 228 i
239 194 287 228 ſenis
302 194 338 228 reli
347 194 401 228 quias
419 194 479 228 cnto
494 194 590 228 præfixas

72 221 96 255 oſt
111 221 174 255 entet,
189 221 249 255 ſpecta
264 221 324 255 culum
348 221 399 255 cœlo
420 221 519 255 terriſque
543 221 588 255 eru-

69 246 210 284 beicendum,
228 246 276 284 quaſi
300 246 345 284 vero
363 246 396 284 non
417 246 453 284 alia
477 246 588 284 ſuppetane

72 274 113 311 tuæ
135 274 192 311 iſtius
214 274 350 311 fortitudinis
379 274 461 311 inſignia
493 274 493 311 ,
521 274 559 311 uàm
579 274 588 311 ſi

71 301 147 336 cruore
162 301 198 336 fact
210 301 258 336 orum
280 301 356 336 ruorum
371 301 455 336 annales
472 301 582 336 inſcribas.

105 328 138 364 Ego
153 328 168 364 te
183 328 216 364 per
234 328 291 364 diuum
318 328 456 364 religionem,
477 328 510 364 per
531 328 585 364 com-

75 357 143 391 munem
166 357 279 391 ſanguinem
298 357 358 391 rogo,
366 357 397 391 per
412 357 460 391 iſtam
485 357 581 391 dextram,

90 383 102 411 er
123 383 180 411 genua
204 383 243 411 quæ
252 383 342 411 amplect
354 383 378 411 or,
390 383 447 411 frater
462 383 525 411 noſtri
540 383 543 411 t
555 383 585 411 ui-

75 409 109 437 que
130 409 226 437 miſerere.

99 436 269 470 HERMENIG.
286 436 349 470 Surge
375 436 392 470 mi
415 436 498 470 frater,
518 436 581 470 ſurge,

71 462 119 491 quid
131 462 191 491 facis:

100 487 202 520 RECAR.
229 487 289 520 Flecte
316 487 391 520 mentem
412 487 478 520 iſtam,
490 487 574 520 animum

69 514 141 547 doma,
167 514 221 547 vince
239 514 386 547 iracundiam,
407 514 450 547 noli
469 514 477 547 in
506 514 573 547 peſtem

72 541 120 578 tuam
144 541 222 578 proiect
231 541 252 578 us
264 541 390 578 incumbere,
402 541 441 578 præ
450 541 474 578 ſto
489 541 510 578 eſt
519 541 585 578 pater,

72 568 126 603 cuius
144 568 177 603 ego
192 568 234 603 iuſſu
252 568 264 603 in
285 568 324 603 hæc
342 568 393 603 eaſtra
411 568 480 603 penetr
492 568 522 603 aii
555 568 582 603 qui

70 596 87 627 re
101 596 206 627 excipiat,
231 596 260 627 qui
277 596 345 627 omnem
367 596 483 627 ſimultatem
506 596 579 627 eluar,

70 622 85 656 &
100 622 196 656 iacentem
220 622 268 656 illam
289 622 352 656 atque
373 622 490 656 inclinatam
514 622 583 656 fortu-

71 650 107 682 nam
134 650 143 682 in
170 650 275 682 priſtinum
305 650 359 682 decus
386 650 467 682 erigat,
491 650 575 682 omnium

73 671 101 710 qui
117 671 130 710 te
149 671 237 710 oderant,
250 671 363 710 conſopitæ
382 671 423 710 ſunt
445 671 578 710 inimicitiæ,

73 703 110 732 odia
124 703 135 732 in
155 703 229 732 fomite
243 703 365 732 præſocata,
387 703 503 732 conciliatæ
520 703 580 732 volũ-

71 731 128 762 rates,
139 731 207 762 omnes
232 731 339 762 quotquot
367 731 410 762 ſunt
435 731 469 762 mor
480 731 531 762 tales
542 731 576 762 ad-

68 752 146 790 uentum
176 752 224 790 tuum
245 752 254 790 in
278 752 332 790 caſtra
350 752 401 790 quaſi
413 752 506 790 lætiſſimi
527 752 581 790 ſyde-

70 784 94 817 ris
109 784 175 817 aſpect
184 784 208 817 um
235 784 271 817 præ
280 784 390 817 ſtolantur.
426 784 438 817 Tu
459 784 495 817 aut
519 784 576 817 ocyus

75 799 140 841 mecum
160 799 171 841 in
194 799 256 841 patris
270 799 380 841 amplexum
406 799 490 841 inuola,
516 799 547 841 aut
570 799 578 841 ſi

65 837 128 873 adhuc
140 837 152 873 in
170 837 272 873 iracundia
287 837 382 873 perſiſtis,
397 837 418 873 me
436 837 487 873 vnum
508 837 547 873 quæ
556 837 574 873 ſo

69 865 103 897 pro
120 865 211 897 omnibus
228 865 360 897 ſuccidaneam
380 865 417 897 vict
423 865 476 897 imam
493 865 536 897 acci
544 865 575 897 pe,

70 892 82 929 &
100 892 136 929 meo
160 892 232 929 cruore
256 892 351 929 quicquid
375 892 465 929 malorum
504 892 576 929 patriæ

72 918 186 949 ceruicibus
198 918 309 949 impendet,
324 918 372 949 elue,

74 937 237 978 HERMENIG.
260 937 324 978 Frater
340 937 413 978 viciſti,
433 937 476 978 quid
500 937 576 978 vrges:

75 964 99 1004 Dei
115 964 192 1004 vinditem
211 964 269 1004 oculum
285 964 339 1004 teſtor,
352 964 450 1004 nunquam
466 964 480 1004 in
501 964 517 1004 te
530 964 544 1004 &
557 964 568 1004 in

71 999 137 1031 patrem
167 999 221 1031 meum
239 999 317 1031 hoſtili,
331 999 358 1031 ſed
373 999 394 1031 ne
403 999 475 1031 alieno
496 999 568 1031 quidem

68 1025 84 1056 an
98 1025 135 1056 imo
149 1025 183 1056 fui,
200 1025 211 1056 &
225 1025 262 1056 hæc
279 1025 319 1056 quæ
338 1025 389 1056 vides
403 1025 463 1056 arma,
477 1025 511 1056 non
531 1025 576 1056 ſunt

67 1051 88 1082 ad
105 1051 131 1082 vim
151 1051 269 1082 inferendam
295 1051 414 1082 compoſita,
428 1051 456 1082 ſed
467 1051 490 1082 ad
507 1051 567 1082 eorum

96 1076 195 1116 ſtinęenda
217 1076 319 1116 conſilia,
341 1076 370 1116 qui
392 1076 512 1116 facilitem
