664 1231
120 54 441 86 HERMEN2VS.
525 54 539 86 33

159 206 185 224 T
392 206 392 224 0

183 208 251 251 VI
333 208 389 251 0
460 208 460 251 R

82 244 125 284 cùm
152 244 245 284 tardius
261 244 368 284 redirent
388 244 454 284 pacis
477 244 557 284 legati,

76 283 201 325 iubetcani
219 283 355 325 claſcicum,
377 283 465 325 Sophron
501 283 560 325 Prin-

82 324 124 367 ceps
148 324 235 367 maturè
263 324 385 367 diſuadet.

156 404 225 435 Vantus
238 404 256 435 ſit
275 404 360 435 dolorum
376 404 439 435 atque
452 404 559 435 incendio-

147 434 182 464 rum
201 434 264 464 fomes
280 434 334 464 filios
353 434 444 464 genuiſſe,
466 434 507 464 meis
523 434 558 464 ego

148 462 221 492 damnis
238 462 348 492 experior,
371 462 396 492 cui
411 462 521 492 infæcundam
537 462 557 492 il-

148 487 176 516 lam
191 487 313 516 fœcunditatem
343 487 363 516 dij
383 487 508 516 immortales
531 487 558 516 de-

55 508 104 544 dere,
121 508 132 544 &
143 508 155 544 in
174 508 191 544 id
203 508 259 544 ſolum
279 508 350 544 patrem
370 508 469 544 fecerunt,
486 508 500 544 vt
517 508 543 544 orb

53 541 81 571 ter
92 541 149 571 rarum
172 541 217 571 eſſem
237 541 353 571 inſidiantis
373 541 464 571 fortunæ
483 541 534 571 ſpect
540 541 560 571 a-

55 564 126 597 culu.
140 564 168 597 Iam
191 564 208 597 eò
224 564 253 597 res
270 564 357 597 deuenit,
374 564 391 597 vt
405 564 464 597 hodie
484 564 524 597 mihi
538 564 560 597 fi-

53 592 73 624 lij
87 592 158 624 cruore
167 592 249 624 aſſuetæ
263 592 376 624 exterorum
399 592 506 624 triumphis
529 592 560 624 ma-

53 617 89 653 nus
104 617 137 653 ſint
152 617 308 653 reſpergendæ,
320 617 353 653 aut
365 617 374 653 ſi
386 617 416 653 iam
446 617 563 653 cœleſtibus

56 651 102 680 viuo
119 651 189 680 grauis,
206 651 220 680 &
232 651 322 680 inuiſus,
342 651 362 680 hic
388 651 458 680 degmer,
472 651 495 680 per
515 651 563 680 artus

62 679 105 715 atris
115 679 166 715 fugam
182 679 222 715 illam
241 679 281 715 ſuam
299 679 374 715 explicet,
390 679 401 715 &
414 679 427 715 ex
441 679 510 715 crumtis
521 679 564 715 ſenis

67 706 123 742 xuuiis,
137 706 163 742 ſui
171 706 249 742 ſacrilegij
262 706 342 742 trophæum
371 706 427 742 erigat.
451 706 483 742 Sed
505 706 556 742 omen

55 731 132 771 nuertat
154 731 213 771 Deus,
228 731 290 771 faciam
315 731 346 771 ego
363 731 380 771 vt
394 731 488 771 ſceleſtus
499 731 564 771 intel-

56 758 64 788 Ii
78 758 112 788 gat,
135 758 217 788 dextram
236 758 284 788 iſtam
301 758 335 788 non
364 758 420 788 minus
445 758 474 788 eſſe
493 758 502 788 in
533 758 561 788 de-

57 779 158 815 bellandis
171 779 275 815 hoſtibus,
297 779 347 815 quàm
366 779 376 815 in
404 779 524 815 frangendis
540 779 562 815 ci-

55 812 123 842 uilium
149 812 287 842 diſcordiarum
307 812 400 842 imotibus
414 812 561 842 exercitatam:

58 840 120 875 faciam
152 840 166 875 vt
186 840 242 875 totus
265 840 316 875 orbis
336 840 429 875 terrarum
455 840 523 875 reſciat
545 840 557 875 in

59 865 161 895 parentum
182 865 281 895 ſatellitio
302 865 386 895 militare
410 865 497 895 vltricem
527 865 566 895 Ne-

99 892 584 950 XXXXXXXXXXXX:

58 946 87 977 red
95 946 106 977 it
125 946 239 977 Recaredus
257 946 313 977 meus,
329 946 342 977 &
358 946 419 977 timeo
433 946 451 977 ne
470 946 563 977 execran-

62 973 92 1008 dus
104 973 137 1008 ille
152 973 164 1008 in
185 973 254 1008 fratris
284 973 331 1008 cæde
346 973 481 1008 proluſerit,
505 973 523 1008 vt
547 973 565 1008 ſi-

59 999 91 1033 cam
120 999 158 1033 eius
176 999 245 1033 cruore
264 999 365 1033 intinctam
389 999 400 1033 in
429 999 472 1033 patr
480 999 493 1033 is
512 999 565 1033 latus

55 1028 182 1057 immergat,
201 1028 249 1057 arma
270 1028 318 1057 arma
342 1028 392 1057 totis
421 1028 485 1057 caſtris
509 1028 565 1057 expe-

63 1047 153 1086 diantur,
171 1047 213 1086 dent
225 1047 297 1086 ſignum
324 1047 441 1086 æneatores,
459 1047 528 1086 immer
555 1047 570 1086 ẽ-

75 1078 93 1143 us
114 1078 222 1143 neceſſurio
247 1078 355 1143 ſcalpellus
376 1078 457 1143 vlceri:
488 1078 569 1143 ciuddlm

428 1108 453 1137 Yi
