656 1227
98 44 130 78 ã2
202 44 528 78 HERMENIGILDVS

101 71 117 103 mi
136 71 196 103 pater,
211 71 256 103 tuus
278 71 319 103 ille,
344 71 433 103 meuſque
455 71 527 103 Herme
537 71 540 103 n
559 71 559 103 i
575 71 610 103 gil-

97 100 130 131 dus
148 100 244 131 nunquam
292 100 316 131 te,
337 100 387 131 quod
408 100 474 131 ſiniſtra
492 100 537 131 hom
552 100 555 131 i
564 100 606 131 num

98 125 139 157 fama
158 125 215 157 palam
237 125 294 157 diſſem
307 125 382 157 inauit,
389 125 500 157 alienatus,
512 125 569 157 redit
598 125 607 157 in

99 153 164 183 caſtra,
178 153 192 183 &
206 153 260 183 vltro
271 153 280 183 ſi
291 153 348 183 iubes
362 153 370 183 in
393 153 438 183 tuos
452 153 557 183 amplexus
579 153 610 183 in-

99 182 125 208 uo
133 182 167 208 lat.

142 199 196 238 LEV.
218 199 309 238 Prætexis
325 199 407 238 fortaſſe
433 199 449 238 mi
474 199 537 238 gnate,
550 199 613 238 tanto

101 233 183 265 ſacinori
198 233 302 265 ſpecioſum
321 233 432 265 titulum,
454 233 466 265 &
489 233 558 265 fratern
593 233 596 265 a

107 259 161 288 mioris
173 259 293 288 abundantia
317 259 371 288 multa
386 259 464 288 fingis,
485 259 542 288 multa
563 259 605 288 diſi-

106 286 169 321 mulas.
188 286 220 321 Sed
235 286 267 321 per
289 286 340 321 Deum
362 286 498 321 immortalem
529 286 558 321 dic
577 286 608 321 quo

99 312 114 343 1e
128 312 193 343 vultu,
210 312 281 343 quibus
295 312 309 343 te
326 312 388 343 verbis
408 312 482 343 ecepit

118 334 178 371 REC.
202 334 254 371 Pater
265 334 317 371 nihil
331 334 370 371 eius
383 334 460 371 afinęo
474 334 565 371 pietati,
575 334 610 371 quæ

99 366 168 397 plenum
186 366 246 397 habet
270 366 282 397 &
303 366 420 397 cumulatam
444 366 534 397 Iaudem.
579 366 612 397 Vidi

97 395 124 423 his
139 395 202 423 oculis
217 395 325 423 inuenem,
349 395 409 423 ægrum
433 395 523 423 corpore
547 395 562 423 &
574 395 616 423 ani-

101 421 136 451 mo,
151 421 256 451 ſquallore
272 421 284 451 &
300 421 348 451 luctu
370 421 481 451 obrurum,
500 421 531 451 heu
553 421 614 451 quan-

96 447 131 477 tm
150 447 165 477 ab
184 447 222 477 illo
235 447 266 477 tuo
282 447 402 477 Hermenigi
412 447 443 477 ldo
456 447 592 477 immutatum

106 474 163 505 Tamen
191 474 242 505 inter
264 474 352 505 dolorum
380 474 421 505 quæ
437 474 478 505 ipſe
510 474 611 505 conſtanti

96 501 165 530 animo
180 501 258 530 ferebat
273 501 390 530 incendia,
411 501 459 530 nihil
483 501 498 530 de
519 501 552 530 ſuo
576 501 609 530 caſu

98 527 230 560 querebatur,
248 527 320 560 tantùm
344 527 422 560 dolebat
446 527 458 560 ſe
482 527 614 560 maleuolorũ

100 554 187 586 conſiliis
202 554 205 586 à
223 554 247 586 tua
268 554 414 586 beneuolentia
435 554 513 586 diſtract
522 554 567 586 um.
591 554 612 586 I-

99 582 137 614 que
149 582 165 614 id
181 582 257 614 conſilii
276 582 384 614 cœperat,
409 582 425 614 vt
444 582 457 614 ſe
482 582 529 614 poti
539 582 561 614 us
580 582 615 614 ini-

101 608 191 640 micorum
224 608 287 640 furori
311 608 314 640 t
326 608 353 640 ruc
365 608 451 640 idandum
487 608 520 640 obi
529 608 610 640 iceret,

100 632 148 667 quam
166 632 178 667 in
199 632 214 667 te
229 632 298 667 durius
310 632 385 667 aliquid
403 632 508 667 conſulere
529 632 607 667 videre-

98 661 134 694 tur.
158 661 185 694 Vbi
206 661 248 694 verò
269 661 290 694 me
302 661 353 694 pacis
367 661 418 694 inter
427 661 523 694 nuncium
550 661 610 694 vidit,

98 686 180 719 repente
192 686 240 719 arma
262 686 344 719 poſuit,
363 686 479 719 complexus
498 686 543 719 eſt,
568 686 609 719 iIla-

100 716 220 747 chrimauit,
236 716 328 747 hæſimus
347 716 359 747 in
388 716 467 747 militum
499 716 613 747 conſpectu

103 742 172 774 mutuis
185 742 317 774 amplexibus
330 742 374 774 impl
384 742 434 774 iciti,
450 742 519 774 mutuis
535 742 614 774 Iachri-

103 768 132 800 mis
144 768 223 800 perfuſi,
233 768 337 800 iucundum
360 768 413 800 planè
429 768 474 800 ipſis
489 768 518 800 qui
534 768 565 800 bel
575 768 610 800 Ium

108 796 108 825 &
126 796 189 825 cædem
204 796 258 825 antea
279 796 390 825 ſpirabant,
399 796 549 825 ſpectaculum.
573 796 615 825 Nũc

92 821 154 854 autem
176 821 189 854 vt
214 821 271 854 planè
296 821 328 854 eum
353 821 463 854 intelligas
482 821 520 854 ſola
542 821 605 854 inno-

97 850 154 887 centia
176 850 281 887 ſecurum,
292 850 357 887 nudus
377 850 388 887 &
411 850 496 887 inermis
513 850 524 887 in
552 850 603 887 tuum

95 876 188 906 conſpect
197 876 221 906 um
245 876 304 906 venit,
322 876 364 906 iubẽ
376 876 403 906 ſne
415 876 508 906 admittit

129 900 182 935 LEV.
205 900 262 935 Volo,
275 900 345 935 iubeo,
361 900 494 935 concupiſco.
511 900 544 935 Heu
571 900 604 935 vim

94 929 196 962 ſanguinis
220 929 250 962 heu
271 929 361 962 blandum
382 929 394 962 &
403 929 493 962 amabile
514 929 556 962 filio
568 929 604 962 rum

93 957 159 986 nomen
201 957 216 986 Eg
237 957 294 986 prrns
318 957 333 986 ſſe
345 957 465 986 ſexagenarius
480 957 534 986 diſc,
546 957 561 986 &
576 957 597 986 ill

96 981 150 1013 ferox
162 981 180 1013 at
192 981 225 1013 que
237 981 318 1013 hoſtilis
330 981 411 1013 animus
426 981 447 1013 ad
465 981 522 1013 iſtius
543 981 606 1013 pieta-

97 1009 123 1043 ris
132 1009 202 1043 nomen
221 1009 310 1043 tanquam
332 1009 404 1043 fluctus
420 1009 442 1043 ad
458 1009 563 1043 ſcopulum
582 1009 607 1043 al-

101 1036 145 1068 Iiſus
164 1036 248 1068 euanuit.

143 1063 198 1095 REC.
220 1063 234 1095 En
256 1063 307 1095 pater
326 1063 373 1095 quem
395 1063 490 1095 requiris.
