698 1234
111 57 141 90 250
202 57 516 90 HERMENIGILDVS

267 1 622 143 X:X:XX:X::

123 138 141 175 us
156 138 261 175 humanis:
279 138 342 175 Nobis
354 138 413 175 autem
434 138 482 175 quid
497 138 542 175 aliui
554 138 611 175 teſtat

110 165 122 196 in
153 165 204 196 ranta
235 165 373 196 impendentis
399 165 478 196 ſceleris
501 165 608 196 atroiate,

111 191 186 223 præter
201 191 261 223 animi
279 191 402 223 mœſtitiam,
420 191 558 223 ſquallorem,
576 191 612 223 &-

116 223 127 244 ct
136 223 175 244 um?

153 244 203 276 LEV.
222 244 266 276 Bona
286 244 349 276 verha,
365 244 448 276 quæſo,
472 244 512 276 quò
535 244 621 276 ſpectan:

115 274 133 299 iſt
152 274 152 299 æ
173 274 311 299 querimoniæ?

136 297 223 331 HERM.
243 297 286 331 Tuam
309 297 385 331 ſalutem
409 297 412 331 ô
432 297 488 331 Rex,
512 297 518 331 ſi
541 297 585 331 nos
598 297 631 331 au-

119 328 152 349 dis.

142 352 229 382 LEVIG.
251 352 356 382 Quomodo

150 378 296 410 DARIACES.
319 378 382 410 Hodie
399 378 436 410 tibi
455 378 555 410 poſtrema
585 378 635 410 cala-

123 403 174 434 mitas
189 403 306 434 ĩmpendet,
321 403 354 434 niſi
369 403 410 434 tuus
428 403 452 434 gen
467 403 500 434 ius
521 403 629 434 hominum

125 432 173 463 malit
179 432 224 463 iam,
242 432 344 463 telamque
359 432 556 463 improbiſſimorum
589 432 634 463 con-

118 461 205 489 ſiliorum
223 461 355 489 præſcindat.

145 485 199 516 LEV.
218 485 268 516 Malè
287 485 414 516 ominamini.
436 485 512 516 Reddita
534 485 556 516 eſt
578 485 638 516 rebus

121 513 134 544 ſe
143 513 229 544 renitas,
244 513 411 544 Hermenigildus
430 513 493 544 rediit.

145 540 208 568 HEER.
244 540 313 568 Vtinam
334 540 391 568 ſtaret
403 540 463 568 adhuc
478 540 490 568 in
505 540 565 568 acie,
583 540 643 568 time-

124 566 153 598 rem
169 566 189 598 us
201 566 316 598 armatum:
333 566 359 598 ſed
381 566 426 598 ficam
452 566 506 598 inter
528 566 593 598 Iatera
616 566 638 598 vi-

120 593 163 625 bran
179 593 210 625 tem
233 593 272 625 quis
289 593 323 625 ſari
334 593 337 625 s
351 593 424 625 caueat:

169 618 191 653 LE
210 618 223 653 V.
248 618 330 653 Quorſum
349 618 397 653 iſta?
413 618 460 653 noui
476 618 511 653 filii
530 618 641 653 animum,

123 651 174 676 noui
191 651 238 676 fidem
255 651 255 676 ·

158 671 231 707 DARI.
259 671 290 707 Hei
311 671 349 707 mihi
370 671 436 707 miſero
454 671 468 707 &
492 671 642 707 calamitoſoI

129 698 165 730 quia
189 698 246 730 nimis
264 698 348 730 ſecurum
384 698 408 730 tua
432 698 447 730 te
459 698 483 730 fœ
492 698 564 730 licitas
582 698 642 730 facir.

130 726 163 756 Sed
175 726 205 756 rex
217 726 313 756 permitre
325 726 364 756 nos
379 726 397 756 de
412 726 430 756 eo
448 726 511 756 capite
523 726 550 756 ſol
559 726 583 756 lic
592 726 637 756 itos

128 755 165 782 eſſe,
181 755 216 782 quo
237 755 272 782 Vno
288 755 370 782 omnium
394 755 426 782 vita
453 755 583 782 continetur.

171 779 225 809 LEV.
244 779 259 809 Si
285 779 329 809 quid
351 779 433 809 monſtri
452 779 490 809 alit
515 779 562 809 noua
591 779 638 809 con-

127 808 212 836 ſpiratio
226 808 277 836 quàm
297 808 379 836 primum
402 808 498 836 enarrate.

172 833 229 863 DAR.
253 833 280 863 Vis
298 833 331 863 vno
349 833 409 863 verbo
433 833 484 863 dicam
532 833 640 863 Romanus

131 860 150 892 eſt
165 860 346 892 Hermenigildus,
368 860 380 892 &
393 860 453 892 eodem
482 860 592 892 religionis
614 860 637 892 ſa-

128 888 233 910 cramento
250 888 281 910 cum
304 888 340 910 tuis
352 888 445 910 hoſtibus
456 888 561 910 irretitus.

167 914 258 939 LEVIG.
282 914 359 939 Latinus
380 914 408 939 eſt.

159 940 300 970 DARIAC.
323 940 354 970 Et.

161 963 248 1002 LEVIG.
265 963 398 1002 Romanorum
425 963 547 1002 ceremoniis
568 963 638 1002 initia-

134 1002 173 1019 tus.

176 1017 250 1051 DARI.
266 1017 286 1051 Ita
306 1017 340 1051 eſt:
356 1017 420 1051 cætera
440 1017 473 1051 tibi
486 1017 496 1051 in
523 1017 596 1051 mentem
616 1017 640 1051 fa-

137 1046 170 1082 cile
187 1046 237 1082 venir
253 1046 253 1082 e
270 1046 363 1082 poſſunt,
380 1046 460 1082 quorum
486 1046 520 1082 ſola
543 1046 633 1082 recordu-

134 1077 160 1105 tio
178 1077 285 1105 confundit
298 1077 392 1105 animum.
