687 1218
123 43 153 77 352
226 43 546 77 HERMENIGILDVS

137 72 254 105 toculcaret
269 72 269 105 :
296 72 329 105 Ego
347 72 362 105 te
383 72 476 105 miſerum,
491 72 566 105 vagum,
578 72 629 105 nau-

122 101 191 132 fragum
218 101 254 132 meo
269 101 311 132 ſinũ
326 101 397 132 excepi,
415 101 430 132 vt
448 101 514 132 exſecta
529 101 565 132 præ
580 101 625 132 cor-

124 127 193 158 diorum
220 127 283 158 viralia
310 127 408 158 vnguibus
432 127 540 158 reuelleres
588 127 603 158 Eg
624 127 624 158 o

118 153 172 184 inter
187 153 187 184 i
196 153 229 184 ſtas
250 153 316 184 epulas
340 153 379 184 quæ
402 153 453 184 penè
477 153 519 184 mihi
558 153 624 184 ltimiæ

120 181 149 211 fue
160 181 211 211 runt,
222 181 262 211 vota
282 181 327 211 cœle
353 181 395 211 ibus
409 181 446 211 pro
463 181 489 211 tua
511 181 568 211 ſalue
582 181 625 211 red-

121 208 166 237 didi,
190 208 208 237 vt
226 208 247 237 me
262 208 370 237 reddentem
388 208 456 237 incuſſi
468 208 480 237 in
510 208 597 237 patens
618 208 621 237 à

123 235 138 265 re
156 235 240 265 ceruices
261 235 288 265 mei
300 235 336 265 ipſi
351 235 435 265 penates
450 235 492 265 ſepe
504 235 567 265 lirent
606 235 630 265 uæ

128 260 210 292 Barbaria
229 260 280 292 iſtud
292 260 362 292 pectus
378 260 444 292 finxit?
476 260 517 292 Quis
542 260 634 292 Læſigo

126 286 255 327 deformauit?
280 286 315 327 Quæ
339 286 419 327 Colehis
437 286 468 327 flag
482 286 493 327 it
503 286 538 327 io,.
548 286 576 327 ſce
590 286 632 327 lete,

121 314 149 342 per
158 314 206 342 ſidia,
218 314 319 342 peſtiferis
335 314 417 342 venenis
430 314 502 342 infecit

143 340 227 369 HERM.
254 340 296 369 Quid
306 340 344 369 feci
358 340 421 369 pater-

149 365 234 398 LEVIG.
260 365 367 398 Innocenti
377 365 443 398 ſſimum
475 365 563 398 caput,
595 365 639 398 quid

122 392 188 430 fecerit
204 392 270 430 rogat,
286 392 298 430 &
314 392 346 430 cum
365 392 437 430 patrem
453 392 601 430 interfecerit,
624 392 639 430 ſe

117 422 165 449 inno
176 422 187 449 xi
197 422 221 449 um
243 422 310 449 putat.

138 443 225 476 HERM.
246 443 298 476 Pater
323 443 330 476 ſi
347 443 413 476 poſſem
438 443 546 476 diuinare,
570 443 616 476 ſcire

123 474 168 510 quid
186 474 246 510 velles
285 474 327 510 quid
345 474 450 510 accuſares
498 474 555 510 nunc
573 474 630 510 auten

125 501 163 539 nuia
179 501 229 539 nihil
241 501 295 539 aliud
308 501 316 539 in
361 501 419 539 entem
440 501 502 539 venit,
515 501 635 539 tacebimus.

120 528 129 554 &
146 528 154 554 ſi
169 528 242 554 neceſſe
262 528 290 554 eſt,
319 528 435 554 moriemur.

154 554 205 583 LEV.
229 554 295 583 Videre
307 554 355 583 iſtam
373 554 460 583 frontem
478 554 583 583 politam,
601 554 637 583 ſtos

124 579 195 609 oculos
209 579 337 609 venuſtulos,
362 579 481 609 candidulos
504 579 591 609 dentes,
611 579 634 609 ce-

122 607 204 637 ruſſatas
221 607 286 637 genas,
306 607 447 637 mollitudinem
478 607 509 637 cor
518 607 600 637 poris,
611 607 634 637 le-

120 633 179 663 nitud
184 633 229 663 inem
251 633 357 663 ſermonis,
387 633 405 663 me
429 633 445 663 mi
456 633 515 663 ſerum
547 633 589 663 hæc
619 633 635 663 me

121 662 251 691 deceperunt.
268 662 379 691 Neſciebam
398 662 492 691 quantum
514 662 548 691 tam
582 662 633 691 blan-

124 689 127 717 d
157 689 217 717 ſpecie
238 689 313 717 monſtri
331 689 415 717 tegeret.

141 709 201 743 HER.
224 709 284 743 Facile
303 709 331 743 eſt,
350 709 353 743 ô
372 709 407 743 Rex
426 709 505 743 vincere
517 709 552 743 non
581 709 641 743 repu-

126 745 126 771 g
137 745 179 771 nan:
193 745 223 771 em.

195 768 209 799 V.
232 768 325 799 Repugna
345 768 438 799 degener,
455 768 461 799 ſi
478 768 551 799 pores,
568 768 634 799 repu-

125 796 163 834 gna,
172 796 185 834 &
201 796 226 834 fac
245 796 267 834 te,
280 796 330 834 quod
343 796 400 834 ſoles,
419 796 571 834 innocentem:
599 796 621 834 dic

117 824 135 851 ng
147 824 213 851 noſcis
225 824 270 851 iſtas
288 824 369 851 literas?

135 851 224 878 HERM.
239 851 277 878 Non
299 851 397 878 agnoſco.

144 870 183 905 LnV.
201 870 240 905 Non
258 870 354 905 agnoſcis
372 870 470 905 delicatam
500 870 587 905 manum,
596 870 629 905 non

116 904 212 936 agnoſcis
236 904 293 936 Chriſt
302 904 392 936 ianorum
431 904 539 936 Græcorum
572 904 641 936 conſi-

117 928 147 957 Iia,
165 928 177 957 &
189 928 231 957 pias
246 928 291 957 illas
306 928 327 957 ad
342 928 405 957 ſcelus
420 928 564 957 horeatioes.

150 950 210 984 HER.
231 950 270 984 Nec
297 950 354 984 Græci
369 950 402 984 nec
428 950 488 984 Latini
512 950 581 984 ſcelus
605 950 638 984 vn-

117 980 165 1009 quam
188 980 242 1009 vllum
270 980 309 1009 mihi
323 980 417 1009 ſuaſere,
437 980 451 1009 ab
479 980 499 1009 iis
533 980 558 1009 idi
533 980 584 1009 idici
606 980 637 1009 pa-

111 1005 153 1042 trem
174 1005 219 1042 licet
234 1005 258 1042 At
267 1005 327 1042 ianum
345 1005 420 1042 amare,
441 1005 519 1042 colere,
537 1005 549 1042 &
570 1005 639 1042 omni-

125 1031 145 1061 us
165 1031 269 1061 obſequiis
283 1031 382 1061 venerari.

157 1054 249 1095 LEVIG.
274 1054 292 1095 Vt
318 1054 336 1095 me
354 1054 460 1095 colueris,
479 1054 486 1095 tu
526 1054 537 1095 ſu
592 1054 592 1095 ,
621 1054 639 1095 uĩ

607 1086 607 1119 l
