648 1227
106 58 438 92 HERMENIGIILDVS.
504 58 533 92 335

48 87 114 116 IGER.
137 87 217 116 Vinctus
234 87 254 116 eſt
270 87 376 116 Hermenig
386 87 446 116 ildus.

33 115 84 144 Eas.
101 115 106 144 O
120 115 248 144 fulmen:non
265 115 315 144 impr
329 115 375 144 ouiſu
420 115 476 144 tamen
502 115 530 144 ce-

27 141 58 172 cidi
66 141 92 172 ſti.
109 141 140 172 Act
148 141 171 172 um
193 141 222 172 eſt:
241 141 295 172 vnius
329 141 360 172 mul
368 141 450 172 ierculœ
470 141 529 172 furiis

27 168 148 196 prodimur,
179 168 193 196 er
208 168 278 196 dimur,
295 168 439 196 opprimimur.
462 168 467 196 O
493 168 532 196 faeẽ

29 193 50 224 Re
74 193 140 224 norum
179 193 182 224 ô
200 193 263 224 furiam
289 193 448 224 diſcordiaruml
466 193 469 224 ô
484 193 532 224 por-

23 221 97 250 rentum
114 221 125 250 in
148 221 233 250 vltimos
258 221 315 250 Gedro
326 221 391 250 ſiorum
416 221 493 250 tractus
504 221 532 250 aſ-

24 247 112 278 portand
120 247 157 278 uml
174 247 242 278 deinde
256 247 327 278 ceſſant
347 247 358 278 in
384 247 418 278 hoc
441 247 534 278 facinore

29 274 56 303 cœ
65 274 128 303 leſtesr
140 274 209 303 ceſſant
224 274 317 303 fulmina:
332 274 365 303 non
389 274 467 303 diſcedit
494 274 533 303 Cœ-

27 301 75 329 Ium,
84 301 117 329 non
138 301 177 329 dehi
189 301 222 329 ſcit
237 301 297 329 terra,
303 301 336 329 non
357 301 396 329 abri
408 301 435 329 pit
456 301 537 329 conſce-

27 328 109 357 leratum
129 328 129 357 c
140 328 188 357 aput
199 328 222 357 ad
245 328 304 357 mundi
318 328 392 357 ſtrages
406 328 482 357 natum.
505 328 533 357 In-

27 354 63 384 fœl
72 354 87 384 ix
111 354 174 384 mucro
195 354 273 384 quandiu
297 354 312 384 te
321 354 402 384 inertem
423 354 471 384 fer?
486 354 537 384 nunc

24 381 63 411 nũc
80 381 191 411 exerendus
205 381 228 411 es,
239 381 250 411 &
267 381 398 411 propudioſæ
412 381 540 411 immergen-

27 408 61 437 dus
89 408 196 437 meretricis
219 408 301 437 iugulo,
312 408 346 437 aut
369 408 442 437 domini
465 408 535 437 cruore

29 434 137 466 reſpergẽd
158 434 197 466 ibo,
209 434 317 466 innolabo,
326 434 407 466 perimã,
416 434 449 466 aut
458 434 539 466 peribo.

47 460 107 489 ING.
122 460 200 489 Furioſe
215 460 257 489 quid
272 460 334 489 paras?
349 460 412 489 neſcis
430 460 466 489 nos
481 460 535 489 vndi-

29 486 62 520 que
83 486 194 520 cataphract
203 486 215 520 is
236 486 332 520 militibus
344 486 422 520 incingi
455 486 539 520 diſſimu-

33 541 120 577 vltimum
138 541 215 577 amoris
235 541 302 577 munus
316 541 431 577 impertire.

30 566 115 599 ATHA.
137 566 178 599 Quid
191 566 228 599 hoc
241 566 266 599 rei
282 566 307 599 eſt,
317 566 333 599 &
348 566 393 599 vnde
415 566 541 599 Eraſiſtratus

30 599 92 625 furit⸗

53 619 123 650 ERAS.
139 619 216 650 Athaul
222 619 259 650 phe
272 619 309 650 hæc
325 619 345 650 eſt
362 619 419 650 fides?
442 619 482 650 hæc
495 619 538 650 ſunt

30 647 71 677 tuæ
84 647 197 677 legationis
213 647 307 677 inſignia?

45 673 111 706 ATH.
130 673 241 706 Eraſiſtrate
257 673 285 706 per
311 673 403 706 Cœleſtes
428 673 491 706 omnes
513 673 545 706 iu-

29 700 58 730 ro,
69 700 120 730 nihil
131 700 142 730 in
162 700 196 730 hoc
219 700 241 730 ne
267 700 306 730 otio
329 700 371 730 dolo
403 700 448 730 malo
470 700 538 730 cõmiſ-

30 729 64 758 ſum
87 729 112 758 eſt,
123 729 197 758 fuimus
211 729 262 758 pacis
277 729 359 758 nuncii,
384 729 424 758 acis
441 729 483 758 exor
495 729 543 758 ato-

32 755 72 787 res,
83 755 145 787 oliuas
159 755 207 787 penè
224 755 241 787 ex
267 755 329 787 mediĩs
346 755 444 787 belIorum
470 755 543 787 incen-

35 780 58 810 dii
69 780 72 810 s
86 780 202 810 retulimus,
214 780 296 810 tranqui
301 780 324 810 lla
341 780 369 810 per
386 780 420 810 nos
437 780 488 810 erant
505 780 545 810 om-

31 809 71 838 nia.
91 809 125 838 Hei
148 809 193 838 mihil
207 809 244 838 quæ
261 809 306 838 furia
332 809 360 838 ram
386 809 496 838 repentino
516 809 547 838 tu-

37 834 94 861 multu
115 834 142 861 res
160 834 274 861 confundit,
289 834 301 861 &
313 834 325 861 in
349 834 421 861 noſtris
436 834 544 861 funeribus

33 861 66 890 tam
89 861 137 890 retre
148 861 211 890 atque
222 861 301 890 impure
318 861 451 890 debacchatur

63 888 101 917 GES.
120 888 155 917 Ego
174 888 186 917 te
211 888 322 917 Eraſiſtrete
334 888 347 917 &
363 888 379 917 te
391 888 473 917 Igetdes
489 888 546 917 teſtes

35 914 171 945 volo,
117 914 117 945 O
145 914 171 945 to,
202 914 281 945 recor:
300 914 316 945 vt
335 914 423 945 cœleſtes
442 914 451 945 in
480 914 502 945 me
518 914 543 945 ca-

32 940 98 974 purq:
113 940 164 974 meum
185 940 245 974 omnia
263 940 343 974 fulmina
361 940 373 974 &
385 940 469 974 ardentẽ
484 940 484 974 i
493 940 544 974 pſius

37 968 58 1001 æ
70 968 79 1001 li
100 968 184 1001 machinã
202 968 349 1001 contorqueãt,
358 968 367 1001 ſi
379 968 412 1001 aut
427 968 451 1001 re,
457 968 490 1001 aut
505 968 547 1001 ver-

29 995 69 1026 bo,
75 995 109 1026 aut
120 995 205 1026 aſſenſu,
214 995 245 1026 hãc
265 995 350 1026 coiurati
361 995 395 1026 onẽ
406 995 454 1026 alui,
463 995 471 1026 ſi
486 995 545 1026 reſci-

35 1023 62 1054 ni,
74 1023 80 1054 ſi
98 1023 122 1054 ſuſ
131 1023 212 1054 picatus
236 1023 251 1054 ũ.
272 1023 277 1054 O
310 1023 400 1054 Gorhiorũ
415 1023 472 1054 lumen
496 1023 544 1054 Her-

62 1048 104 1078 enig
113 1048 116 1078 i
122 1048 161 1078 lde,
173 1048 212 1078 quis
230 1048 245 1078 te
260 1048 358 1078 prodidit?
373 1048 415 1078 quis
430 1048 469 1078 tant
478 1048 484 1078 ũ
499 1048 544 1078 ſce-

37 1075 89 1114 Ieris
100 1075 187 1114 admiſit,
197 1075 239 1114 quis
253 1075 267 1114 tã
281 1075 336 1114 ferox
350 1075 438 1114 &bar
458 1075 490 1114 tibi
504 1075 546 1114 hæc

384 1102 384 1128 i
