653 1228
95 49 123 83 316
203 49 533 83 HERMENIGILDVS

107 75 169 111 innla
186 75 257 111 iniecit
282 75 322 111 ſcio
336 75 373 111 quia
404 75 446 111 tuos
469 75 543 111 oculos
571 75 571 111 n

92 106 200 144 ſpectaauit.
228 106 329 144 Quomodo
354 106 395 144 enim
427 106 458 144 non
480 106 505 144 fui
515 106 549 144 ſſet
568 106 603 144 tam

91 133 172 159 blandis
187 133 309 159 fulminibus
324 133 414 159 perſtrict
423 133 453 159 us?

121 155 219 191 ATnavL.
240 155 272 191 Sed
296 155 331 191 vide
359 155 474 191 Eraſiſtrate,
495 155 512 191 ne
533 155 607 191 fruſtra

92 185 102 215 in
123 185 139 215 te
155 185 310 215 tantIm0ment
342 185 368 215 dol
381 185 501 215 oriSſoatia
206 185 528 215 in
560 185 608 215 que-

92 212 132 242 ſtus
149 212 163 242 &
186 212 296 242 lachrymas
330 212 437 242 muliebres
462 212 609 242 intendamus.

107 238 141 270 Quin
160 238 231 270 porius
245 238 307 270 omnis
322 238 322 270 à
338 238 398 270 nobis
415 238 466 270 lapis
497 238 607 270 mouendus

97 265 124 304 0t,
145 265 157 304 vr
178 265 301 304 miſerandum
322 265 412 304 iuuenem
442 265 457 304 ex
484 265 505 304 iis
529 265 607 304 laqueis

97 295 118 319 eri
128 295 210 319 piamus.

118 312 191 349 IGER.
207 312 270 349 Eamus
292 312 418 349 Eraſiſtrate,
434 312 513 349 eamus,
535 312 551 349 &
582 312 595 349 oc

97 345 156 385 cultas
173 345 343 385 calumniatorum
360 345 450 385 fraudes,
465 345 499 385 dum
530 345 561 385 res
575 345 609 385 ad-

92 373 126 400 huc
143 373 152 400 in
171 373 256 400 integro
273 373 304 400 eſt,
321 373 467 400 opprimamus.

116 395 186 435 ERAS.
215 395 219 435 O
235 395 318 435 nouerca
342 395 418 435 generis
431 395 514 435 humani
531 395 597 435 furia:

104 549 119 570 T7
154 549 154 570 T
189 549 409 570 DAT
317 549 442 570 7A7TF

225 551 225 594 V
294 551 404 594 I
339 551 586 594 II

239 584 239 602 1

156 591 256 629 vincula
281 591 385 629 coniecti
410 591 563 629 deploratio.

190 685 277 722 Ermenig
287 685 326 722 ilde
343 685 395 722 iaces
413 685 462 722 triſti
483 685 573 722 deſſus
594 685 605 722 in

219 718 288 740 antro,

189 735 249 769 TeIuci
261 735 327 769 erptum
347 735 371 769 lux
383 735 434 769 tamen
452 735 482 769 ipſa
500 735 554 769 gemit.

107 760 117 797 t
134 760 220 797 renebræ
240 760 320 797 mallent
337 760 377 797 fieri
390 760 413 797 pia
430 760 503 797 lumina
523 760 579 797 ſolis,

117 795 131 824 Si
145 795 236 824 tenebris
250 795 320 824 vultus
337 795 374 824 præ
382 795 413 824 ſtat
427 795 484 824 adire
498 795 554 824 tuos.

99 821 121 850 Ni
143 821 187 850 ais
200 821 311 850 impietas,
327 821 381 850 nitet
396 821 571 850 Hermenigildus
593 821 605 850 in

168 849 204 878 mbr
209 849 233 878 is,

153 874 225 906 Quique
235 874 298 906 animo
320 874 386 906 dotes,
396 874 424 906 hic
437 874 484 906 rulit
503 874 535 906 ore
548 874 608 906 faces.

103 899 130 933 Per
148 899 223 933 noctem
244 899 328 933 obſcuro
346 899 397 933 lucer
415 899 442 933 car
466 899 538 933 ũculus
559 899 610 933 orbi,

118 929 152 962 Quo
168 929 242 962 nremit
252 929 281 962 iſta
305 929 368 962 magis,
381 929 421 962 fulg
431 929 474 962 urat
488 929 521 962 ille
541 929 558 962 ma
588 929 611 962 is.

99 957 175 996 Iuoru
201 957 232 996 per
251 957 314 996 operta
343 957 393 996 nitet
409 957 431 996 ſic
444 957 498 996 bract
510 957 520 996 ea
539 957 564 996 fœ
573 957 608 996 lix,

119 981 191 1011 Ecit
206 981 296 1011 infernas
311 981 350 1011 ſole
371 981 434 1011 micare
452 981 530 1011 domos.

118 1005 136 1043 ed
150 1005 206 1043 tamen
226 1005 328 1043 horreſcit
345 1005 415 1043 vinelis
429 1005 537 1043 feralibus,
551 1005 607 1043 vrgẽt

141 1036 186 1078 errea
211 1036 268 1078 vincla
293 1036 369 1078 manus,
382 1036 442 1078 ferrea
461 1036 521 1078 vincla
540 1036 597 1078 pedar

102 1064 105 1093 8
131 1064 165 1093 laqu
193 1064 215 1093 uvth
238 1064 280 1093 miſer
306 1064 356 1093 macis
371 1064 438 1093 indina
455 1064 523 1093 cateuas
