687 1234
178 67 511 99 HERMIENIGIILDVS.
570 67 573 99 3

121 94 208 124 HERM.
226 94 343 124 Venian(mi
361 94 424 124 pater)
439 94 505 124 veniam
526 94 598 124 ſtarim.

101 104 168 152 Creuit
184 104 224 152 hæc
244 104 314 152 tenella
344 104 381 152 ætas
404 104 414 152 in
444 104 478 152 ſinu
498 104 541 152 tuo,
554 104 568 152 &
584 104 597 152 ſe

106 147 122 180 er
133 147 228 180 annoTm
252 147 345 180 cuTTiCula
361 147 383 180 ad
401 147 473 180 auream
497 147 596 180 iuuentu-

84 172 120 204 rem
147 172 264 204 explicauit.
291 172 327 204 Quis
341 172 377 204 tibi
392 172 437 204 tunc
452 172 593 204 Hermenigil-

87 200 112 230 d0
132 200 166 230 tuo
183 200 271 230 charior:
291 200 331 230 quis
348 200 427 230 ſuauior
447 200 526 230 vnquam
546 200 583 230 fuit

85 227 99 257 H
113 227 184 257 erimeni
198 227 249 257 gildo
269 227 351 257 imiperia
382 227 478 257 mandaban
495 227 537 257 tur,
560 227 591 257 per

89 244 200 285 Hermenig
209 244 266 285 ildum
288 244 336 285 bella
361 244 497 285 gerebantur:
510 244 525 285 ab
544 244 595 285 Her-

92 278 140 312 ueni
152 278 203 312 giluo
215 278 338 312 populorum
359 278 428 312 fœdera
455 278 593 312 ſanciebãtur.

94 309 335 337 Omni
353 309 403 337 ildus.

124 333 214 366 LEVIG.
235 333 292 366 Alius
310 333 355 366 tunc
375 333 414 366 erat
435 333 483 366 quàm
501 333 552 366 nunc
570 333 591 366 eſt

89 351 273 390 Hermenigildus.

106 386 214 420 HERME.
238 386 313 420 Placuit
328 386 372 420 tunc
399 386 492 420 maieſtati
507 386 552 420 tuæ,
573 386 588 420 vt

84 412 138 447 ſupra
161 412 226 447 ętatem
243 412 325 447 animum
345 412 364 447 ad
379 412 464 447 nuptias
472 412 591 447 adiicerem.

92 428 168 471 Quæſita
190 428 209 471 eſt
231 428 269 471 mihi
291 428 364 471 coniux
379 428 408 471 reg
417 428 443 471 ia,
471 428 506 471 Reg
515 428 528 471 is
544 428 591 471 filia,

89 466 110 499 Re
134 466 146 499 is
161 466 227 499 ſoror,
239 466 299 499 Regis
311 466 389 499 neptis.
413 466 446 499 Sed
464 466 500 499 quæ
518 466 593 499 regno-

84 493 117 525 rum
144 493 192 525 oini
199 493 222 525 um
244 493 329 525 titul0S,
349 493 399 525 omni
407 493 467 525 um
452 493 467 525 im
484 493 522 525 peri
537 493 582 525 orum

93 518 93 553 n
108 518 117 553 ſi
126 518 165 553 gnia
180 518 216 553 ſola
237 518 312 553 virtute
336 518 447 553 ſuperauit.
471 518 504 553 Heu
531 518 588 553 virgo

90 546 166 578 miſera,
183 546 253 578 quibus
267 546 282 578 &
298 546 346 578 quam
369 546 459 578 indinis
476 546 502 578 rua
516 546 586 578 indole

84 568 189 606 funeribus
207 568 246 606 eras
261 568 357 606 reſeruata
426 568 459 606 Cum
480 568 510 606 hac
525 568 588 606 igitur

80 600 148 630 nouus
168 600 216 630 coniu
250 600 309 630 nouis
323 600 405 630 nuptiis
422 600 544 630 copulatus,
564 600 589 630 vi-

86 624 140 656 debar
159 624 241 656 omnium
269 624 379 656 principum
413 624 588 656 fortunatiſſimus

87 652 112 684 cui
125 652 162 684 hæc
178 652 260 684 cæleſtis
273 652 333 684 forma
355 652 466 684 obtigiſſet:
488 652 520 684 Ego
545 652 583 684 verò

81 674 115 711 non
135 674 166 711 tam
186 674 274 711 flammas
291 674 361 711 aleham
387 674 523 711 cũpiditatis,
543 674 588 711 quas

84 703 112 738 vix
126 703 155 738 illa
183 703 220 738 ætas
234 703 282 738 ferre
296 703 387 738 poterar,
398 703 446 738 quam
463 703 588 738 admiratio-

79 734 116 765 nem
142 734 209 765 diuinæ
226 734 317 765 virtutis.
351 734 413 765 Huius
430 734 472 765 enim
500 734 585 765 pietate,

83 755 113 790 exẽ
122 755 164 790 plo,
182 755 281 790 doctrina,
301 755 412 790 magiſterio
427 755 478 790 fidem
499 755 577 790 primum

83 786 154 819 recepi,
171 786 233 819 factus
247 786 276 819 illi
301 786 304 819 x
321 786 375 819 marito
392 786 477 819 diſcipulus
508 786 508 819 x
522 786 584 819 cniuge

78 814 120 840 prope
132 814 183 840 ſilius.

118 839 202 873 LEVIG.
214 839 259 873 Mali
280 839 331 873 corui
352 839 412 873 malum
436 839 502 873 ouum.

93 867 153 899 IHER.
174 867 183 899 Tu
204 867 282 899 interim
306 867 324 899 mi
336 867 399 899 pater,
408 867 417 899 in
438 867 519 899 ſecũdas
534 867 585 899 nup-

81 892 117 924 tias
132 892 217 924 conuola
228 892 256 924 ſti.
276 892 344 924 Induct
353 892 355 924 a
372 892 375 924 à
392 892 406 924 te
421 892 480 924 nobis
494 892 579 924 nouerca

94 921 97 950 G
109 921 217 950 oiſuintha,
235 921 304 950 Ariana
328 921 400 950 mulier,
412 921 493 950 potens,
505 921 586 950 acerba,

80 948 97 981 im
111 948 196 981 nerioſa:
216 948 312 981 Continuò
337 948 403 981 murata
422 948 490 981 omnia,
502 948 584 981 ſordent

80 974 98 1007 til
113 974 113 1007 i
131 974 203 1007 imores
218 974 305 1007 priſtini,
320 974 376 1007 nouæ
388 974 403 1007 &
421 974 505 1007 ſubtiles
529 974 580 1007 flam-

85 1002 112 1033 mæ
124 1002 139 1033 ſe
151 1002 160 1033 in
181 1002 202 1033 ſen
217 1002 241 1033 ile
259 1002 328 1033 pectus
342 1002 453 1033 inſinuant,
468 1002 525 1033 liberi
540 1002 579 1033 pri-

89 1027 105 1059 mi
127 1027 180 1059 illius
202 1027 297 1059 quondam
322 1027 370 1059 ſanct
379 1027 379 1059 i
401 1027 414 1059 &
439 1027 512 1059 fœlicis
534 1027 578 1059 rho-

84 1054 93 1085 ri
112 1054 220 1085 pignora,
245 1054 274 1085 iam
299 1054 331 1085 non
353 1054 397 1085 ſunt
416 1054 492 1085 ſolario
508 1054 537 1085 ſed
549 1054 581 1085 tæ-

87 1080 121 1108 dio.
