659 1233
73 64 108 98 362
173 64 497 98 HERMENIGIILDVS.

86 91 182 125 IEEVIG.
194 91 302 125 Scelerate,
308 91 353 125 aude
365 91 368 125 s
386 91 434 125 etiam
455 91 515 125 coram
536 91 536 125 h
557 91 578 125 oc

67 118 128 151 anipli
137 118 188 151 ſſimo
202 118 261 151 ſenatu
284 118 346 151 patris
363 118 437 151 thoros
448 118 556 151 inceſſere:

94 121 154 178 HER.
173 121 211 178 Vera
230 121 271 178 dico
290 121 318 178 per
337 121 391 178 vnius
413 121 496 178 mulieris
512 121 559 178 furia

71 173 128 206 nobis
147 173 246 206 quieſcere
260 173 291 206 non
314 173 367 206 licet,
379 173 528 206 proſcindimur
548 173 576 206 ca-

69 199 140 231 lumnii
151 199 163 231 s,
168 199 188 231 ag
196 199 270 231 itamur
284 199 329 231 toto
343 199 414 231 regno.
433 199 464 231 Nõ
481 199 577 231 ſomnus,

70 226 104 259 non
130 226 144 259 vi
166 226 211 259 iliæ,
228 226 259 259 non
285 226 336 259 cibus
350 226 361 259 in
378 226 429 259 ſidiis
443 226 527 259 uvacuus.
556 226 578 259 At

73 253 161 286 crudelis
175 253 262 286 fœmina,
274 253 313 286 quæ
341 253 443 286 atientiam
463 253 494 286 tuã
511 253 578 286 renta-

74 279 100 309 rat
111 279 122 309 in
148 279 263 309 minoribus,
286 279 311 309 cœ
320 279 348 309 pit
365 279 444 309 quoque
458 279 466 309 in
495 279 579 309 maiori-

72 306 105 338 bus
117 306 192 338 ludere.
219 306 297 338 Vxorem
321 306 422 338 meam(hei
443 306 482 338 mihi
500 306 581 338 quanto

73 331 91 363 cũ
109 331 175 363 dolore
190 331 292 363 recordari
313 331 391 363 cogor:)
400 331 466 363 angit,
478 331 586 363 ſtimulat,

75 357 138 391 vexat,
150 357 219 391 omnem
240 357 315 391 efferati
330 357 368 391 pect
383 357 419 391 oris
437 357 575 391 acerbitatem

73 385 82 416 in
103 385 151 416 hanc
166 385 214 416 vnam
238 385 331 416 effundit.
343 385 397 416 Iubet
412 385 577 416 vtChriſtianam

72 410 131 443 Iegem
151 410 253 443 repudiet:
261 410 295 443 tum
318 410 383 443 virgo,
400 410 417 443 eo
431 410 440 443 ſe
454 410 505 443 genere
516 410 576 443 natam

70 439 96 470 reſp
121 439 138 470 dit
155 439 169 470 ut
192 439 223 470 mori
234 439 288 470 poſie,
299 439 345 470 facere
359 439 413 470 nefari
435 439 458 470 non
478 439 534 470 poſſet,
548 439 582 470 hac

76 466 127 498 voce,
139 466 172 498 quâ
190 466 232 498 quid
262 466 360 498 lorioſius
387 466 474 498 irritata,
486 466 516 498 tot
534 466 564 498 reg
576 466 576 498 ũ

98 474 151 596 ooc
227 474 259 596 ct
280 474 356 596 vu.
415 474 566 596 o

75 520 183 548 contundit
200 520 327 548 verberibus,
335 520 358 548 ita
375 520 392 548 vt
412 520 482 548 multus
499 520 502 548 è
525 520 553 548 reg
564 520 578 548 io

75 551 106 578 cor
115 551 163 578 pore
180 551 259 578 ſanguis
279 551 347 578 exiret.

109 574 198 606 LEVIG.
218 574 295 606 Quando
311 574 348 606 hoc
358 574 460 606 auditum:

100 597 204 631 HERME.
236 597 296 631 Duram
315 597 375 631 habes
384 597 447 631 aurem
463 597 495 631 (mi
517 597 580 631 Pater)

73 626 93 660 nd
107 626 224 660 huiuſmodi
241 626 328 660 crimina;
345 626 371 660 ſed
388 626 444 660 ramen
464 626 529 660 neque
549 626 583 660 hac

75 654 192 687 importuna
226 654 237 687 &
257 654 330 687 crudeli
353 654 446 687 dementia
475 654 582 687 contenra,

75 680 92 711 im
106 680 163 711 perat
174 680 270 711 ſceleſtum
290 680 375 711 facinus:
397 680 485 711 Pudicum
507 680 581 711 corpus

78 705 162 739 veſtibus
174 705 252 739 nudari,
261 705 354 739 nudatum
374 705 434 739 ſenſim
452 705 461 739 in
482 705 506 739 lac
515 705 521 739 ũ
536 705 581 739 per-

80 732 146 767 frigida
165 732 282 767 tempeſtate
300 732 367 767 mergi,
379 732 439 767 donec
452 732 480 767 illa
499 732 534 767 fidẽ
550 732 584 767 pa-

78 758 129 793 rriam
151 758 233 793 eieraret
239 758 239 793 ·
252 758 287 793 Hac
303 758 391 793 harbarie
416 758 467 793 nihil
498 758 577 793 vnquam

81 786 128 817 vidit
141 786 166 817 ſol
182 786 296 817 indignius.
311 786 451 817 Demittebant
466 786 479 817 in
498 786 539 817 lacũ
555 786 586 817 in-

78 813 234 844 nocentiſſimam
252 813 297 844 puel
306 813 336 844 lam
357 813 474 844 carnifices,
486 813 501 844 &
516 813 585 844 paula-

165 840 165 897 :
192 840 429 897 Xa:.XX:t::X:
447 840 597 897 X::a::

77 895 134 925 batur
152 895 224 925 vincta,
236 895 338 925 laxabant.
364 895 394 925 Illa
412 895 454 925 verò
469 895 511 925 nihil
526 895 535 925 de
547 895 583 925 car-

78 922 128 952 nificin
178 922 266 952 uereaauur
311 922 373 952 tantum
398 922 458 952 doleat
476 922 581 952 nuditatem:

84 944 166 979 cnmque
195 944 308 979 moneretur
336 944 353 979 vt
381 944 393 979 ſe
413 944 498 979 Arianam
526 944 583 979 ſemel

79 976 113 1007 pro
122 976 130 1007 ſi
142 976 226 1007 teretur,
232 976 252 1007 ad
272 976 362 1007 ſingulos
379 976 481 1007 cruciatus
498 976 526 1007 vna
546 976 583 1007 vox

83 1003 251 1035 excipiebatur,
281 1003 281 1035 c
296 1003 374 1035 hriſtiana
398 1003 449 1035 ſum,
488 1003 575 1035 Chriſtiana

79 1034 123 1061 ſum.

122 1050 172 1085 Hane
185 1050 277 1085 nefariam
302 1050 438 1085 crudelitatem
460 1050 508 1085 quam
530 1050 578 1085 ferro

80 1081 94 1115 &
120 1081 190 1115 ammis
207 1081 300 1115 proſequi
313 1081 430 1115 iuſtiſſimum
453 1081 503 1115 erat,
530 1081 636 1115 tole
