681 1240
146 58 475 94 HERMENIGILDVS.
540 58 574 94 367

59 83 98 122 ſum
116 83 200 122 alienis,
209 83 296 122 poſteris
311 83 437 122 execrandum
461 83 515 122 vidit,
524 83 575 122 irre-

56 110 86 146 pſi
98 110 101 146 t
110 110 131 146 ad
149 110 239 146 patrem,
263 110 278 146 vt
292 110 328 146 latr
340 110 421 146 ocinium
439 110 451 146 in
475 110 517 146 vene
526 110 571 146 ſiciũ

59 140 211 173 0nuerteret.
249 140 305 173 Nunc
318 140 379 173 autem
398 140 419 173 ne
441 140 497 173 minus
507 140 553 173 auda
569 140 572 173 x

52 164 76 201 ad
115 164 130 201 er
139 164 253 201 petrandum
280 164 367 201 facinus,
379 164 427 201 quam
445 164 466 201 ad
481 164 571 201 defendõ-

58 191 98 226 dui
119 191 229 226 ipudens
250 191 354 226 videatur,
375 191 386 226 in
410 191 514 226 nouercam
535 191 572 226 fœ-

60 218 62 250 m
79 218 82 250 i
94 218 130 250 nam
150 218 224 250 illuſtri
235 218 314 250 ſſimam,
337 218 351 250 &
365 218 430 250 patris
442 218 524 250 amores
547 218 572 250 ſui

52 243 86 277 fur
103 243 140 277 oris
160 243 236 277 conſilia
256 243 290 277 deri
298 243 338 277 uat.
392 243 463 277 naudita
480 243 497 277 res
511 243 528 277 et
545 243 570 277 mi-

62 271 74 309 er
92 271 161 309 crudelis
179 271 209 309 qui
221 271 233 309 in
260 271 346 309 vinculis
358 271 415 309 audet
433 271 463 309 caſt
475 271 493 309 os
505 271 568 309 patris

54 295 165 336 thalamos
177 295 288 336 inſectari,
310 295 354 336 quid
367 295 427 336 faciet
439 295 449 336 in
471 295 569 336 purpura:

53 324 89 363 qui
104 324 113 363 in
137 324 164 363 his
182 324 301 363 centonibus
319 324 355 363 alit
370 324 499 363 ſuperbiam,
523 324 568 363 quid

57 350 63 390 a
81 350 93 390 ct
105 350 150 390 urus
168 350 186 390 eſt
204 350 213 390 in
237 350 339 390 Attalico:
351 350 378 390 qui
396 350 438 390 reus
456 350 537 390 minatur
552 350 561 390 in

53 380 146 417 carcere,
158 380 203 417 quid
224 380 292 417 efficiet
319 380 433 417 dominator
454 380 466 417 in
493 380 565 417 reno:

55 406 127 444 Spreta
157 406 232 444 Gothor
241 406 247 444 ũ
262 406 321 444 religi
333 406 363 444 one
375 406 387 444 in
408 406 522 444 Romanorũ
537 406 564 444 ſu-

48 430 51 471 p
75 430 138 471 crſtiti
150 430 183 471 onẽ
201 430 282 471 pertuga
300 430 456 471 tranſuolanit,
483 430 492 471 ũ
504 430 543 471 patr
552 430 567 471 is

75 457 150 494 oſtibus
165 457 168 494 c
180 457 240 494 õtulit
255 457 345 494 conſilia,
354 457 354 494 i
363 457 399 494 pſis
411 457 426 494 ſe
438 457 567 494 adminiſtrũ,

54 484 144 522 Tocium,
153 484 258 522 ſarellitem
279 484 375 522 præbuit.
399 484 465 522 Quærit
483 484 534 522 pater
552 484 567 522 vt

48 508 132 545 nefariũ
150 508 234 545 ſacramẽ
243 508 261 545 tũ
276 508 383 545 reſcindat,
401 508 467 545 negat,
479 508 563 545 perſiſtit

0 538 61 572 in
92 538 228 572 Contumacia,
242 538 256 572 &
267 538 304 572 nos
324 538 346 572 mo
358 538 454 572 lliorihus
468 538 505 572 ſent
519 538 561 572 ẽtiis

50 564 161 599 perimus
179 564 215 599 eius
227 564 310 599 audaciã
319 564 382 599 alere,
397 564 412 599 vt
427 564 484 599 nobis
496 564 508 599 in
529 564 562 599 po-

61 588 64 626 t
76 588 105 626 erũ
124 588 247 626 deliberandi
266 588 352 626 facultas
371 588 475 626 eripiatur,
485 588 513 626 illi
532 588 564 626 pa-

51 617 120 655 rrandi
139 617 269 655 concedatur.
288 617 342 655 Cẽſeo
354 617 418 655 igitur
437 617 437 655 ô
452 617 500 655 Re,
512 617 563 655 quod

75 645 90 678 re
105 645 132 678 tua
153 645 183 678 eſſe
195 645 297 678 arbitror,
309 645 324 678 vt
339 645 348 678 ſi
363 645 468 678 Hermenig
477 645 531 678 ildus
543 645 555 678 in

50 671 200 708 ſuperſtitione
218 671 326 708 contumax
344 671 374 708 eſſe
389 671 467 708 pergat,
479 671 539 708 Patern

49 697 103 732 ſeuer
112 697 168 732 itatis
182 697 278 732 ſtimulos
295 697 419 732 experiatur.

80 724 149 754 PRIN.
165 724 175 754 I.
200 724 241 754 Quid
260 724 289 754 vim
308 724 368 754 afers
381 724 466 754 naturæ:
476 724 510 754 ſine
533 724 561 754 Pa-

51 751 111 775 1rem,
126 751 165 775 Patr
177 751 195 775 em
219 751 261 775 eſſe.

80 777 153 815 PRIN.
163 777 186 815 II.
202 777 305 815 Sophron,
322 777 375 815 Pater
391 777 411 815 eſt
431 777 557 815 Leuigildus,

61 794 111 841 Pater
127 794 190 841 regni,
200 794 222 841 nõ
238 794 317 841 iuuenis
330 794 441 841 facinoroſi
450 794 450 841 ·
482 794 517 841 uaſi
532 794 561 841 ve-

50 831 68 867 ro
86 831 152 867 ignota
170 831 191 867 ſit
203 831 233 867 par
248 831 278 867 ẽtũ
292 831 301 867 in
325 831 376 867 filios
391 831 499 867 ſeueritas.
517 831 556 867 Car-

52 855 114 894 tallum
131 855 253 894 audiuimus
278 855 352 894 maximi
377 855 439 894 animi
451 855 555 894 iuuenem,

54 883 102 922 quòd
117 883 177 922 patris
198 883 282 922 miſerias
297 883 339 922 cõtẽ
351 883 372 922 pſi
381 883 420 922 ſſet,
432 883 492 922 &eius
513 883 558 922 mœ-

51 911 69 950 ſta
84 911 102 950 ac
117 911 204 950 Iugentia
222 911 276 950 caſtra
297 911 471 950 circũfluentibus
486 911 558 950 quietæ

51 937 168 976 fœlicitatis
181 937 291 976 inſignibus
304 937 405 976 intraſſet,
415 937 415 976 à
434 937 497 976 patre,
510 937 522 976 vt
538 937 557 976 tũ

53 967 95 1003 erat,
107 967 200 1003 veſtibus,
212 967 272 1003 auro,
290 967 304 1003 &
319 967 391 1003 pictura
412 967 550 1003 fulgentibus,

47 993 107 1028 atque
119 993 191 1028 inſigni
206 993 275 1028 corona
296 993 371 1028 radiato
389 993 398 1028 ca
413 993 461 1028 pite,
467 993 479 1028 in
494 993 554 1028 altiſ-

50 1017 104 1054 ſimam
128 1017 197 1054 crucem
224 1017 278 1054 fuiſſe
290 1017 392 1054 ſuffixum.
410 1017 488 1054 Scimus
512 1017 554 1054 Tor-

52 1045 103 1081 quati
115 1045 115 1081 i
124 1045 193 1081 uuenis
214 1045 307 1081 victorem
331 1045 367 1081 ſpir
373 1045 412 1081 itũ,
424 1045 475 1081 quòd
490 1045 550 1081 patrit

51 1070 107 1108 iniuſſ
149 1070 153 1108 u
181 1070 240 1108 naſſet
254 1070 268 1108 &
289 1070 369 1108 viciſſet,
397 1070 449 1108 atris
467 1070 551 1108 imerio
