655 1202
88 56 120 97 3⸗
184 56 520 97 HERMENIGILDVS.

91 95 193 123 alubriter
217 95 292 123 conſilia
319 95 331 123 in
361 95 391 123 tam
418 95 484 123 funeſt
499 95 511 123 os
526 95 571 123 exitu

82 122 210 147 rcciderunt.

122 150 209 177 HERM.
242 150 252 177 In
272 150 322 177 quos

113 171 176 203 RECA
196 171 213 203 R.
236 171 243 203 O
256 171 329 203 intamic
342 171 499 203 ſpectaculum:
512 171 592 203 ſonni-

80 200 97 233 re
114 200 134 233 me
148 200 219 233 adhuc,
227 200 258 233 non
284 200 346 233 videre
360 200 360 233 i
368 200 413 233 ſtud
430 200 456 233 exi
476 200 541 233 timo:
560 200 594 233 al-

81 229 110 257 rem
140 229 156 257 mi
169 229 227 257 frater
249 229 280 257 dum
302 229 328 257 res
352 229 440 257 extrema
472 229 493 257 pe
530 229 594 257 endet,

93 254 133 284 itam
153 254 209 284 ſerua.
252 254 359 284 Romanum
379 254 382 284 i
390 254 433 284 ſtud
444 254 518 284 nomen
546 254 597 284 quod

93 280 130 311 arer
147 280 209 311 iubet,
218 280 249 311 abi
255 280 291 311 jce,
311 280 337 311 vel
354 280 362 311 ſi
376 280 416 311 hoc
430 280 456 311 tua
478 280 532 311 conſt
540 280 591 311 antia

79 307 112 352 non
133 307 217 352 patitur,
232 307 334 352 diuimula,
346 307 388 352 ccde
406 307 505 352 tempori,
517 307 598 352 necetii-

79 334 114 364 taIi
127 334 289 364 rerumnium
316 334 393 364 PictTiCi
428 334 550 364 btempera.

112 359 216 390 HERME.
229 359 292 390 Apage
314 359 330 390 mi
355 359 406 390 ratet
428 359 463 390 cum
485 359 545 390 iſtius
570 359 599 390 in-

87 386 153 417 idioſæ
179 386 280 417 orationis
299 386 425 417 blanaitiis,
450 386 539 417 ſuadere
561 386 599 417 mihi

86 413 171 444 Pietatem
190 413 199 444 in
221 413 266 444 vitæ
281 413 385 444 diſpendio
401 413 458 444 potui
467 413 480 444 ſt
490 413 499 444 ĩ,
518 413 568 444 ſcelus

87 441 114 471 vita
143 441 143 471 &
159 441 201 471 regns
228 441 332 471 cincum
348 441 414 471 ſuadere
425 441 449 471 nen
467 441 547 471 poreris:
563 441 595 471 iai

82 467 161 497 temus
176 467 249 497 quidem
268 467 271 497 a
287 467 353 497 pperit
369 467 404 497 tibi
420 467 540 497 regnandi,
565 467 600 497 mii

87 493 187 524 moriendi.
227 493 307 524 Morior
320 493 413 524 lubenter
430 493 466 524 pro
496 493 603 524 Chriſtiani

80 520 171 551 nominis
190 520 260 551 gloria,
273 520 304 551 pro
323 520 352 551 qua
374 520 447 551 millies
463 520 551 551 emori,
599 520 602 551 -

88 549 148 579 ranti
160 549 223 579 atque
235 549 307 579 ignito
319 549 385 579 animo
403 549 493 579 concupi
505 549 547 579 ſco.
571 549 601 579 Ego

82 576 113 605 nec
127 576 141 605 te
155 576 235 605 frater,
249 576 280 605 nec
297 576 395 605 parentem
421 576 474 605 meum
508 576 525 605 mi
537 576 537 605 ſ
551 576 602 605 eran-

81 601 117 632 dum
138 601 195 632 ſenem
213 601 294 632 accuſo,
306 601 374 632 quinim
389 601 392 632 ò
407 601 485 632 ſuadeo
503 601 521 632 vt
545 601 569 632 dec
581 601 602 632 li-

81 629 112 660 mes
129 629 166 660 eius
177 629 242 660 annos
259 629 293 660 ruo
307 629 397 660 excipias
411 629 462 660 ſinu,
473 629 488 660 &
502 629 584 660 omnibu

98 657 175 685 fficioſę
189 657 271 685 pietatis
293 657 406 685 muneribus
421 657 432 685 in
454 657 494 685 eum
514 657 601 685 perfun-

88 682 145 713 garis.
164 682 275 713 Nouercam
297 682 376 713 quoque
389 682 446 713 ipſam
468 682 569 713 tolerare
588 682 601 713 te

89 710 143 740 malim
167 710 218 740 quam
239 710 347 740 inceſſere,
370 710 403 740 dum
433 710 529 740 iniurias
559 710 601 740 meas

102 737 222 767 erſequeris:
261 737 270 767 eii
282 737 297 767 e
312 737 399 767 cnſſcree
420 737 498 767 hinis
513 737 549 767 ign-
561 737 603 767 ſcere.

93 760 122 794 Vbi
134 760 198 794 aurem
213 760 273 794 natur
286 760 286 794 ę
302 760 381 794 legibus
397 760 532 794 ſatisfecero,
545 760 605 794 habe-

81 785 108 823 bis
132 785 153 823 me
168 785 225 823 frater
240 785 291 823 apud
309 785 374 823 numen
404 785 533 823 perpetuum
566 785 599 823 pro

93 818 108 849 na
132 818 192 849 ſalute
210 818 371 849 deprecatorem.
398 818 446 849 pero
461 818 539 849 equidẽ
560 818 590 849 ui

84 844 93 877 ru
111 844 159 877 iſtam
186 844 315 877 laſciuientis
327 844 339 877 in
368 844 422 877 ſuper
434 844 521 877 ſtitione
536 844 602 877 animi

94 869 173 901 erociam
198 869 305 901 mitiabis,
315 869 328 901 &
343 869 350 901 ſi
372 869 416 901 quid
435 869 558 901 moribundi
580 869 605 901 di-

78 897 157 930 uinant,
182 897 217 930 hoc
236 897 328 930 prædico
340 897 384 930 tii,
406 897 416 930 &
438 897 526 930 denunti
539 897 551 930 o,
564 897 605 930 erit

91 922 160 955 empus
175 922 229 955 illud
250 922 283 955 cum
313 922 325 955 tu
355 922 475 955 Chriſtianis
493 922 532 955 ſaer
541 922 541 955 i
553 922 556 955 s
568 922 607 955 ag-

95 950 176 981 regatus
197 950 344 981 tlorentiſſimæ
368 950 455 981 pietatis
479 950 491 981 in
518 950 560 981 hoc
578 950 605 981 re-

93 975 113 1008 no
127 975 187 1008 iacies
201 975 343 1008 fundamenta.
362 975 405 1008 Hoc
422 975 476 1008 vnum
504 975 558 1008 cœle
569 975 603 1008 ſtes

83 1001 191 1031 moriturus
206 1001 209 1031 à
227 1001 284 1031 vobis
299 1001 401 1031 poſtulo,
413 1001 473 1031 nullũ
491 1001 494 1031 c
503 1001 602 1031 ineribus

101 1026 123 1073 eis
142 1026 214 1073 gratius
230 1026 322 1073 ſolatiuu
344 1026 407 1073 poteſt
426 1026 571 1073 continre.
