666 1229
71 79 100 118 irt
163 79 490 118 HERMENIGILDVS.

68 104 97 141 iam
113 104 195 141 aliquot
210 104 251 141 fuga
274 104 337 141 dilapſi
349 104 479 141 ſuppliciorũ
491 104 567 141 ſeueri-

66 132 120 170 tatein
137 132 306 170 anteuerterunt.
335 132 391 170 Nunc
411 132 456 170 fluct
465 132 493 170 uat
510 132 566 170 Regis

65 160 153 196 animus,
182 160 193 196 &
207 160 326 196 peracribus
340 160 465 196 ſuſpicionis
484 160 569 196 ſtimulis

65 188 221 224 perſtringitur:
230 188 278 224 ſerua
296 188 497 224 Hermenigildum,
518 188 566 224 ſerua

69 217 101 248 dum
122 217 181 248 potes
194 217 301 248 innocenti
309 217 376 248 ilimum
397 217 461 248 princi
472 217 523 248 pem.

114 243 184 269 ERAS.
199 243 244 269 Siſte
266 243 358 269 Leonida,
367 243 415 269 ſiſte.

112 268 191 300 LEON.
213 268 270 300 Vixit,
283 268 394 300 conclamat
403 268 429 300 um
448 268 476 300 eſt.

113 294 182 331 ERAS.
198 294 229 331 Hei
251 294 292 331 mihi
308 294 352 331 quid
368 294 437 331 video:
456 294 507 331 vixit
522 294 573 331 Her-

90 326 201 354 enigillus.

92 344 189 382 IGRD.
209 344 362 382 Oprodigium:
378 344 382 382 ô
402 344 445 382 fata:
461 344 535 382 quibus
554 344 574 382 me

66 376 171 408 funeribus
187 376 310 408 reſeruaſtis:
329 376 421 408 Occidiſti
433 376 531 408 princeps
544 376 576 408 in-

66 401 142 436 nocent
148 401 224 436 inime,
249 401 335 436 occidiſti
347 401 360 436 in
376 401 420 436 ipſo
442 401 503 436 ætatis
518 401 575 436 flore,

63 428 75 462 in
97 428 134 462 ortu
160 428 171 462 di
182 428 276 462 gnitatis,
284 428 315 462 tam
335 428 386 462 tetrè
400 428 403 462 à
423 428 491 462 carni
502 428 517 462 ce
536 428 576 462 vin-

66 454 78 488 ct
87 454 114 488 us,
126 454 225 488 carnificis
246 454 291 488 manu
312 454 354 488 luce
368 454 470 488 priuatus.
500 454 521 488 At
539 454 575 488 ego

66 483 102 510 tibi
114 483 186 510 ſalutis
198 483 285 510 nuntios
297 483 402 510 afferebam
441 483 444 510 ô
459 483 576 510 præpoſte-

66 509 92 543 ras
109 509 163 543 curas
180 509 233 543 meas.
267 509 341 543 irriros
358 509 449 543 conatus.
491 509 576 543 deſidio-

67 529 94 570 ſam
115 529 220 570 pierarem:
235 529 247 570 da
265 529 346 570 ſaltem,
367 529 379 570 da
397 529 415 570 vt
430 529 514 570 vltimos
532 529 580 570 tuos

68 562 153 597 ſpiritus
169 562 273 597 excipiam,
286 562 302 597 rt
321 562 403 597 cruorem
425 562 571 597 ſacratiſſimum

71 592 114 620 meis
133 592 221 620 manibus
244 592 349 620 colligam.

89 615 161 650 ERAS.
177 615 190 650 Et
202 615 240 650 hæc
259 615 278 650 eſt
294 615 360 650 fideslô
379 615 474 650 chlamys:
487 615 490 650 ô
509 615 578 650 cruor:

71 644 74 674 ô
90 644 140 674 ſanct
150 644 203 674 iſſimi
216 644 317 674 principis
336 644 475 674 monumentũ:
487 644 525 674 hoc
538 644 579 674 igi-

67 669 94 702 rur
112 669 184 702 tantum
205 669 259 702 reſtat
277 669 292 702 ex
307 669 331 702 He
340 669 474 702 rmenigildo,
492 669 531 702 hoc
546 669 576 702 per

66 692 96 731 rot
111 692 171 731 terras
186 692 198 731 &
222 692 282 731 maria,
297 692 315 731 dũ
327 692 357 731 illi
377 692 494 731 perpetuus
512 692 578 731 comes

65 723 143 756 hæreo,
152 723 185 756 ſum
203 723 350 756 perſeuutus:
362 723 365 756 ô
383 723 473 756 quiſquis
491 723 506 756 es
518 723 581 756 ſcele-

67 749 100 783 rum
124 749 193 783 vindex
211 749 298 783 oculus,
322 749 403 783 quandiu
421 749 442 783 ad
457 749 490 783 tam
508 749 583 783 barba-

69 776 84 808 rũ
97 776 176 808 facinus
192 776 328 808 conniuebis?
344 776 429 808 Hiccine
448 776 467 808 eſt
483 776 550 808 pater,
556 776 575 808 an

74 804 242 835 Lychantropus,
254 804 284 835 qui
296 804 368 835 tantum
392 804 446 835 filium
470 804 527 835 tanto
542 804 581 835 ſce-

67 830 103 862 Iere
118 830 208 862 perdidit
232 830 307 862 expecta
325 830 343 862 vt
355 830 366 862 in
387 830 426 862 eius
450 830 522 862 oculos
543 830 579 862 tri-

65 861 99 890 ſtes
113 861 195 890 exuuias
207 861 334 890 ingeramus.

70 928 270 944 5IPTIYIT

84 928 581 970 LEIILDVSSENTENTIAM

117 966 267 996 REVOCAT,
296 966 424 996 MORTEM
453 966 457 996 F

237 993 296 1020 audit,
353 993 400 1020 luget.

205 1024 449 1056 LEVIGILDVS.

113 1057 225 1095 Vbodorari
239 1057 309 1095 tandem
330 1057 406 1095 incipio
424 1057 476 1095 quod
494 1057 521 1095 vix
539 1057 577 1095 cre-

93 1091 117 1129 Qi
134 1091 221 1129 oterat.
239 1091 266 1129 Vbi
284 1091 301 1129 eſt
322 1091 412 1129 Dariaces
430 1091 430 1129 :
