649 1261
78 29 531 68 2 5LAVI 5RAOEDI3
128 58 544 89 Nec, opere ſcto. ſubtrahit ſeſe D EV.
128 81 491 114 Adeſt, & æquâ lege, conſtanti fide,
74 98 553 137 10 Cats Mente vVerbum temperat mundi vices,
128 126 462 159 Et vit in ipſo ratio divinæ viget,
124 149 509 183 Ipſuḿue Vitas, & Lucis eſt ſemen ſuæ,
123 174 527 206 Et Lux in ipſo, luce quod cuncta irrigat.
102 198 501 230 Nec pox in illo eſt nlla, necc vitæ vices,
69 215 495 251 20i5 Quem lucis almæ regit inacceſſus dies.
118 243 564 275 Hoc igitur almum Numen, hunc ſœtum DÆI
117 266 536 298 Sine matre qnondam Patre ſœlici editum
116 290 567 322 Ne quem Cerinthus ducat in fraudem impius,
117 313 502 345 A capite magnæ prolis enpedio genus
65 326 483 368 ? ggpertus olim lucis ingeunæ onum.
116 359 516 391 Câm Patris ille juſſa ſuprema exequem.
104 383 536 414 Iam noſter, & ſub carmne moraliDEVS,
114 406 505 436 Vtriuſque ſœdus gaeneris æternum dedit.
64 429 523 483 5âſtera.
113 476 557 516 Nam fmile Pati ſpecimen affatm dabat.
113 498 503 530 Qui fimile Patri ſpecimen aſpectu gerit.
113 522 516 552 Nunc ite, ſocii: cura vos alia huc tulit.
57 544 592 595 Hfrârrreedis2
109 588 545 619 Rt providentem plurima humanum in genus,
107 611 491 641 Et conſulentem poſteris doctè, ut ſoles,
105 634 485 664 Huc rarſus egit cauſa feſtinum, Pater?
53 656 554 709 eeâratiei:
103 702 479 735 Officia tempus quærit, & reddo libens.
102 725 449 758 Suo ex Sabino, Regis accitu virum
102 748 527 782 Remeaſſe Romam. & fama ſermonis meas
48 770 486 803 0, Afflavit aures: redditæ & dudum mihi
100 795 458 829 Noti fideles affore hic illum monent.
98 818 442 851 Veniſſe ſalvum regna Romanæ rei
98 840 451 872 Cefſiſſe parvis Flaviis; lætum diem,
97 864 428 894 Et prima pacis ſigna gratari decet.
97 887 553 918 CHO. Num forma viſus falſa fruaſtratur meos ?
46 901 439 944 ! Afæ ſalutem ceruitis. Cœlo vagam
95 934 525 962 Anuilam miniſtru ſulminis, caſtum ſenem
94 956 578 989 CHIO. Eſt ipſe : reducis perite conſpetû Patris:
94 980 453 1008 Adeſte, cives: aureum b verè diem!
94 1002 516 1034 Qulm multa Cœli congruunt in nos bonsl
44 1015 580 1059 V 5AN Hæc quæ.coroſlis nexa.nos pubes petens?
92 1047 578 1081 Et unde prodit. figna lætitiæ efferens? (docet
91 1069 592 1101 DISC. Noſtra hæc juvEtus IOAN oſtra de vulmn
90 1091 575 1126 Genus eſſe ſanctum, vlacida briſtiadum indoles.
89 1113 577 1150 hio. O pater, & 0 Magiſter. CHo.O morum
145 1139 271 1163 atiſex.
508 1172 572 1208 cao.
