804 1355
68 78 142 129 5I
248 95 731 125 2s FLAVIÆ TRAGOEDI
290 118 626 148 Regina pacis, æua bellorum fides
289 141 729 174 Iuſfitia. cur præterita, quæ prima eſt, jacet?
290 164 718 197 Domiti, quid hæres? Veſpaſi, quid cogitas?
291 187 773 222 VES. Non jacet; at illam ſtrenui primam petam.
247 210 763 244 255 DO. Non. Pater at illa prima ſapienti placet.
291 232 727 264 Qui cuncta novit, juſta non neſcit, puto.
67 210 149 298 I
289 255 772 287 VESP Qui cuncta ſervant, æqua non perdât mans.
288 277 773 315 IuAN. Sed multa, Domiti, noſſe, qui pulerâ putas,
290 300 643 331 Aliò feretur avius, quâm quò voles.
245 321 730 358 1o Qe multa dicis? DOM. Vſui quæ ſint duci,
286 346 627 377 Injuſt. juſta: vera. ſalſa: turpia,
284 370 721 402 Honeſta: tum quæ dedecant, & quæ decent:
283 392 710 425 Proſana, ſacta: humana, divina, infera:
285 415 665 448 Peregrina, noſtra: regia, & civilia.
243 438 681 474 15 Quicumque neſcit iſta, dominari nequit.
284 462 773 493 IOAN. Amnbigit, opinor aliquid hc Cæſar meus.
276 483 773 519 Ecquid requitis, Veſpaſi? VESP. haud quidquam
70 487 150 522 I
371 509 536 531 IOAN. Tamen?
261 527 766 563 VESP. Quiddam verebar, neſcio an prudens ſatis,
286 553 739 587 Ne multa quærens, multa dimittam manu:
72 554 103 593 l
242 577 675 608 290 Si quando volucer animus in multas vias
71 591 100 627 I
284 599 671 627 Ad multa rerum genera dilapſus, ſtatim
284 621 666 652 Areſcat: uber fontis ut quondam latex,
72 627 100 657 2j
284 645 653 669 Quemn multa multis vena deduxit viis.
278 667 637 695 Vt multa diſcat. mulma rimari volet:
240 689 655 718 155 Lahore tandem fractusin multis jacet.
278 712 629 741 Humana mens ſinitur anguſtè nimis:
273 734 643 758 Diviſa curis mentis hebetatur citò
278 757 669 786 Acies ſciendi mnl: quam pernix amor
279 780 657 815 In mille rerum capita diſpergit vagam.
236 803 750 838 100 pO, Ideò monemus. NE Quid in vit nimis:
70 792 110 851 lt
269 826 698 857 Hæc hauſta, non exhauſta prudenter velim.
71 833 154 876 5
277 849 664 881 Eſ ratio vera, quaenus tendit gradum.
278 874 653 905 Ducatur ardens animus auctoris manu.
276 896 722 928 Sit, qui reprendat incitum temerè impetum:
234 917 688 952 05 Sit oui refectat turbidè effuſum retro.
55 926 153 978 5
276 944 609 969 Aripiat æqua. vera diſcernat. ſibi
274 967 692 997 Imperet. & illa multa non multm velit;
274 988 681 1021 Vtilia, qudm juc unda. potiora æſtimans.
275 1013 731 1044 Quædam recuſet, differat quædam in locum:
55 1014 99 1046 i
232 1036 664 1065 2110 Hæc ſumma libet; illa ne libet quidem.
46 1034 155 1090 5!
272 1057 697 1086 Ad hæc refectus revolet, hinc feſſus volet:
272 1080 652 1111 Momenta captet !tempore utatur ſuo:
271 1102 672 1131 Cnrâ recenri ſemper hoc ſnatium voret:
272 1126 639 1153 Numuuam ſeren pace deſueſcat frui.
231 1146 802 1184 2125 IOAN. Hoc erat, avebam noſſe quod de te, puer:
271 1170 658 1200 Do, quibus amicâ pace non ceſſem frui.
232 1192 755 1228 DO. Adeone videor impudens, quæſo, Pater:
748 1228 777 1248 Vt
58 1291 115 1324 A1!
