690 1223
582 57 608 84 155

7 77 126 120 r&
149 77 240 120 Apollo
282 77 355 120 rocns
374 77 530 120 acerbiſſimà
557 77 606 120 ita-

110 120 142 160 cun
166 120 194 160 dià
212 120 226 160 in
254 120 397 160 Felicitatein
428 120 470 160 com
502 120 568 160 moti,
586 120 607 160 tũ

109 158 178 200 quòd
204 158 259 200 ritus
288 158 423 200 Ethnicorũ
455 158 514 200 Pont
532 158 598 200 ficum

110 199 263 240 damnaret,
282 199 328 240 tùm
363 199 431 240 quòd
466 199 611 240 Vitginibus

108 241 280 279 caſtimoniam
304 241 423 279 luaderet,
434 241 500 279 apud
521 241 553 279 M.
567 241 612 279 Au-

107 279 184 321 relium
225 279 438 321 Imperatorem,
494 279 599 321 aItyIum

108 319 134 362 cæ
148 319 192 362 dem
236 319 327 362 verſuto
371 319 473 362 conſilio
520 319 608 362 machi-

106 371 202 390 nantur.

143 402 287 432 ACTVS
331 402 580 432 SECVNDVS.

208 448 208 486 .
224 448 336 486 Aurelius
356 448 508 486 Imperator,
532 448 548 486 vt
568 448 612 486 erat

163 479 167 525 V
211 479 258 525 leni
271 479 393 525 ingenio,
410 479 449 525 rem
492 479 613 525 molliori-

106 520 150 567 bus
170 520 190 567 co
206 520 281 567 nſiliis
293 520 417 567 adortus,
429 520 472 567 ſibi
492 520 608 567 relicitatẽ

106 566 150 607 ſiſti
166 566 242 607 iubet,
273 566 337 607 cuius
365 566 500 607 conſtantiâ
524 566 604 607 fruſtrà

105 608 142 648 per
160 608 300 648 blanditias
318 608 417 648 tentata,
431 608 475 648 tres
490 608 538 648 natu
574 608 615 648 mi-

107 648 180 689 nores
195 648 261 689 filios
276 648 400 689 aduocat,
418 648 481 689 quos
499 648 503 689 à
543 648 609 689 matre

103 689 173 729 anteà
212 689 421 729 corroboratos,
460 689 505 729 cùm
544 689 614 729 variis

109 729 241 762 veiborum
274 729 410 762 lenociniis
428 729 432 762 à
472 729 612 762 Chriſtianis

106 766 179 803 ſacris
190 766 304 803 auocare
322 766 421 803 conatus
450 766 516 803 eſſet,
557 766 612 803 mox

107 809 268 849 reluctantes,
298 809 317 849 cũ
348 809 455 849 delicato
478 809 601 849 nobilium

114 849 184 889 grege
197 849 209 889 in
234 849 288 889 aulã
305 849 425 889 interiorẽ
450 849 517 889 mitit
554 849 608 889 Qua-

105 889 158 930 tuor
182 889 269 930 deinde
287 889 399 930 reliqnos
416 889 465 930 natu
507 889 605 930 maiores

104 929 169 968 inter
185 929 288 968 pompę,
299 929 319 968 &
334 929 426 968 ludorũ
449 929 487 968 qui
502 929 544 968 tùm
571 929 613 968 ex-

108 967 262 1002 hibebantur
276 967 455 1002 celebritatem,
481 967 568 1002 deliciis
587 967 609 1002 &

119 1010 196 1047 muner
212 1010 256 1047 bus
272 1010 412 1047 peruertere
429 1010 522 1047 nititur:
536 1010 606 1047 recu-

115 1009 232 1113 ſantibus,
247 1009 329 1113 frates
344 1009 374 1113 ait
384 1009 425 1113 iam
450 1009 608 1113 ſacnificaſſc:
