690 1229
101 44 126 71 1xs

100 62 109 104 ſi
130 62 180 104 num
213 62 321 104 agonem
354 62 475 104 claudunt
513 62 533 104 Et
554 62 604 104 prĩ-

110 97 159 144 mùm
198 97 293 144 quidem
342 97 426 144 ublius
449 97 594 144 Ianuarium

100 136 116 195 ſ
129 136 187 195 ptem
207 136 236 195 fra
266 136 307 195 rum
336 136 386 195 natu
419 136 547 195 maximum
572 136 605 195 ad

98 184 118 226 ſe
130 184 274 226 accerſitum
302 184 402 226 ctuciari
418 184 502 226 iterum
526 184 610 226 iubet,

104 225 180 273 donec
215 225 276 273 inter
299 225 444 273 plumbatas
478 225 596 273 paulatim

201 265 623 349 XXXX:

102 344 184 392 licem,
205 344 222 392 &
244 344 378 392 rhilippum
408 344 486 392 fruſtrà
529 344 611 392 mortis

102 388 275 428 impendentis
301 388 351 428 metu
370 388 458 428 terrere
485 388 611 428 conatur;

100 426 180 471 ambo
208 426 260 471 enim
311 426 331 471 ex
371 426 494 471 demortui
526 426 610 471 fratris

113 466 294 512 complexibus
307 466 454 512 alacriores
467 466 497 512 ad
510 466 610 512 ſuppli-

110 510 162 550 cium
194 510 338 550 deuolant,
362 510 378 550 &
402 510 526 550 fuſtuario
562 510 614 550 ma-

111 548 218 590 ctantur.
260 548 309 590 atri
338 548 380 590 dein
405 548 425 590 de
454 548 492 590 tria
521 548 608 590 filiorũ

114 585 126 633 ca
150 585 234 633 dauera
258 585 266 633 o
274 585 425 633 biiciuntur,
445 585 496 633 quæ
512 585 608 633 ſummâ

104 629 184 673 ſuauit
192 629 230 673 ate
253 629 399 673 complexa,
426 629 464 673 qua
487 629 541 673 rtum
568 629 614 673 no-

120 670 174 710 mine
195 670 323 710 Syluanum
348 670 394 710 præ
410 670 498 710 cipitio
510 670 614 710 interfi-

111 709 219 757 ciendum
260 709 360 757 dimittit
381 709 410 757 ad
435 709 539 757 necem.
568 709 614 757 His

104 748 238 796 funeribus
249 748 430 796 interueniens
487 748 614 796 Aurelius,

117 790 121 838 m
137 790 213 838 atrem
241 790 397 838 ſuauiſſimis
417 790 497 838 verbis
525 790 613 838 mulcet

110 831 190 878 vttres
205 831 259 878 natu
293 831 400 878 minores
416 831 504 878 adhuc
527 831 611 878 ſuper-

106 869 174 914 ſtites
206 869 210 914 è
254 869 334 914 mortis
358 869 481 914 faucibus
513 869 609 914 eripiat:

119 911 196 955 Verum
218 911 343 955 hortante
368 911 372 955 m
390 911 441 955 atre
456 911 562 955 iuuenes
577 911 613 955 ſe-

115 952 210 995 curibus
227 952 335 995 percuſſi
347 952 613 995 illuſtriſſimumeer-

109 993 189 1035 tamen
209 993 241 1035 ſub
269 993 340 1035 ipſius
368 993 495 1035 conſpectu
531 993 611 1035 confi-

113 1033 187 1076 ciunt,
212 1033 229 1076 &
254 1033 303 1076 mox
324 1033 345 1076 ex
370 1033 461 1076 cœleſti
482 1033 548 1076 nube
577 1033 611 1076 cõ-
