699 1219
241 49 437 83 2LICITTAS.

86 62 102 82 30

96 76 171 108 OMart
180 76 225 108 ialis
240 76 282 108 pect
294 76 333 108 oris
348 76 441 108 quondam
474 76 504 108 mei

96 102 161 137 Dulcis
186 102 291 137 voluptas,
305 102 376 137 mixtus
390 102 404 137 &
421 102 469 137 curis
477 102 500 137 am
534 102 551 137 r-

96 130 161 163 Effare;
175 130 243 163 mortis
263 130 291 163 ſoc
300 130 328 163 ius
337 130 360 163 ad
379 130 450 163 matrem
473 130 538 163 venis?

247 163 430 187 MARTIALIS.

98 184 104 216 O
121 184 169 216 luce,
185 184 248 216 mater,
267 184 341 216 ætheris
358 184 479 216 iucundior,

95 212 126 244 Ibo
141 212 237 244 lubenter
257 212 291 244 quò
305 212 356 244 ſaror
376 212 432 244 diuim
458 212 523 244 vocat,

101 238 113 272 Et
128 238 179 272 nulla
197 238 257 272 tellus
272 238 323 272 nulla
344 238 458 272 degenerem
482 238 518 272 dies

103 261 150 293 Tuum
176 261 248 293 videbit
261 261 330 293 ſilium.
356 261 403 293 FEL.
422 261 485 293 Macte
504 261 507 293 õ
523 261 583 293 puer,

98 292 123 325 Sic
135 292 247 325 augurabar
270 292 338 325 mente,
346 292 374 325 ſed
394 292 414 325 me
436 292 473 325 ætas
490 292 515 325 tua

94 317 175 349 Mouet,
187 317 274 349 fatebor,
283 317 327 349 nate
345 317 387 349 quid
405 317 477 349 poſsit,
489 317 552 349 vides.

102 350 161 378 Pœnæ
178 350 218 378 para
232 350 255 378 ris
272 350 354 378 neſcium
374 350 439 378 pœnæ
456 350 521 378 caput,

99 342 187 404 Nondum
209 342 241 404 per
253 342 316 404 annos
342 342 395 404 obtig
405 342 417 404 it
433 342 537 404 quidquam
560 342 613 404 pari:

99 401 120 433 At
144 401 201 433 magna
231 401 297 433 Chriſti
318 401 390 433 debiles
402 401 459 433 fulcit
480 401 555 433 manus.

254 430 442 458 MARTIALIS.

100 451 111 483 Si
126 451 190 483 Marte
205 451 275 483 noſtro
295 451 357 483 mater,
368 451 405 483 hoc
419 451 478 483 nobis
493 451 546 483 foret

104 478 170 513 Bellum
197 478 236 513 gere
245 478 314 513 ndum,
323 478 418 513 nonnihil
436 478 487 513 certe
505 478 553 513 mihi,

108 505 120 541 Et
136 505 171 541 tibi
184 505 284 541 tiinerem,
300 505 328 541 ſed
341 505 392 541 nihil
417 505 489 541 Chriſto
502 505 559 541 auſpi
571 505 587 541 ce

109 532 166 567 Video
182 532 302 567 timendum.
324 532 374 567 FEL.
399 532 409 567 Tu
431 532 485 567 ſapis
504 532 519 567 mi
535 532 579 567 foſc
589 532 611 567 u-

137 568 157 592 e,

110 584 123 620 Et
142 584 151 620 tu
170 584 363 620 ſequerisALEX.
379 584 464 620 Animus
480 584 552 620 ebullit
568 584 600 620 ſuo

101 614 180 646 Ardore
194 614 259 646 rotus,
270 614 296 646 ſed
310 614 369 646 tamen
394 614 451 646 maior
468 614 504 646 tuis

104 639 179 669 Incenſa
197 639 290 669 flammis,
305 639 392 669 martyrii
413 639 476 669 gliſcit
491 639 539 669 ſitis.

110 667 135 705 Per
154 667 185 705 tela
204 667 217 705 &
233 667 299 705 enſes,
315 667 343 705 per
362 667 394 705 rog
406 667 422 705 os
457 667 529 705 Perque
545 667 605 705 vngu-

139 698 162 722 las

104 724 146 750 Mor
158 724 188 750 tem
209 724 287 750 ſubibo,
299 724 329 750 nec
347 724 395 750 tuum
428 724 482 750 mater
500 724 557 750 genus

113 745 193 787 Vnquam
213 745 303 787 negabo.
340 745 390 787 FEL.
423 745 486 787 Fortis
506 745 529 787 ad
546 745 609 787 fortes

138 782 198 808 venis.

115 801 191 831 Vitalis,
200 801 235 831 ibis
248 801 349 831 frarribus
365 801 447 831 conſors
466 801 513 831 tuis.

293 831 422 855 VITALIS.

108 853 141 887 Ibo
153 853 186 887 ibo
204 853 267 887 mater:
276 853 348 887 nullus
363 853 489 887 Acherantis
507 853 558 887 rigor

110 883 146 914 Hac
167 883 185 914 me
200 883 284 914 parente
299 883 356 914 faciet
371 883 488 914 indignum,
497 883 542 914 ſcio.

108 909 148 943 Non
168 909 176 943 ſi
191 909 290 943 tyrannus
309 909 383 943 miſceat
400 909 468 943 terraim
485 909 567 943 inferis,

116 930 132 969 Et
151 930 246 969 quidquid
255 930 325 969 atrox,
335 930 445 969 peſtilens,
464 930 550 969 tetrum,
569 930 610 969 efe-

142 973 191 993 rum,

114 982 123 1022 In
147 982 219 1022 corpus
228 982 300 1022 armer,
309 982 351 1022 ſede
366 982 417 1022 diuul
426 982 456 1022 ſam
477 982 588 1022 ſua0

112 1012 163 1049 Hanc
178 1012 289 1049 iſſipabit,
319 1012 364 1049 quam
394 1012 442 1049 Deus
460 1012 532 1049 mentem
553 1012 610 1049 dedit.

122 1042 172 1078 rEL.
199 1042 256 1078 Odin
302 1042 375 1078 Chtiſto
410 1042 490 1078 ector:
513 1042 517 1078 ô
544 1042 613 1078 uueneʒ

149 1071 200 1101 Probi
