676 1226
234 37 456 72 TRAGOEDIA.

572 51 600 74 1c1

101 70 176 100 Siſtitnr
194 70 281 100 infelix,
308 70 395 100 manibus
410 70 452 100 poſt
467 70 515 100 terga
536 70 602 100 reuin-

123 101 134 124 ct
145 101 168 124 is,

106 118 227 153 Verberaque
244 118 295 153 inter
320 118 371 153 caini
380 118 459 153 ficum,
479 118 490 153 &
510 118 594 153 ludibria

121 154 181 174 turbæ

118 177 132 206 0x
153 177 193 206 caſti
206 177 230 206 ſub
249 177 292 206 eunt
308 177 393 206 Iuuenes
406 177 452 206 ante
468 177 494 206 ora
510 177 599 206 parẽtis,

95 205 177 235 Nudant
185 205 204 235 ur
223 205 225 235 c
236 205 276 235 oſtæ
292 205 319 235 vir
340 205 364 235 is,
372 205 372 235 i
417 205 497 235 randine
513 205 532 235 ſæ
540 205 556 235 ua

100 231 199 260 PIgarum
219 231 312 260 nimbus,
329 231 377 260 lauit
394 231 436 260 ater
462 231 541 260 corpora
558 231 600 260 ſan-

142 261 176 286 iS.

142 285 171 313 ens
187 285 243 313 tamen
264 285 294 313 inc
307 285 379 313 oncuſſa
405 285 472 313 manet,
480 285 498 313 pe
522 285 554 313 que
568 285 597 313 ar-

135 312 163 339 dua
179 312 241 339 ſurgit

94 337 120 367 Ad
134 337 213 367 ſuperos
232 337 232 367 g
247 337 297 367 randi
323 337 385 367 virtus
399 337 489 367 interrita
509 337 568 367 cliuo.

128 365 194 394 Qales
209 365 242 394 cum
275 365 329 394 vaſtis
347 365 392 394 nudi
419 365 512 394 Cyelopes
533 365 542 394 in
566 365 599 394 an-

127 400 161 420 1rIS

99 417 178 444 Exercẽt
195 417 209 444 cr
218 417 272 444 udum
294 417 388 444 chalybem
407 417 495 444 fornacis
509 417 597 444 anhelæ:

94 444 124 473 Illi
136 444 178 473 inte
193 444 226 473 ſeſe
247 444 319 473 magnis
334 444 442 473 conatibus
460 444 529 473 vrgent

98 471 126 499 Eni
137 471 160 499 xi:
169 471 267 499 tunduut,
287 471 315 499 ver
327 471 409 499 ſantque
429 471 457 499 per
477 471 533 499 omnia
556 471 598 499 maſ-

120 499 151 519 ſam

94 521 154 551 Arden
169 521 214 551 tem,
220 521 295 551 abſiſtit
310 521 331 551 ſci
343 521 409 551 ntillis
421 521 502 551 acribus
514 521 577 551 ignis.

96 549 171 578 Immug
180 549 192 578 it
207 549 282 578 ſpecus,
291 549 306 578 &
321 549 440 578 reſponſant
455 549 515 578 omnia
530 549 599 578 ſyluæ.

122 575 151 605 Sic
165 575 196 605 illi
210 575 312 605 exagitant
326 575 377 605 ſanct
391 575 436 605 orum
459 575 540 605 corpora
560 575 597 605 cre-

125 604 166 632 bris

106 627 235 666 verberibus,
251 627 285 666 diri
301 627 380 666 reſonãt
397 627 530 666 claneorilus
543 627 601 666 ictus.

103 656 130 685 Vix
145 656 223 685 laceros
235 656 292 685 artus
307 656 352 685 tabo
370 656 420 685 tegit
432 656 513 685 horrida
528 656 597 685 pellii.

101 683 199 710 Quæritur
219 683 247 710 heu
278 683 352 710 miſeris
369 683 397 710 tam
417 683 504 710 pulchro
518 683 527 710 in
555 683 558 710 c
569 683 597 710 or-

118 717 167 738 pore
183 717 212 738 cor
223 717 265 738 pus.

94 735 125 762 Sed
154 735 216 762 virtus
236 735 295 762 atrox
338 735 352 762 er
377 735 448 762 mortua
476 735 544 762 viſcera
573 735 598 762 re-

125 770 175 791 gnat,

101 788 115 820 Et
135 788 178 820 toto
195 788 280 820 exiliunt
299 788 390 820 cœleſtes
404 788 492 820 corpore
506 788 597 820 flammæ,

105 816 158 852 QQeis
178 816 225 852 Deus
241 816 255 852 vt
271 816 338 852 viuant
361 816 374 852 de
391 816 440 852 cœlo
450 816 543 852 alimenta
563 816 583 852 mi

122 843 201 877 niſtrat.
