669 1229
207 35 427 65 TRAGOEDIA.

550 42 565 69 2

67 63 79 94 In
104 63 120 94 te
133 63 231 94 parantur
253 63 332 94 monſtra
350 63 445 94 ſuppliciĩ
464 63 524 94 noua.

69 92 132 116 FLIc.
156 92 206 116 Etiam
233 92 320 116 minaris.

258 118 389 146 PVBLIVS.

166 145 205 169 Non
232 145 289 169 tamen
310 145 367 169 fruſtr
376 145 379 169 a
403 145 472 169 minor.

60 172 94 201 Iam
114 172 174 201 Iatera
190 172 273 201 fodiam,
287 172 340 201 thura
357 172 373 201 ni
390 172 466 201 dederis
480 172 536 201 Ioni,

66 199 82 232 Et
98 199 186 232 expiaris
205 199 297 232 criminis
315 199 372 232 labem
391 199 426 232 tui.

71 226 112 255 F..
121 226 143 255 At
166 226 188 255 me
200 226 301 255 impiarem
320 226 377 255 thura
393 226 402 255 ſi
418 226 484 255 ferrem
509 226 560 255 Ioui.

68 253 113 282 Pv.
137 253 152 282 Et
167 253 284 282 peruicaces
299 253 391 282 fœminas
409 253 451 282 vici,
469 253 538 282 ocyus,

67 279 86 308 Da
108 279 175 308 thura,
191 279 219 308 vel
232 279 257 308 te.
289 279 343 308 FE2L.
365 279 431 308 iamdiu
453 279 529 308 exceſſit
555 279 577 308 ti-

98 313 143 334 mor,

72 334 157 364 FELLIc.
182 334 293 364 Exequere,
305 334 349 364 quid
368 334 387 364 me
403 334 485 364 territas
494 334 564 364 iterum

96 362 99 390 m
114 362 162 390 inis:

72 387 87 417 Te
99 387 141 417 fulm
156 387 234 417 inantis
255 387 315 417 magna
336 387 351 417 de
366 387 417 417 cœlo
438 387 510 417 manus,

71 415 171 444 Tuumque
191 415 247 444 diuum
267 415 297 444 fct
307 415 344 444 ilem
370 415 414 444 mert
427 415 440 444 et
457 415 513 444 ro;o.

75 440 128 464 Vides
144 440 160 464 vt
173 440 207 464 ille
223 440 292 464 cecidit
308 440 374 464 illiſus
390 440 437 464 ſolo.

253 467 385 495 PVBLIVS.

70 494 76 523 O
92 494 146 523 nigra
174 494 244 523 Cocyti
260 494 311 523 vada,
320 494 333 523 &
345 494 418 523 noctes
431 494 507 523 pigræ,

67 520 82 549 Et
100 520 133 549 cum
166 520 244 549 Ceraſtis
256 520 295 549 atra
310 520 406 549 furiarum
427 520 508 549 cohors,

65 547 157 576 Rupiſtis
169 547 214 576 alto
233 547 290 576 clauſa
309 547 435 576 tenebrarum
454 547 483 576 ſitu

62 574 125 603 Antra
152 574 266 603 impotenti
290 574 389 603 carmine,
410 574 422 603 &
443 574 518 603 technis
533 574 575 603 ſtri-

99 604 133 630 gis.

73 628 80 658 O
100 628 136 658 ſaga
153 628 189 658 ſaga
212 628 295 658 dæmoni
309 628 408 658 addictum
428 628 494 658 caput,

74 654 164 685 Graſſaris
182 654 197 685 vt
209 654 260 685 ſoles
275 654 364 685 nefandis
379 654 469 685 artibus.

71 682 74 712 F
114 682 134 712 ic.
164 682 200 712 Sum
224 682 293 712 famula
320 682 386 712 Chriſti
403 682 519 712 principis,
532 682 566 712 non

104 712 134 738 ſum
161 712 218 738 maga.

74 735 118 765 P.
134 735 213 765 Nudate
232 735 276 765 colla
295 735 368 765 ſericis,
380 735 393 765 &
405 735 494 765 tundite.

71 763 110 793 FxL.
122 763 215 793 Nudate;
221 763 239 793 at
257 763 296 793 olim
316 763 385 793 veſtiet
400 763 457 793 radiis
478 763 532 793 Deus.

71 788 116 819 Pv.
136 788 209 819 Vincite
223 788 271 819 palo
288 788 424 819 contumacem
446 788 559 819 fœminam-

71 817 203 842 Emollietur,
212 817 296 842 fortiter
317 817 446 842 contundite.

246 845 415 873 FELICITAI.

75 871 87 900 Et
106 871 160 900 verba
176 871 248 900 ſpreui,
258 871 273 900 &
289 871 374 900 fortiter
387 871 456 900 plagas
469 871 538 900 feram.

74 897 116 922 P.
134 897 152 922 Te
173 897 284 922 manſuetam
305 897 380 922 verbera
401 897 488 922 efficient
503 897 548 922 fera.

76 924 118 954 Ft.
146 924 254 954 OChriſte,
275 924 352 954 Chriſte.

75 951 321 981 PvB.Liboret
338 951 352 981 te
367 951 460 981 furcifer.

72 978 116 1008 FEL.
138 978 192 1008 Oqui
205 978 281 1008 nitenti
300 978 401 1008 gemmeam
420 978 480 1008 lucem
502 978 540 1008 rota

67 1006 101 1034 Hac
113 1006 132 1034 ad
149 1006 240 1034 Signas,
260 1006 271 1034 &
291 1006 362 1034 auctas
379 1006 444 1034 exeris
467 1006 523 1034 radiis
546 1006 563 1034 co

76 1034 134 1061 alum.
174 1034 217 1061 maS.

80 1058 147 1088 Ocelle
168 1058 231 1088 mundi
248 1058 318 1088 reſpice
332 1058 346 1088 in
367 1058 430 1088 clades
448 1058 500 1088 meas,

453 1085 464 1113 N
