670 1227
233 47 457 76 rRAGOEDIA.

564 53 596 77 2

95 72 195 105 Impiaque
208 72 296 105 inceſtam
318 72 422 105 ſoluerunt
445 72 501 105 ſæcul
527 72 571 105 noct
583 72 596 105 e.

97 102 110 134 En
129 102 163 134 tibi
182 102 289 134 deferimus
308 102 359 134 puræ
378 102 457 134 libamin
494 102 570 134 mentis,

93 123 195 159 Nunquam
219 123 336 159 degeneres,
348 123 363 159 &
381 123 429 159 magn
450 123 453 159 æ
468 123 516 159 lucis
534 123 600 159 egeni.

98 155 137 185 Luct
146 155 188 185 ãtes
199 155 278 185 animos
295 155 374 185 genitor
391 155 403 185 tu
425 155 453 185 cor
465 155 513 185 pore
530 155 597 185 ſolue,

101 182 146 211 Cœli
160 182 219 211 pande
239 182 281 211 vias,
298 182 309 211 &
321 182 357 211 nos
372 182 417 211 rape
431 182 442 211 in
467 182 524 211 omnia
544 182 558 211 te
580 182 597 211 i.

97 209 198 239 PHILIP.
214 209 283 239 Audite
296 209 394 239 aſtrorum
419 209 495 239 ignes,
517 209 529 239 &
555 209 596 239 vag2

151 236 241 265 murmura
263 236 328 265 Ponti,

97 262 113 294 Et
132 262 192 294 moles
208 262 284 294 operoſa
306 262 350 294 ſoli:
366 262 426 294 tuque
442 262 518 294 inclyta
540 262 594 294 Roma

94 288 166 320 Inclyta
185 288 280 320 bellorum
302 288 381 320 ſpoliis,
397 288 450 320 magis
466 288 542 320 inclyta
561 288 599 320 Ro-

147 325 176 340 ma.

93 343 108 373 Si
126 343 168 373 cœli
183 343 288 373 ſequerere
306 343 351 373 vias.
375 343 498 373 Labentibus
510 343 576 373 annis,

99 372 105 401 O
116 372 189 401 ptatum
209 372 274 401 veniet
288 372 319 401 tem
333 372 375 401 pus,
395 372 432 401 quo
446 372 505 401 ferrea
525 372 598 401 prolex

98 397 180 426 Deſiner,
192 397 205 426 &
218 397 290 426 ſanctis
309 397 397 426 miteſcet
410 397 492 426 legibus
511 397 571 426 orbis.

89 425 129 453 Hoc
143 425 225 453 precor,
239 425 287 453 hanc
298 425 377 453 animam
397 425 428 453 tam
448 425 501 453 fauſta
530 425 538 453 in
566 425 597 453 Tæ-

145 451 181 479 cula
199 451 271 479 fundo.

89 478 131 510 Non
152 478 218 510 triſtes
233 478 290 510 diras,
305 478 316 510 &
331 478 406 510 Auerna
427 478 514 510 ſonantia
535 478 583 510 ſlãmi

91 504 196 533 Imprecor
211 504 220 533 in
241 504 337 533 parriam,
345 504 375 533 ſed
387 504 468 533 ſimplex
480 504 537 533 hoſtia
555 504 597 533 libo

89 529 199 559 Sanguinis
216 529 253 559 hoc
276 529 419 559 quodcumque
442 529 479 559 eſt:
501 529 561 559 teſtor
580 529 597 559 te

134 560 165 586 mea
184 560 251 586 Roma,

92 578 142 612 Sæua
161 578 240 612 parens,
259 578 325 612 dilecta
341 578 420 612 tamen,
445 578 486 612 Huit
508 578 546 612 hæc
565 578 600 612 ribi

145 620 197 639 vena.

97 637 112 665 Et
133 637 151 665 me
169 637 208 665 cura
226 637 250 665 tui
262 637 283 665 ad
301 637 361 665 manes
379 637 514 665 comitabitur
526 637 589 665 imos.

218 727 486 743 TNTT

98 721 102 770 P
164 721 292 770 BBII.
168 721 292 770 BLI0
490 721 600 770 2S.

98 777 270 819 Obtruduntur
285 777 318 819 illi
336 777 372 819 tria
405 777 500 819 ſiliorum
526 777 599 819 corpo-

101 818 169 861 pora,
205 818 217 861 &
233 818 245 861 in
272 818 316 861 eius
332 818 451 861 conſpectu
475 818 583 861 quartus

222 859 320 889 mittitur
336 859 365 889 ad
380 859 469 889 necem.

111 905 141 952 vs.
217 905 234 952 Ge
247 905 297 952 nunc
314 905 404 952 triũpha,
414 905 450 952 filii
467 905 550 952 regnant
567 905 604 952 tni-

155 934 439 964 AAgnoſcisiſtos:exitũ
448 934 606 964 inueniũtmin?

98 961 137 991 F..
146 961 245 991 Agnoſco
260 961 323 991 noſtra
341 961 424 991 viſcera,
439 961 454 991 &
469 961 514 991 tene
526 961 532 991 o
544 961 592 991 ſinu.

98 986 158 1016 Fœlix
176 986 245 1016 corona
266 986 368 1016 martyrum
395 986 428 1016 vos
446 986 530 1016 lugeam?

147 1014 592 1074 ::::u::a:

94 1068 227 1100 Humanitati
262 1068 376 1100 lachrymas
395 1068 436 1100 dare
452 1068 493 1100 quis
512 1068 572 1100 vetati

438 1095 503 1124 Pi
