667 1226
258 34 439 66 ELICITAS.

73 44 103 69 30

82 61 119 94 Non
141 61 195 94 parui
217 61 277 94 manes
296 61 324 94 per
353 61 365 94 te
384 61 450 94 ſupera
469 61 507 94 alta
536 61 605 94 tene-

139 101 174 123 mus

98 115 177 152 ydereis
193 115 290 152 volucres
309 115 411 152 flammis,
429 115 524 152 oſtroque
546 115 616 152 deco-

137 150 159 170 ri.

90 168 197 202 Fortunata
214 168 285 202 parens
299 168 370 202 viuunt
384 168 412 202 tua
432 168 511 202 nomina
531 168 615 202 terris,

93 198 197 228 Fortunata
214 198 285 228 parens
299 198 342 228 ſurg
350 198 387 228 unt
404 198 429 228 tua
455 198 545 228 germina
576 198 613 228 cæ-

119 228 148 259 lo.

108 251 108 281 u
132 251 183 281 curas
195 251 258 281 ſolare
279 251 354 281 graues,
369 251 384 281 &
396 251 450 281 tædia
471 251 528 281 vitæ:

86 275 131 309 Nam
152 275 167 309 te
182 275 245 309 octaua
272 275 329 309 manet
347 275 433 309 ſeptenis
448 275 460 309 in
475 275 505 309 ſita
529 275 577 309 palm
592 275 610 309 a,

98 305 131 335 Cùm
152 305 164 335 tu
188 305 260 335 emenſa
278 305 326 335 ſitus
347 305 362 335 &
382 305 436 335 nigri
457 305 547 335 carceris
571 305 610 335 vm-

127 336 182 360 bras,

87 351 147 391 Mens
164 351 237 391 ſancta,
253 351 267 391 &
283 351 356 391 magnis
373 351 406 391 non
439 351 522 391 præcox
542 351 609 391 addita

143 389 194 417 diuis

91 403 198 445 Sanguine
225 403 345 445 purpureum
378 403 465 445 ſignabis
485 403 508 445 ad
541 403 608 445 æthera

135 442 213 467 callem.

97 455 140 498 FEL.
164 455 214 498 Oſol
227 455 247 498 be
257 455 297 498 ate,
313 455 410 498 quantus,
423 455 436 498 &
456 455 520 498 qualis
543 455 606 498 micas.

101 494 119 526 Vt
131 494 248 526 impotenti
269 494 338 526 gaudio
353 494 425 526 pectus
437 494 488 526 ſluit.

94 520 106 552 In
124 520 169 552 aſtra
187 520 235 552 nati,
250 520 259 552 in
280 520 325 552 aſtra
343 520 376 552 vos
391 520 448 552 fœlix
463 520 523 552 ſequo
535 520 547 552 r.

98 541 161 580 AVR.
201 541 234 580 uid
251 541 364 580 pollicetur
377 541 424 580 aſtra
440 541 470 580 ſibi
497 541 566 580 vecors
583 541 610 580 ca-

153 581 196 606 put:

107 594 151 639 Quid
164 594 194 639 ſibi
207 594 290 639 futuram
307 594 417 639 proximam
443 594 517 639 mortem
536 594 603 639 putat.

101 629 132 656 Sed
152 629 200 656 mille
220 629 291 656 mortes
305 629 336 656 per
347 629 404 656 feret,
424 629 475 656 viuet
489 629 500 656 ta
520 629 565 656 men.

107 656 189 684 Onerate
203 656 257 684 ferro
271 656 299 684 lur
308 656 350 684 idos
361 656 418 684 artus
438 656 497 684 graui,

106 683 190 715 Pœdore
206 683 250 715 lonu
266 683 270 715 o
286 683 370 715 carceris
386 683 507 715 conſumite.

337 826 399 842 5T

338 841 437 867 1.
