1151 2046
503 151 938 212 P HI IOTII
225 179 420 225 274
319 220 1123 280 Reſpondeam. PHI. Quid? C AL. abnegem? PI.
379 278 705 324 cur CAL. non pari
327 327 991 381 Sorte eſt ſocietas. quippe dicebas modo
250 381 964 433 Mihi futurum præmium, nullum tibi.
275 433 1031 485 PHI. Ita fore credis? CAL. neſcio. at de te nihil
331 487 823 535 idetur eſſe certius, niſi ſi datur
329 536 957 589 Fortaſſe inerti præmium. quod ſi datur,
332 588 958 641 Tuum eſſe cupio: vt ipſe decerpam nihil.
291 645 967 699 Hoc eſt inerti præmium, mæror, pudor,
302 696 983 750 Infamia. hæc Philotime præcipias licet,
334 747 983 797 Libens remittoa hæc hora nos alio vocat.
319 802 1147 855 Nunc quid iubes Philotime? PHI. in æternum palt
314 853 958 905 Niſi occupaſſet trepidus actutum fugam,
288 905 969 957 Senſiſſet iram. Semper has voces feram?
311 957 966 1011 Semper ne ab iſtis, queis catenatus labor
341 1012 944 1063 VVix ingeni partem excolit, quando meo
339 1061 1015 1111 Bono vtor inuidendus, & parto fruor,
340 1116 917 1170 Iners vocabor? ſcilicet, ſeruum pecus,
343 1168 915 1219 Natumque curis, eſſe me ſimilem ſibi
346 1220 970 1273 Vellet: nec alia cauſa, vt exemplo forem,
345 1273 988 1327 Si quem peræque ſtella naſcentem pia
338 1327 923 1379 Vultu benigno aſpexit. At videas licet
283 1377 993 1431 Hominum doloſa dicta. Sudandum eſt diu,
347 1431 1070 1483 Vt pulchra tandem præmia reportes ſemel.
345 1486 1052 1536 Sed quæ iſta tandem præmia? papyracea
346 1538 894 1586 Fucata, bracteata. ſic plangunculas
346 1589 891 1641 Amante puelli. Si quid eſſet dignius,
285 1639 1143 1699 Præclaritſque, huc tenderem, atqueomnem ſibi
1084 1680 1142 1737 1
