1119 2046
191 147 864 216 ACTVS SECSDVS. 270
55 216 757 271 Hoc te velim parare, quod numquam occidit,
74 268 709 322 Dum melior ætas corpori, & menti igor.
64 320 621 378 Ignobile abeat otium. Turpe est teri
71 372 823 426 Pulchram iuuentam in litteris, quarum leue,
73 421 701 478 Et ludicrum, nec par labori præmium.
49 477 767 535 Quæ te tenet ſegnitia? quin rumpis moram?
25 525 787 582 PHI. Non melius vllum poſſe conſilium dari
75 578 708 636 Exiſtimem, vel pulchrius: ſi ſint tamen
75 633 721 687 Vera iſta. ſed tu verba inexpertus vide
67 683 801 740 Ne dederis. LI. eſt qui vidit, & dixit mihi,
68 734 677 793 Bellique amore pectus incendit nouo.
22 788 545 840 PHI. Oſi liceret intueri, exercitus
66 839 809 899 Cum ſigna & arma explicuit, & ſequitur ducem
65 892 703 950 Pugnæ viæque inſtiructus, & bellum canit.
65 943 753 1000 O ſi manus cum conſerit, & illinc tonat,
64 996 679 1050 Et hinc coruſcus enſis, & varia vice
63 1048 720 1106 Pars vna cædit, alia præcipitans cadit,
63 1098 698 1155 Rurſuſque victa vincit, & fugiens fugat:
63 1150 658 1204 Terra interim cruore reſpergit ſinum.
63 1203 651 1259 Non par putem ſpectaculum. talis mihii
67 1254 699 1308 Animis cupido incuſſa, dum narras modo:
69 1306 701 1362 Quid ſi viderem? Maior eſt oculis fides.
15 1359 711 1415 LI. Ne metue. Mars victoriæ ac belli Deus
7 1407 649 1465 Seſe interim dat volentibus, & edit ſuis
64 1465 844 1515 Simulacra pugnæ, ac militum antiquum decus:
1 1511 643 1569 Fortaſſe nos hoc munere affectos volet.
7 1563 714 1622 PEI. Da te mihi Gradiue conſpectunt: ſequar
51 1614 785 1680 Quouis vocantem. LI. ſed tubæ auditur ſonu,
572 1680 649 1721 SS
771 1675 955 1722 Ipſum
