1137 2046
488 150 915 186 PHI L O TIMI
271 157 380 187 22
267 205 943 258 TY. Ego te docebo iuuenis, & ſpatio breui,
317 256 1088 313 Magna agere, pulchra dicere: vt ſtudiis pares
318 310 1035 366 Euoque, non ſint laude, non actis, pares
322 360 949 415 Tibi futuri. PHI. Gratias magnas ago
322 414 976 468 Tibi Mars, tibique, quiſquis accedes comes
304 465 1065 522 Mihi, & magiſter: pectore hoc, & robore
240 521 1012 572 Præcepta vincam. Gloria docentis, celer
307 571 975 631 Diſcentis ardor. Agite nunc armis meum
239 625 949 678 Ornate corpus: enſis incingat latus,
322 676 992 731 Criſtata caſſis verticem: dextram grauet
272 731 922 786 Praælonga cuſpis: læua ſe clypeo inſerat.
324 783 949 841 Toti inter arma pudet inermem conſpici.
194 838 1104 905 DOo. Æquum rogas. TY. eamus huc intro: & ſtati
325 898 892 952 Tyro nouellus Martis, & miles nouus,
322 948 907 1001 arti futurus ſimilis, ornatu nouo
324 999 1028 1053 Ad te ora vertes omnium, primo velut
325 1053 936 1110 Die refulgens ſtela, quam ducit Venus,
326 1107 1036 1159 Vbi caput vnda extollit, & noctemi fugat.
272 1164 955 1209 LI. Gaudere iam, ridere iam tandem iibet,
248 1214 949 1269 Cum iuuenis eſt inductus, & peſtem ſibi
329 1267 1028 1326 Aſciuit vltro. o candidum & feſtum diem.
457 1364 960 1443 CHORVS.
277 1463 1065 1518 MPROBE, quid gaudes alienis plaudere rebus,
275 1515 767 1567 Si forſan aduerſæ fluant?
277 1563 1063 1621 Idem etiam, vt contra, quam fert natura, pereres,
337 1621 787 1675 Triſftare rebus proſperis
991 1661 1125 1711 Nos
