1127 2046
476 135 884 186 P HI I OTII
253 154 309 191 298
236 207 938 258 Quæ geſta terris omnibus, poſtquam genus
301 260 838 313 Mortale cœpit eſſe, longæui ſenis,
249 312 889 363 Qui vidit vrbes plurimas, mores ſimul
301 366 903 415 Agnouit omnes. Tolle doctrinas bonas,
302 417 941 468 Conditaq doctis arte præſtantum virum
301 471 979 518 Monumenta chartis: vita quæ deinceps erit?
303 522 900 570 Vt terra, cum Sol merſit Oceano caput,
303 576 827 625 Caliginoſa nocte commutat diem:
303 627 932 677 Sic artium cum fulgor occuluit iubar,
221 681 834 730 Humana gens inſcitiæ lateat nigris
305 733 934 783 Tenebris operta: corporis & animi luem
303 786 943 835 Nil expiet:non medica decerpat manus
214 834 938 888 Herbas ſalubres: nulla lex mentem vetet
216 888 1082 939 Peccare promptam. CAL. exaudio. at durus labor
305 943 987 996 Pleroſque terret. MER. delicatos, & leues,
305 994 935 1047 Quibus voluptas ipſa non grata eſt ſatis,
227 1047 941 1100 Quia cum labore prouenit. Sed quid fuit
227 1099 963 1153 Pulchrum ac decorum, cuius ignauus ſopor
307 1152 939 1203 Repertor eſſet? Stirps amara eſt arborum,
307 1205 879 1257 Fructuſq dulces. Non placet victoria
302 1259 1003 1307 Statim parata. Leuia, quæ paruo valent
306 1311 983 1358 Pretio, metalla, facile vt inuenias, iacent
308 1363 941 1411 Tellure ſumma: quæ requiruntur magis,
258 1415 883 1467 Et pluris aſtimantur, in fundo latent
307 1466 947 1517 Alte eruenda. Lance penduntur pari
308 1516 1094 1576 Pulchrum, arduum. CAL. at iſta nonnouit pue.
262 1569 1076 1621 MER. Eſt excitandus præmiis. Duplicem ſolent
255 1624 963 1679 Afferre fructum praæmia: ferentem iuuant:
900 1681 1100 1715 Monent
