1145 2046
179 153 665 195 ACTVS VARTVS.
815 167 896 206 30I
17 213 634 258 DO. Parce alloquor vos milites ritu meo.
63 266 762 312 Fortem eſſe principem, breuiloquentem, decet,
67 318 683 366 Ad continenda imperia nil prodeſt magis,
60 370 707 418 Quam fortibus ſi præmia, & magnis viri,
61 424 818 470 Condigna dentur: regna tum contra labant,
59 474 688 521 Præſtantium cum domina factorum caret
58 528 666 572 ercede Virtus. Nemini gratus labor
60 578 651 625 Gratuitus eſt, Quo maior eſt induſtria,
59 630 569 676 Illuſtriore in luce ſe poſitam cupit.
59 682 656 728 Honor alit artes, ſtudia neglectu iacent.
62 733 635 784 Et cura noſtra hæc milites ſemper fuit,
64 786 708 837 VVeſtrum vt laborem honore penſarem pari:
66 840 683 884 Nec pœnitet. nunc, miles hiodiernus, noua
68 890 722 941 Pars agminis, ſed magna, qui ætatem graui
72 943 583 988 VVirtute, & vno ſecla ſuperauit die
66 996 645 1040 Permulta, rebus plurimis, capiat decus
66 1047 724 1093 Labore partum. inuidia nec cuiquam malaæ
64 1098 741 1143 Pulſabit animum: facta communem modum
65 1150 649 1198 VVicere, honos ingentior quærendus eſt.
65 1202 658 1249 Hunc igitur eſſe, qui gerat noſtras vices,
67 1254 625 1298 VVbi abſumus, iubemus: hic vobis erit,
65 1307 662 1353 Quoquo vocabunt bella, ductoris loco,
65 1358 691 1406 Rerum & magiſter: mollis eſt illi quidem
67 1411 665 1459 Adhuc iuuentus, animus imperij capax.
71 1463 718 1510 Gladios acutos miles, atque animos gerat,
71 1515 677 1560 Sed regimen & conſilia permittat duci.
77 1566 881 1613 Philotime, dignam ſuſcipe hanc curam ducis. o
73 1619 753 1668 Vir imperia, & imperia demonſtrant pirum.
820 1684 882 1714 Nes
