1127 2046
248 169 646 205 EPI L OG VS.
844 178 896 225 3S5
32 221 624 273 Et quo magis tractatur, effulget magis.
31 272 691 323 Idem ipſe veſtra nomina, & laudum notas,
30 326 575 374 Eternitatis in libro inſcribi iubet:
28 378 685 427 Hic vt dies honorque numquam intercidat,
28 430 611 480 Sed tempore augeatur, & vires nouet.
29 479 646 533 Certate vos, & vincite, vt præſens decus
30 534 677 586 Ad pulchriora exuſcitet. magnam quidem
31 586 627 637 VVos conſecuti gloriam, nondum tamen
28 638 648 694 Satis eſt habenti, quicquid augeri poteſt.
26 691 672 741 At vos, viri illuſtriſſimi, quorum omnium
28 743 549 791 Excelſitati æqualis eſt humanitas,
28 795 607 845 Ceteraque præſens eruditorum cohors,
16 844 573 898 Quia ſic benigne interfuiſtu fabulæ,
30 903 616 952 Augete munus, nomine actorum rogo,
28 949 729 1006 CHorum eſt voluntas cognita, reticeant licet)
27 1003 551 1051 Hoc veſtro abuſi comitatis munere
27 1054 700 1107 Ne ſint, verentur. Demite hanc curam: date
28 1108 713 1162 Veniam (precantur ſupplices) & quo magis
30 1161 734 1214 Datam eſſe veniam intelligant, plauſum date,
295 1284 618 1325 FINI S.
