677 1215
101 33 131 56 162

97 51 140 85 Non
163 51 205 85 vitæ
222 51 307 85 rardauit
321 51 387 85 amor;
404 51 443 85 dura
466 51 525 85 omnia
548 51 588 85 circ
596 51 616 85 ũ,

104 81 211 113 Exhauſere
234 81 310 113 animas
333 81 367 113 cum
392 81 474 113 nondum
499 81 562 113 prima
581 81 612 113 iu-

161 114 208 129 uent
227 114 227 129 æ

105 133 200 165 Pingeret
209 133 301 165 aſperſas
317 133 365 165 dulci
380 133 479 165 lanugine
498 133 564 165 malas.

97 162 145 190 Aſtit
154 162 168 190 ir
182 162 193 190 in
213 162 269 190 letho
289 162 363 190 mater,
380 162 405 190 ſua
425 162 490 190 viſcera
509 162 560 190 vidit

106 188 146 221 Diſc
157 188 196 221 erpi
211 188 312 221 exultans,
321 188 411 221 natorum
431 188 513 221 corpora
530 188 607 221 ſeptem

107 216 186 248 Obtulit
198 216 208 248 in
236 216 322 248 mortes,
337 216 350 248 &
366 216 410 248 tunc
432 216 530 248 peperiſſe
552 216 615 248 puta-

165 245 198 264 uit.

113 267 176 303 Qualis
203 267 325 303 Olympiacæ
343 267 392 303 quem
413 267 475 303 dulcis
493 267 552 303 gloria
569 267 615 303 pal-

143 305 168 320 mæ

107 320 229 385 Sollicitat,
248 320 374 385 timuloſque
390 320 412 385 ag
420 320 458 385 itat
477 320 500 385 ſub
531 320 569 385 pect
584 320 615 385 ore

155 351 224 374 virtuS,

106 376 134 412 Per
153 376 169 412 pl
191 376 220 412 gas
235 376 321 412 pretioſa
336 376 409 412 animæ
431 376 526 412 diſpendia
545 376 611 412 tendit

103 403 112 437 In
144 403 213 437 decus,
226 403 270 437 hinc
286 403 359 437 trunco
378 403 460 437 perſiſtit
479 403 565 437 corpore
581 403 616 437 fir-

155 437 200 455 mus,

108 453 123 500 Et
142 453 196 500 vitam
218 453 228 500 &
246 453 319 500 Iaudem
338 453 370 500 non
395 453 430 500 vno
442 453 452 500 in
474 453 556 500 vulnere
572 453 613 500 lin-

156 486 206 513 quit.

120 497 143 542 ali
173 497 200 542 vbi
220 497 306 542 exhauſit
323 497 403 542 cæleſtis
416 497 483 542 ſemina
503 497 586 542 flammæ

105 537 200 578 Heroina,
225 537 292 578 graues
301 537 371 578 animio
390 537 421 578 ſtat
447 537 529 578 voluere
548 537 611 578 caſus,

110 564 123 593 Et
141 564 195 593 vitam
223 564 296 593 ætherea
318 564 353 593 pro
369 564 485 593 Relligione
501 564 580 593 paciſci.

105 591 232 620 Scin
252 591 317 620 partes
332 591 363 620 per
377 591 416 620 ſept
431 591 431 620 ẽ
445 591 510 620 tunera
530 591 592 620 viuax,

105 601 136 653 Heu
158 601 228 653 ſeptem
244 601 244 653 .
256 601 256 653 n
278 601 332 653 natis
345 601 443 653 nunquam
465 601 566 653 totieſque
585 601 610 653 ſe-

143 644 205 671 pulta.

111 670 215 707 Fortunata
234 670 313 707 parens,
326 670 335 707 ſi
351 670 395 707 quid
411 670 443 707 mea
465 670 547 707 carmina
566 670 610 707 poſ-

168 698 219 725 ſunt,

105 724 174 760 Audiat
190 724 225 760 hoc
247 724 310 760 æther,
320 724 421 760 reſponſet
440 724 525 760 vocibus
544 724 607 760 æther,

112 751 149 791 Dum
174 751 214 791 muſa
230 751 259 791 atr
273 751 298 791 oci
312 751 375 791 toties
394 751 476 791 incincta
505 751 609 791 cothurno

110 778 212 807 Tantorum
232 778 314 807 annales
328 778 394 807 feruet
408 778 476 807 ſudare
490 778 592 807 laborum.

112 801 128 834 Da
147 801 217 834 faciles
232 801 305 834 Inuicta
327 801 375 834 vias,
391 801 400 834 &
416 801 495 834 carmina
517 801 568 834 deſer

115 829 142 869 Qua
159 829 239 869 fulgent
255 829 345 869 natorum
365 829 432 869 ĩgnes,
448 829 541 869 cœloque
555 829 611 869 rece-

162 859 191 886 Pti,

106 879 189 917 Auſpice
206 879 223 917 te
242 879 296 917 mites
312 879 382 917 ducunt
415 879 428 917 er
452 879 511 917 ſydera
534 879 607 917 põpas.
