693 1222
248 43 467 73 TRAGOEDIA.
554 43 585 73 16

262 73 267 92 A
330 73 383 92 OLL
412 73 423 92 O.

89 96 197 127 Adeamus,
208 96 256 127 ecce,
267 96 335 127 prome
352 96 454 127 verborum
477 96 528 127 faces

97 124 229 154 Quaſcumque
244 124 331 154 poteris,
343 124 355 154 te
373 124 430 154 Iouis
448 124 511 154 numen
532 124 595 154 regit:

93 148 126 181 Ego
138 148 180 181 arte
198 148 296 181 quidquid
308 148 383 181 potero
398 148 431 181 per
440 148 497 181 ficiam
524 148 563 181 mea.

95 263 279 299 MARCVS
318 263 492 299 AVRELIVS
530 263 598 299 IMP.

150 306 303 332 APOLLO.
343 306 536 332 PONTIFEX.

89 362 197 403 Suadmt
221 362 364 403 Imperatori
396 362 581 403 Chriftianorum

286 407 377 446 cædem.

223 466 247 491 M.
280 466 435 491 AvRELIVS.

182 517 245 558 Oneſta
269 517 346 558 regnum
371 517 475 558 ſeruitus,
493 517 580 558 blandum

205 546 281 578 malum,

157 567 178 603 L,,
205 567 253 603 Quem
277 567 319 603 fors
334 567 358 603 ad
376 567 432 603 arces
450 567 537 603 gemmeo
558 567 585 603 ve-

189 602 213 630 xit
225 602 282 630 iugo,

77 628 95 657 3,.
110 628 212 657 Terriſque
227 628 263 657 pro
278 628 293 657 ſe
308 628 401 657 Iuppiter
413 628 482 657 numen
506 628 566 657 dedit,

84 656 84 685 ,
103 656 161 685 Aurea
185 656 247 685 feroci
263 656 289 685 ſce
300 656 337 685 ptra
361 656 476 685 moderatur
497 656 559 685 manu,

109 683 163 712 Lucet
178 683 295 712 ſimaragdis,
304 683 399 712 purpuræ
411 683 495 712 irradiat
510 683 558 712 face,

75 710 123 738 ,Et
137 710 174 738 iura
194 710 208 738 di
222 710 250 738 cit,
259 710 352 738 imperat,
364 710 423 738 ſeruit
440 710 511 738 tamen.

92 737 151 763 Etnæa
171 737 188 763 ſic
208 737 245 763 nos
259 737 344 763 pondera
364 737 443 763 imperii
457 737 565 763 premunt-

78 763 93 792 Si
114 763 135 792 me
162 763 240 792 Gelonis
252 763 285 792 fata
303 763 393 792 feciſſent
411 763 483 792 ducem,

78 789 114 821 Aut
132 789 174 821 fors
189 789 276 821 habenas
294 789 356 821 gentis
374 789 482 821 Arſacidum
506 789 566 821 daret,

76 817 119 847 Hoc
133 817 167 847 eſſe
178 817 237 847 regem
263 817 364 847 crederent
384 817 432 847 ciues
455 817 492 847 mei,

75 845 92 872 Si
109 845 152 872 mihi
166 845 222 872 tiaras
236 845 316 872 barbara
333 845 398 872 pictus
420 845 465 872 manu

80 871 144 900 Ebrias
158 871 240 900 amomo
256 871 317 900 lambe
328 871 355 900 ret
368 871 379 900 in
403 871 419 900 or
427 871 464 900 bem
485 871 560 900 coma;

76 899 91 928 Si
112 899 154 928 milii
169 899 385 928 ſuperbuningeret
403 899 454 928 miles
466 899 529 928 latus,

75 926 101 955 Sæ
109 926 177 955 uiſque
191 926 239 955 ſerri
254 926 330 955 texeret
347 926 403 955 radiis
420 926 477 955 diem.

74 943 84 983 ,,
101 943 141 983 Non
167 943 184 983 eſt
210 943 284 983 Quirini
300 943 360 983 luxus
377 943 456 983 Imperii
470 943 530 983 nota.

73 980 83 1009 ,,
107 980 177 1009 Decore
195 980 222 1009 cer
235 980 259 1009 tet
273 980 323 1009 pauo
342 980 449 1009 gemmanti
462 980 540 1009 nitens,

82 1006 119 1036 Pict
130 1006 187 1036 oſue
201 1006 291 1036 rrndres
308 1006 376 1036 diuitis
405 1006 467 1036 caudæ
484 1006 569 1036 explicet

86 1018 161 1063 Virtute
173 1018 206 1063 par
221 1018 239 1063 eſt
256 1018 349 1063 Martium
367 1018 403 1063 niti
424 1018 490 1063 genus:

85 1048 145 1089 Teſtor
162 1048 241 1089 verendi
255 1048 321 1089 numen
348 1048 431 1089 æternum
454 1048 517 1089 Iouiss
