672 1219
263 28 436 57 ELICITAS.

76 37 106 59 173

88 53 121 83 Cim
139 53 169 83 iam
196 53 196 83 m
211 53 262 83 iſelli
280 53 369 83 deſinunt
384 53 414 83 eſſe
426 53 438 83 in
462 53 516 83 vris.

87 76 203 116 FELICIT.
224 76 269 116 Sunt
287 76 322 116 ſana
350 76 413 116 verba,
427 76 511 116 ſomniis
532 76 584 116 nulla

113 110 131 134 eſt
149 110 202 134 fides.

80 133 127 167 AvR.
152 133 178 167 Vis
190 133 225 167 alta
241 133 317 167 ſapere:
332 133 399 167 deſipis
418 133 519 167 Feliciras;

88 161 125 196 FEL.
151 161 192 196 Hæc
211 161 324 196 Imerator
340 161 403 196 ſapio,
416 161 454 196 quæ
470 161 536 196 ſapere
552 161 587 196 ad-

112 193 173 215 decet.

81 214 131 245 Av.
157 214 166 245 Tu
185 214 220 245 ſola
239 214 312 245 prudẽs
328 214 426 245 corculum
445 214 505 245 ſancti
521 214 587 245 Iouis.

87 242 128 271 FEL.
150 242 182 271 Deo
201 242 283 271 volente
296 242 359 271 ſapio,
378 242 429 271 quod
445 242 454 271 tu
473 242 505 271 non
527 242 587 271 ſapi.

82 268 160 302 AvAEL.
187 268 229 302 Hoc
244 268 310 302 ſapere
328 268 390 302 dicunt
405 268 504 302 fœminam
525 268 585 302 ſtirpe

106 299 211 327 inclytam,

88 322 100 351 Et
115 322 151 351 iura
172 322 232 351 diuũm
250 322 351 351 ſpernere,
360 322 372 351 &
393 322 453 351 regum
471 322 546 351 forum,

149 349 221 392 ·e
335 349 335 392 i
221 349 484 392 e
304 349 582 392 oui.

82 376 217 408 Infanticidas
232 376 325 408 percitos
340 376 385 408 diris
400 376 463 408 ſequi.

88 402 127 433 FEL.
139 402 202 433 Inſant
211 402 271 433 icidas
286 402 319 433 non
337 402 418 433 ſequor,
436 402 505 433 cultum
523 402 562 433 tibi

91 429 145 461 Cæſar
163 429 250 461 rependi,
262 429 289 461 ſed
304 429 355 461 ſupra
376 429 430 461 reges
445 429 490 461 colo

83 457 178 489 Sunmum
200 457 298 489 parentem
322 457 322 489 c
346 457 420 489 œlitum,
434 457 484 489 cuius
500 457 564 489 pauor

92 483 138 516 Cœli
156 483 172 516 co
183 483 260 516 lumnas
273 483 355 516 numine
369 483 422 516 immi
430 483 454 516 ſſo
472 483 544 516 quatit.

118 541 166 570 rum,
175 541 187 570 &
205 541 256 570 faes

95 563 130 591 ſtas
146 563 172 591 ret
180 563 236 591 unden
276 563 343 591 mentis
359 563 414 591 elatæ
436 563 500 591 minas.

92 584 133 620 F.
146 584 237 620 Propone
253 584 335 620 ferrum,
344 584 436 620 laminas,
449 584 480 620 rela
499 584 512 620 &
524 584 578 620 faces

86 616 123 646 Non
151 616 171 646 me
188 616 284 646 mouebis,
293 616 329 646 nam
355 616 383 646 Dei
397 616 454 646 fulcit
476 616 547 646 manus.

85 639 163 677 AvFL.
181 639 187 677 O
211 639 268 677 miſera
289 639 334 677 vitæ
349 639 412 677 tædial
451 639 526 677 mentem
547 639 592 677 eſfe-

126 672 169 701 ram.

92 695 114 727 Eſt
130 695 168 727 crim
183 695 253 727 inoſus
268 695 357 727 quiſquis
369 695 417 727 hanc
429 695 489 727 lucem
508 695 568 727 fugit.

120 714 159 758 Fe1.
190 714 215 758 Qui
236 714 295 758 morte
320 714 386 758 crimen
407 714 491 758 effugit,
505 714 551 758 ſatis
572 714 593 758 eſt

121 755 168 783 pius.

85 776 136 805 Av.
170 776 229 805 OTiere
263 776 317 805 ecors
328 776 337 805 ſi
354 776 419 805 cupis,
427 776 456 805 ſed
467 776 501 805 non
524 776 580 805 ſemel

93 804 153 833 ,FE..
171 804 201 833 Lex
219 804 303 833 vniuerſi
320 804 341 833 me
356 804 413 833 ſemel
428 804 479 833 iuſſit
497 804 551 833 mori.

86 831 137 862 AVA.
160 831 194 862 Ego
211 831 225 862 te
236 831 307 862 necare
327 831 426 862 mortibus
440 831 508 862 ſeptem
531 831 582 862 queq

96 857 138 891 Quas
153 857 255 891 vniuerſas
270 857 306 891 cum
323 857 383 891 feres,
395 857 446 891 viues
461 857 533 891 tamen.

94 883 142 913 EEL.
157 883 214 913 Mos
229 883 307 913 necabis
322 883 406 913 liberos,
415 883 484 913 peperi
508 883 550 913 Deo.

86 911 134 939 Avn.
151 911 199 939 Tuos
211 911 287 939 necabo
298 911 383 939 liberos,
394 911 423 939 ſed
437 911 465 939 qua
485 911 530 939 nece

93 936 132 970 FE1.
150 936 249 970 Tormnta
279 936 333 970 Cæſar
351 936 462 970 perferent,
471 936 480 970 ſi
495 936 528 970 ſint
552 936 588 970 Dei,

92 964 107 992 Et
125 964 134 992 ſi
155 964 182 992 Dei
194 964 224 992 iam
245 964 275 992 non
299 964 361 992 erunt,
370 964 403 992 non
424 964 466 992 ſunt
487 964 523 992 mei.

88 985 136 1024 AvR.
160 985 256 1024 Mandate
280 985 370 1024 tenebris
394 985 478 1024 carceris
508 985 583 1024 tantum

114 1017 186 1039 ſcelus.

91 1036 163 1085 Inſana,
179 1036 219 1085 nox
230 1036 246 1085 te
262 1036 370 1085 coꝑedes
386 1036 465 1085 reddeat
481 1036 525 1085 tihi.
