686 1225
276 41 444 58 VAO

100 54 134 80 208

103 68 151 103 Vnde
166 68 193 103 iſta
214 68 247 103 dira
268 68 370 103 vulnerum
394 68 460 103 ereſcit
475 68 526 103 ſitis-

96 93 174 129 AF0LL.
192 93 318 129 Diuinitatem
345 93 375 129 qui
390 93 420 129 ſibi
435 93 513 129 fingunt
531 93 597 129 polo,

104 125 128 155 Per
152 125 248 155 ferrum,
272 125 284 155 &
305 125 362 155 ignes
386 125 458 155 perditi
476 125 488 155 iu
524 125 563 155 mior
575 125 614 155 tem

125 163 193 181 ruunt.

97 178 133 216 Sed
151 178 193 216 eito,
205 178 229 216 fœ
238 178 262 216 lix
280 178 358 216 gladius
370 178 466 216 inueniet
481 178 541 216 viam.

97 205 109 239 N
120 205 163 239 imis
180 205 211 239 per
225 205 281 239 vrbes
296 205 321 239 ſer
330 205 358 239 pit
375 205 423 239 Hebt
443 205 471 239 æus
485 205 553 239 furor,

109 233 202 263 Confudit
213 233 272 263 aſtra,
281 233 326 263 fecit
343 233 357 263 &
371 233 439 263 cœlum
459 233 546 263 nocens.

99 259 141 294 Nam
162 259 291 294 paruulorum
315 259 384 294 clamat
402 259 423 294 ad
444 259 516 294 ſupero
528 259 531 294 s
546 259 618 294 cruor,

109 286 156 323 Quos
169 286 210 323 luce
228 286 238 323 ca
251 286 298 323 ſſos,
310 286 370 323 dulcis
386 286 468 323 exortes
484 286 534 323 poli,

100 314 379 347 IIOqueraatOSbere,
403 314 478 347 aſſatos
494 314 555 347 focis,

101 334 115 374 In
138 334 195 374 fruſta
225 334 335 374 ſcindunt,
348 334 361 374 &
378 334 408 374 ſibi
421 334 531 374 aponunt
551 334 615 374 dapem

105 368 183 405 Regeſta
204 368 270 405 prolis
285 368 354 405 viſcera
372 368 384 405 in
405 368 489 405 ventrem
522 368 600 405 Patres.

129 396 166 424 Dein
186 396 251 424 libido
265 396 327 424 ſortis
341 396 437 424 inaertum
457 396 542 424 ſequens

108 422 136 454 Per
153 422 156 454 c
176 422 179 454 œ
190 422 201 454 ca
218 422 286 454 noctis
306 422 363 454 errat,
374 422 422 454 haud
442 422 493 454 cœco
513 422 581 454 gradu-

105 449 192 486 Ambage
207 449 261 486 ludit
282 449 363 486 Veneris
375 449 444 486 inceſta
459 449 525 486 fero,

111 475 222 514 Totumque
240 475 300 514 verſat
315 475 420 514 ſanguinis
435 475 462 514 fas
474 475 489 514 &
498 475 561 514 nefas.

282 510 442 539 AVRELIVS.

113 531 119 566 O
137 531 188 566 digna
206 531 275 566 pœnis
290 531 359 566 capita.
371 531 479 566 præſtabat
494 531 551 566 tamen

103 557 142 594 Non
166 557 184 594 ex
193 557 262 594 periri,
274 557 316 594 pect
324 557 351 594 ora
366 557 435 594 irritat
459 557 528 594 dolor:

117 585 142 625 Qui
161 585 259 625 manſuetè
274 585 337 625 ſæuit,
347 585 363 625 hi
375 585 378 625 c
404 585 470 625 melius
482 585 539 625 facit.

109 606 188 647 AP0L2.
226 606 308 647 Diferre
330 606 406 647 pœnam
428 606 497 647 noxiis
519 606 548 647 iam
576 606 611 647 non

136 646 196 671 licet,

113 666 245 698 Periclitatur
261 666 305 698 fama
328 666 413 698 Romani
425 666 473 698 fori,

109 693 121 727 Si
137 693 197 727 ſpolia
216 693 280 727 laudis
295 693 368 727 referat
384 693 466 727 imbelle
482 693 517 727 hoc
536 693 603 727 genus.

290 721 446 752 P0NTIFEX.

116 745 128 778 Et
144 745 182 778 Iæſa
204 745 295 778 queritur
311 745 371 778 ſancta
393 745 475 778 maieſtas
497 745 560 778 Deum,

107 769 136 803 Me
158 769 158 803 m
180 769 237 803 onſtra
256 769 354 803 terrent,
373 769 453 803 monſtra
472 769 563 803 ſupplicij
579 769 617 803 no-

132 812 162 828 ua.

115 827 153 865 Vidi
171 827 269 865 rorantem
294 827 399 865 ſlammeos
421 827 477 865 orbes
496 827 569 865 Iouem,

115 855 156 891 Vidi
168 855 282 891 frementem
310 855 389 891 cuſpide
411 855 509 891 Odryſium
528 855 613 891 patrem,

115 882 178 915 Toruo
187 882 232 915 ſque
247 882 316 915 vultus
334 882 412 915 horrui.
430 882 514 915 Phœbus
529 882 583 915 iubet

114 911 190 945 Placare
210 911 267 945 diuos
287 911 370 945 victimæ
383 911 449 945 ſontis
466 911 522 945 nece.

108 932 174 966 Ano.
189 932 216 966 Per
231 932 273 966 læta
297 932 351 966 molli
366 932 429 966 fertur
444 932 540 966 impietas
555 932 669 966 iugo)

111 958 221 995 Spectante
237 958 313 995 Roma,
341 958 423 995 Gentium
454 958 552 995 Dominam
571 958 612 995 pre-

140 995 177 1023 mit.

116 1016 131 1046 Et
146 1016 272 1046 conticeſces
284 1016 293 1046 in
326 1016 389 1046 celere
413 1016 533 1046 cunctabere

109 1044 191 1080 Hebræa
214 1044 271 1080 donec
288 1044 339 1080 turba
364 1044 378 1080 te
398 1044 460 1080 gladio
477 1044 537 1080 petat,

162 1070 198 1108 loc
213 1070 300 1108 reucllat
312 1070 348 1108 axe
372 1070 474 1108 Cyclopum
495 1070 549 1108 faces,

63 1094 63 1109 Z

541 1095 615 1126 Tentet-
