692 1222
124 26 143 50 I0

121 43 151 79 Tam
171 43 251 79 pulchra
271 43 334 79 ceruix
351 43 444 79 concidet
457 43 504 79 iuſſu
531 43 577 79 meo.

141 74 156 104 æc
168 74 198 104 illa
222 74 288 104 mulier
303 74 384 104 liberum
408 74 495 104 numero
510 74 606 104 tumens,

121 99 159 137 Quæ
178 99 222 137 vicit
235 99 283 137 albæ
308 99 416 137 multiplex
435 99 530 137 Scrophæ
555 99 628 137 genus,

121 124 200 156 Viduata
219 124 287 156 cernet
301 124 349 156 tecta
363 124 454 156 natorum
482 124 544 156 grege.

138 152 233 187 Fœcunda
250 152 317 187 Niobe
334 152 397 187 qualis
411 152 421 187 in
456 152 523 187 Pænas
537 152 586 187 fuit,

126 177 199 212 Quando
215 177 245 212 per
255 177 342 212 aceruos
362 177 445 212 liberum
461 177 571 212 infremuit
598 177 631 212 mi-

138 219 179 240 naX,

119 232 209 264 Stridore
227 232 278 264 vaſto
293 232 353 264 ſparſa
368 232 455 264 telorum
479 232 542 264 ſeges,

119 261 134 290 Bi
143 261 185 290 ſſena
206 261 254 290 vidit
269 261 353 290 corpora
374 261 440 290 eſferri
458 261 527 290 domo,

117 288 132 318 Bi
141 288 186 318 ſſena
204 288 261 318 ſenſit
276 288 345 318 viſcera
360 288 456 318 abrumpi
471 288 510 318 ſibi,

117 315 174 347 Stetit
187 315 220 347 que
237 315 290 347 viuax
307 315 320 347 in
340 315 384 347 ſuos
397 315 454 347 fletus
470 315 530 347 lais.

116 342 144 372 Sic
160 342 188 372 illa
207 342 245 372 ſiat,
255 342 324 372 ſallor,
337 342 372 372 hoc
384 342 454 372 lentum
473 342 546 372 nimis,

111 370 151 398 Non
171 370 191 398 ſic
202 370 292 398 abibunt
309 370 357 398 odia,
368 370 399 398 per
411 370 498 398 apertum
521 370 566 398 ruat

123 395 208 424 Vindicta
227 395 306 424 callem,
316 395 382 424 nobili
395 395 455 424 palma
471 395 537 424 ferox.

117 422 143 451 Illa
160 422 190 451 illa
210 422 283 451 tandem
300 422 353 451 lerna
370 422 449 451 furialis
469 422 516 451 mali,

116 450 192 480 Reddat
207 450 308 480 cruorem,
321 450 406 480 debitum
432 450 498 480 munus
511 450 571 480 ſtygi,

115 478 178 508 Affuſa
196 478 265 508 ſeptem
292 478 376 508 mortuis
388 478 469 508 animam
493 478 574 508 expuat.

120 503 163 540 Benè
183 503 210 540 eſt,
223 503 293 540 reuixi,
319 503 382 540 lacuit
396 503 432 540 hoc
449 503 512 540 pœnæ
532 503 598 540 genus,

118 531 142 559 Bis
160 531 211 559 viuit
223 531 265 559 ille,
277 531 307 559 qui
327 531 378 559 malis
396 531 450 559 vitam
474 531 540 559 eripit.

118 542 181 593 Ao2.
195 542 234 593 Non
255 542 318 593 poſco
332 542 374 593 fieri
388 542 475 593 Iupiter,
486 542 552 593 ſorder
570 542 629 593 polur

124 585 184 614 Quand
196 585 202 614 o
217 585 283 614 dolori
307 585 382 614 victima
403 585 442 614 hæc
457 585 526 614 noſtro
544 585 598 614 litat.

118 610 127 649 I,
137 610 219 649 ſequere
241 610 314 649 mucro,
323 610 402 649 ſequere
418 610 443 649 fœ
449 610 503 649 licem
522 610 610 649 impetũ,

119 638 133 667 Et
147 638 178 667 per
195 638 285 667 careruas
299 638 390 667 funerum
406 638 567 667 pSvola.

114 665 190 694 Nempe
228 665 263 694 hoc
282 665 402 694 fatendum)
421 665 516 694 languida
541 665 629 694 Phœbus

143 700 188 722 manu

117 718 189 749 Sparſit
205 718 291 749 ſagittas
310 718 411 749 mortibus
424 718 474 749 ſenis
493 718 563 749 graues

115 746 127 774 In
148 746 184 774 ſena
205 746 301 774 puberũm
322 746 390 774 capita:
408 746 459 774 matri
477 746 528 774 dedit

123 772 150 802 Ven
165 772 195 802 iam
213 772 264 802 haud
282 772 372 802 petenti,
381 772 444 802 latiùs
456 772 522 802 noſter
537 772 594 802 furor

121 800 138 822 Ex
151 800 188 822 aſſe
201 800 262 822 ludit.

126 813 215 863 CRISP.
237 813 272 863 Heu
294 813 421 863 innocentes
446 813 484 863 vrna
503 813 623 863 ſacrilegum

151 860 223 876 mouer.

123 880 207 908 Victrice
222 880 261 908 læta
279 880 344 908 fertur
356 880 452 908 impietas
470 880 509 908 rota

123 903 151 943 Per
167 903 227 943 prona
246 903 357 943 ſanctorum
379 903 452 943 capita:
461 903 487 943 aa
512 903 534 943 ne
543 903 629 943 arbiter

130 934 156 964 Qui
170 934 226 964 ſpatia
243 934 320 964 liquidi
333 934 376 964 pura
396 934 483 964 decurris
500 934 549 964 poli,

119 960 204 1010 Intende
223 960 296 1010 vindex
308 960 368 1010 lumen
387 960 397 1010 in
419 960 492 1010 tantum
511 960 587 1010 ſcclus.
