<PcGts xmlns="http://schema.primaresearch.org/PAGE/gts/pagecontent/2019-07-15" xmlns:xsi="http://www.w3.org/2001/XMLSchema-instance" xsi:schemaLocation="http://schema.primaresearch.org/PAGE/gts/pagecontent/2019-07-15 http://schema.primaresearch.org/PAGE/gts/pagecontent/2019-07-15/pagecontent.xsd">
  <Metadata>
    <Creator>OCR4all</Creator>
    <Created>2022-01-21T22:12:51</Created>
    <LastChange>2022-01-21T22:12:51</LastChange>
  </Metadata>
  <Page imageFilename="0218.png" imageHeight="1227" imageWidth="686">
    <TextRegion id="r0" type="paragraph">
      <Coords points="1,1 684,1 684,1225 1,1225"/>
      <TextLine id="r0_l001">
        <Coords points="490,61 490,60 490,59 381,59 380,59 380,58 381,57 455,57 456,56 457,56 459,54 460,54 460,52 461,51 461,33 461,32 376,32 375,31 371,31 370,30 295,30 294,31 274,31 273,32 245,32 244,33 242,33 241,34 241,37 242,38 242,54 243,54 376,54 376,55 376,60 377,60 486,60 487,61 490,61"/>
        <Word id="w30856">
          <Coords points="254,30 458,30 458,61 254,61"/>
          <Glyph id="w30856g0">
            <Coords points="254,30 254,30 254,61 254,61"/>
            <TextEquiv index="1" conf="0.39770829677581787">
              <Unicode>F</Unicode>
            </TextEquiv>
          </Glyph>
          <Glyph id="w30856g1">
            <Coords points="275,30 279,30 279,61 275,61"/>
            <TextEquiv index="1" conf="0.9561996698379516">
              <Unicode>E</Unicode>
            </TextEquiv>
          </Glyph>
          <Glyph id="w30856g2">
            <Coords points="304,30 304,30 304,61 304,61"/>
            <TextEquiv index="1" conf="0.9939319849014281">
              <Unicode>L</Unicode>
            </TextEquiv>
          </Glyph>
          <Glyph id="w30856g3">
            <Coords points="325,30 325,30 325,61 325,61"/>
            <TextEquiv index="1" conf="0.9940254449844361">
              <Unicode>I</Unicode>
            </TextEquiv>
          </Glyph>
          <Glyph id="w30856g4">
            <Coords points="350,30 354,30 354,61 350,61"/>
            <TextEquiv index="1" conf="0.9974785089492798">
              <Unicode>C</Unicode>
            </TextEquiv>
          </Glyph>
          <Glyph id="w30856g5">
            <Coords points="370,30 375,30 375,61 370,61"/>
            <TextEquiv index="1" conf="0.996464192867279">
              <Unicode>I</Unicode>
            </TextEquiv>
          </Glyph>
          <Glyph id="w30856g6">
            <Coords points="395,30 400,30 400,61 395,61"/>
            <TextEquiv index="1" conf="0.9930878043174743">
              <Unicode>T</Unicode>
            </TextEquiv>
          </Glyph>
          <Glyph id="w30856g7">
            <Coords points="416,30 416,30 416,61 416,61"/>
            <TextEquiv index="1" conf="0.9992429137229919">
              <Unicode>A</Unicode>
            </TextEquiv>
          </Glyph>
          <Glyph id="w30856g8">
            <Coords points="445,30 445,30 445,61 445,61"/>
            <TextEquiv index="1" conf="0.9908183813095093">
              <Unicode>S</Unicode>
            </TextEquiv>
          </Glyph>
          <Glyph id="w30856g9">
            <Coords points="458,30 458,30 458,61 458,61"/>
            <TextEquiv index="1" conf="0.8604965209960938">
              <Unicode>,</Unicode>
            </TextEquiv>
          </Glyph>
          <TextEquiv index="1" conf="0.31596178057141056">
            <Unicode>FELICITAS,</Unicode>
          </TextEquiv>
        </Word>
        <TextEquiv index="1" conf="0.9179453718662263">
          <Unicode>FELICITAS,</Unicode>
        </TextEquiv>
      </TextLine>
      <TextLine id="r0_l002">
        <Coords points="101,58 138,58 138,39 101,39 101,58"/>
        <Word id="w30857">
          <Coords points="101,39 126,39 126,58 101,58"/>
          <Glyph id="w30857g0">
            <Coords points="101,39 126,39 126,58 101,58"/>
            <TextEquiv index="1" conf="0.7294106006622314">
              <Unicode>2</Unicode>
            </TextEquiv>
          </Glyph>
          <Glyph id="w30857g1">
            <Coords points="112,39 112,39 112,58 112,58"/>
            <TextEquiv index="1" conf="0.7095137238502502">
              <Unicode>1</Unicode>
            </TextEquiv>
          </Glyph>
          <Glyph id="w30857g2">
            <Coords points="126,39 126,39 126,58 126,58"/>
            <TextEquiv index="1" conf="0.9615264534950256">
              <Unicode>2</Unicode>
            </TextEquiv>
          </Glyph>
          <TextEquiv index="1" conf="0.4976157388727394">
            <Unicode>212</Unicode>
          </TextEquiv>
        </Word>
        <TextEquiv index="1" conf="0.8001502593358358">
          <Unicode>212</Unicode>
        </TextEquiv>
      </TextLine>
      <TextLine id="r0_l003">
        <Coords points="167,92 168,91 585,91 585,90 571,90 570,90 570,73 568,71 568,64 567,62 516,62 514,61 514,60 514,59 317,59 316,58 126,58 125,59 125,62 103,62 102,63 102,64 104,65 105,65 105,66 105,70 106,71 106,74 108,76 108,78 110,80 110,81 112,82 130,82 130,83 167,92"/>
        <Word id="w30858">
          <Coords points="113,58 155,58 155,92 113,92"/>
          <Glyph id="w30858g0">
            <Coords points="113,58 117,58 117,92 113,92"/>
            <TextEquiv index="1" conf="0.944199800491333">
              <Unicode>V</Unicode>
            </TextEquiv>
          </Glyph>
          <Glyph id="w30858g1">
            <Coords points="127,58 131,58 131,92 127,92"/>
            <TextEquiv index="1" conf="0.9750373244285584">
              <Unicode>e</Unicode>
            </TextEquiv>
          </Glyph>
          <Glyph id="w30858g2">
            <Coords points="138,58 138,58 138,92 138,92"/>
            <TextEquiv index="1" conf="0.9996208667755127">
              <Unicode>n</Unicode>
            </TextEquiv>
          </Glyph>
          <Glyph id="w30858g3">
            <Coords points="155,58 155,58 155,92 155,92"/>
            <TextEquiv index="1" conf="0.9998566031455993">
              <Unicode>e</Unicode>
            </TextEquiv>
          </Glyph>
          <TextEquiv index="1" conf="0.9201490403573037">
            <Unicode>Vene</Unicode>
          </TextEquiv>
        </Word>
        <Word id="w30859">
          <Coords points="169,58 225,58 225,92 169,92"/>
          <Glyph id="w30859g0">
            <Coords points="169,58 169,58 169,92 169,92"/>
            <TextEquiv index="1" conf="0.9998289942741394">
              <Unicode>r</Unicode>
            </TextEquiv>
          </Glyph>
          <Glyph id="w30859g1">
            <Coords points="176,58 180,58 180,92 176,92"/>
            <TextEquiv index="1" conf="0.9939917206764219">
              <Unicode>a</Unicode>
            </TextEquiv>
          </Glyph>
          <Glyph id="w30859g2">
            <Coords points="190,58 193,58 193,92 190,92"/>
            <TextEquiv index="1" conf="0.9998286962509155">
              <Unicode>n</Unicode>
            </TextEquiv>
          </Glyph>
          <Glyph id="w30859g3">
            <Coords points="211,58 211,58 211,92 211,92"/>
            <TextEquiv index="1" conf="0.9979926943778992">
              <Unicode>d</Unicode>
            </TextEquiv>
          </Glyph>
          <Glyph id="w30859g4">
            <Coords points="221,58 225,58 225,92 221,92"/>
            <TextEquiv index="1" conf="0.9995086431503296">
              <Unicode>e</Unicode>
            </TextEquiv>
          </Glyph>
          <TextEquiv index="1" conf="0.9911696773465514">
            <Unicode>rande</Unicode>
          </TextEquiv>
        </Word>
        <Word id="w30860">
          <Coords points="242,58 322,58 322,92 242,92"/>
          <Glyph id="w30860g0">
            <Coords points="242,58 242,58 242,92 242,92"/>
            <TextEquiv index="1" conf="0.6578588178381324">
              <Unicode>p</Unicode>
            </TextEquiv>
          </Glyph>
          <Glyph id="w30860g1">
            <Coords points="256,58 260,58 260,92 256,92"/>
            <TextEquiv index="1" conf="0.9841350913047792">
              <Unicode>r</Unicode>
            </TextEquiv>
          </Glyph>
          <Glyph id="w30860g2">
            <Coords points="277,58 277,58 277,92 277,92"/>
            <TextEquiv index="1" conf="0.9955682396888733">
              <Unicode>æ</Unicode>
            </TextEquiv>
          </Glyph>
          <Glyph id="w30860g3">
            <Coords points="288,58 288,58 288,92 288,92"/>
            <TextEquiv index="1" conf="0.9956868410110472">
              <Unicode>ſ</Unicode>
            </TextEquiv>
          </Glyph>
          <Glyph id="w30860g4">
            <Coords points="294,58 298,58 298,92 294,92"/>
            <TextEquiv index="1" conf="0.9994861960411072">
              <Unicode>u</Unicode>
            </TextEquiv>
          </Glyph>
          <Glyph id="w30860g5">
            <Coords points="312,58 312,58 312,92 312,92"/>
            <TextEquiv index="1" conf="0.9942472934722901">
              <Unicode>l</Unicode>
            </TextEquiv>
          </Glyph>
          <Glyph id="w30860g6">
            <Coords points="319,58 322,58 322,92 319,92"/>
            <TextEquiv index="1" conf="0.9317067861557007">
              <Unicode>,</Unicode>
            </TextEquiv>
          </Glyph>
          <TextEquiv index="1" conf="0.5941986975796634">
            <Unicode>præſul,</Unicode>
          </TextEquiv>
        </Word>
        <Word id="w30861">
          <Coords points="329,58 413,58 413,92 329,92"/>
          <Glyph id="w30861g0">
            <Coords points="329,58 333,58 333,92 329,92"/>
            <TextEquiv index="1" conf="0.9349870085716248">
              <Unicode>ſ</Unicode>
            </TextEquiv>
          </Glyph>
          <Glyph id="w30861g1">
            <Coords points="347,58 350,58 350,92 347,92"/>
            <TextEquiv index="1" conf="0.9973736643791198">
              <Unicode>æ</Unicode>
            </TextEquiv>
          </Glyph>
          <Glyph id="w30861g2">
            <Coords points="357,58 361,58 361,92 357,92"/>
            <TextEquiv index="1" conf="0.9959228634834288">
              <Unicode>u</Unicode>
            </TextEquiv>
          </Glyph>
          <Glyph id="w30861g3">
            <Coords points="375,58 375,58 375,92 375,92"/>
            <TextEquiv index="1" conf="0.9970103979110718">
              <Unicode>i</Unicode>
            </TextEquiv>
          </Glyph>
          <Glyph id="w30861g4">
            <Coords points="382,58 385,58 385,92 382,92"/>
            <TextEquiv index="1" conf="0.9866307616233826">
              <Unicode>a</Unicode>
            </TextEquiv>
          </Glyph>
          <Glyph id="w30861g5">
            <Coords points="395,58 395,58 395,92 395,92"/>
            <TextEquiv index="1" conf="0.8359846234321594">
              <Unicode>n</Unicode>
            </TextEquiv>
          </Glyph>
          <Glyph id="w30861g6">
            <Coords points="413,58 413,58 413,92 413,92"/>
            <TextEquiv index="1" conf="0.8994070768356324">
              <Unicode>t</Unicode>
            </TextEquiv>
          </Glyph>
          <TextEquiv index="1" conf="0.6869072576314122">
            <Unicode>ſæuiant</Unicode>
          </TextEquiv>
        </Word>
        <Word id="w30862">
          <Coords points="430,58 486,58 486,92 430,92"/>
          <Glyph id="w30862g0">
            <Coords points="430,58 434,58 434,92 430,92"/>
            <TextEquiv index="1" conf="0.6618443614182372">
              <Unicode>v</Unicode>
            </TextEquiv>
          </Glyph>
          <Glyph id="w30862g1">
            <Coords points="444,58 448,58 448,92 444,92"/>
            <TextEquiv index="1" conf="0.9990710139274597">
              <Unicode>e</Unicode>
            </TextEquiv>
          </Glyph>
          <Glyph id="w30862g2">
            <Coords points="455,58 458,58 458,92 455,92"/>
            <TextEquiv index="1" conf="0.9980417847633362">
              <Unicode>n</Unicode>
            </TextEquiv>
          </Glyph>
          <Glyph id="w30862g3">
            <Coords points="472,58 476,58 476,92 472,92"/>
            <TextEquiv index="1" conf="0.9994727611541748">
              <Unicode>t</Unicode>
            </TextEquiv>
          </Glyph>
          <Glyph id="w30862g4">
            <Coords points="483,58 486,58 486,92 483,92"/>
            <TextEquiv index="1" conf="0.999539852142334">
              <Unicode>i</Unicode>
            </TextEquiv>
          </Glyph>
          <TextEquiv index="1" conf="0.6592832368784306">
            <Unicode>venti</Unicode>
          </TextEquiv>
        </Word>
        <Word id="w30863">
          <Coords points="496,58 559,58 559,92 496,92"/>
          <Glyph id="w30863g0">
            <Coords points="496,58 500,58 500,92 496,92"/>
            <TextEquiv index="1" conf="0.9944785237312317">
              <Unicode>l</Unicode>
            </TextEquiv>
          </Glyph>
          <Glyph id="w30863g1">
            <Coords points="507,58 510,58 510,92 507,92"/>
            <TextEquiv index="1" conf="0.9997414827346802">
              <Unicode>i</Unicode>
            </TextEquiv>
          </Glyph>
          <Glyph id="w30863g2">
            <Coords points="521,58 521,58 521,92 521,92"/>
            <TextEquiv index="1" conf="0.9997678160667419">
              <Unicode>c</Unicode>
            </TextEquiv>
          </Glyph>
          <Glyph id="w30863g3">
            <Coords points="535,58 535,58 535,92 535,92"/>
            <TextEquiv index="1" conf="0.9999936580657959">
              <Unicode>e</Unicode>
            </TextEquiv>
          </Glyph>
          <Glyph id="w30863g4">
            <Coords points="545,58 549,58 549,92 545,92"/>
            <TextEquiv index="1" conf="0.9835891604423523">
              <Unicode>r</Unicode>
            </TextEquiv>
          </Glyph>
          <Glyph id="w30863g5">
            <Coords points="556,58 559,58 559,92 556,92"/>
            <TextEquiv index="1" conf="0.4623311807711919">
              <Unicode>,</Unicode>
            </TextEquiv>
          </Glyph>
          <TextEquiv index="1" conf="0.45200832928429213">
            <Unicode>licer,</Unicode>
          </TextEquiv>
        </Word>
        <TextEquiv index="1" conf="0.952136545880642">
          <Unicode>Vene rande præſul, ſæuiant venti licer,</Unicode>
        </TextEquiv>
      </TextLine>
      <TextLine id="r0_l004">
        <Coords points="517,117 517,110 518,109 539,109 540,110 548,110 549,111 565,111 566,112 573,112 573,113 573,115 574,115 578,115 579,114 580,114 580,113 582,111 582,109 583,108 583,94 584,93 586,93 586,92 586,91 561,91 560,90 551,90 549,92 549,95 490,95 489,95 489,90 489,89 477,89 476,88 435,88 433,86 418,86 417,87 415,87 410,92 410,93 384,93 383,93 383,88 383,87 326,87 325,88 325,93 271,93 270,92 268,92 267,93 216,93 215,93 215,92 213,90 213,89 213,88 212,88 211,87 208,87 207,88 178,88 177,87 176,87 175,88 173,88 171,90 171,91 170,92 170,94 122,94 119,91 118,91 116,90 116,89 116,88 111,88 110,87 108,87 107,86 105,86 104,87 102,87 101,88 100,88 99,89 99,108 101,109 103,109 104,108 173,108 174,107 212,107 212,108 212,113 213,113 213,111 214,110 214,109 216,107 269,107 270,108 284,108 286,106 325,106 326,107 345,107 345,108 345,115 346,115 350,115 351,114 393,114 393,108 394,107 421,107 422,106 450,106 450,107 450,115 451,115 454,115 454,109 455,108 487,108 488,109 513,109 513,110 513,117 514,117 517,117"/>
        <Word id="w30864">
          <Coords points="111,86 149,86 149,117 111,117"/>
          <Glyph id="w30864g0">
            <Coords points="111,86 114,86 114,117 111,117"/>
            <TextEquiv index="1" conf="0.9246052742004395">
              <Unicode>D</Unicode>
            </TextEquiv>
          </Glyph>
          <Glyph id="w30864g1">
            <Coords points="124,86 127,86 127,117 124,117"/>
            <TextEquiv index="1" conf="0.9999228715896606">
              <Unicode>u</Unicode>
            </TextEquiv>
          </Glyph>
          <Glyph id="w30864g2">
            <Coords points="146,86 149,86 149,117 146,117"/>
            <TextEquiv index="1" conf="0.9999133586883544">
              <Unicode>m</Unicode>
            </TextEquiv>
          </Glyph>
          <TextEquiv index="1" conf="0.9244538580304188">
            <Unicode>Dum</Unicode>
          </TextEquiv>
        </Word>
        <Word id="w30865">
          <Coords points="168,86 298,86 298,117 168,117"/>
          <Glyph id="w30865g0">
            <Coords points="168,86 168,86 168,117 168,117"/>
            <TextEquiv index="1" conf="0.7768825888633728">
              <Unicode>f</Unicode>
            </TextEquiv>
          </Glyph>
          <Glyph id="w30865g1">
            <Coords points="174,86 178,86 178,117 174,117"/>
            <TextEquiv index="1" conf="0.9050990144411721">
              <Unicode>l</Unicode>
            </TextEquiv>
          </Glyph>
          <Glyph id="w30865g2">
            <Coords points="184,86 187,86 187,117 184,117"/>
            <TextEquiv index="1" conf="0.9999138236045838">
              <Unicode>u</Unicode>
            </TextEquiv>
          </Glyph>
          <Glyph id="w30865g3">
            <Coords points="203,86 203,86 203,117 203,117"/>
            <TextEquiv index="1" conf="0.9999475955963135">
              <Unicode>c</Unicode>
            </TextEquiv>
          </Glyph>
          <Glyph id="w30865g4">
            <Coords points="212,86 212,86 212,117 212,117"/>
            <TextEquiv index="1" conf="0.9977344512939454">
              <Unicode>t</Unicode>
            </TextEquiv>
          </Glyph>
          <Glyph id="w30865g5">
            <Coords points="222,86 225,86 225,117 222,117"/>
            <TextEquiv index="1" conf="0.9991965413093568">
              <Unicode>u</Unicode>
            </TextEquiv>
          </Glyph>
          <Glyph id="w30865g6">
            <Coords points="235,86 238,86 238,117 235,117"/>
            <TextEquiv index="1" conf="0.9952473402023315">
              <Unicode>a</Unicode>
            </TextEquiv>
          </Glyph>
          <Glyph id="w30865g7">
            <Coords points="250,86 250,86 250,117 250,117"/>
            <TextEquiv index="1" conf="0.9945369124412536">
              <Unicode>n</Unicode>
            </TextEquiv>
          </Glyph>
          <Glyph id="w30865g8">
            <Coords points="266,86 269,86 269,117 266,117"/>
            <TextEquiv index="1" conf="0.9999672174453734">
              <Unicode>t</Unicode>
            </TextEquiv>
          </Glyph>
          <Glyph id="w30865g9">
            <Coords points="279,86 282,86 282,117 279,117"/>
            <TextEquiv index="1" conf="0.999895167350769">
              <Unicode>e</Unicode>
            </TextEquiv>
          </Glyph>
          <Glyph id="w30865g10">
            <Coords points="295,86 298,86 298,117 295,117"/>
            <TextEquiv index="1" conf="0.9998831272125244">
              <Unicode>m</Unicode>
            </TextEquiv>
          </Glyph>
          <TextEquiv index="1" conf="0.693583236197428">
            <Unicode>fluctuantem</Unicode>
          </TextEquiv>
        </Word>
        <Word id="w30866">
          <Coords points="323,86 390,86 390,117 323,117"/>
          <Glyph id="w30866g0">
            <Coords points="323,86 323,86 323,117 323,117"/>
            <TextEquiv index="1" conf="0.9998521208763123">
              <Unicode>d</Unicode>
            </TextEquiv>
          </Glyph>
          <Glyph id="w30866g1">
            <Coords points="330,86 333,86 333,117 330,117"/>
            <TextEquiv index="1" conf="0.9997768759727478">
              <Unicode>i</Unicode>
            </TextEquiv>
          </Glyph>
          <Glyph id="w30866g2">
            <Coords points="342,86 346,86 346,117 342,117"/>
            <TextEquiv index="1" conf="0.827720308303833">
              <Unicode>r</Unicode>
            </TextEquiv>
          </Glyph>
          <Glyph id="w30866g3">
            <Coords points="352,86 355,86 355,117 352,117"/>
            <TextEquiv index="1" conf="0.999520742893219">
              <Unicode>i</Unicode>
            </TextEquiv>
          </Glyph>
          <Glyph id="w30866g4">
            <Coords points="368,86 371,86 371,117 368,117"/>
            <TextEquiv index="1" conf="0.9901416897773742">
              <Unicode>g</Unicode>
            </TextEquiv>
          </Glyph>
          <Glyph id="w30866g5">
            <Coords points="377,86 380,86 380,117 377,117"/>
            <TextEquiv index="1" conf="0.9994992852210999">
              <Unicode>i</Unicode>
            </TextEquiv>
          </Glyph>
          <Glyph id="w30866g6">
            <Coords points="390,86 390,86 390,117 390,117"/>
            <TextEquiv index="1" conf="0.864852774143219">
              <Unicode>s</Unicode>
            </TextEquiv>
          </Glyph>
          <TextEquiv index="1" conf="0.7078419535487137">
            <Unicode>dirigis</Unicode>
          </TextEquiv>
        </Word>
        <Word id="w30867">
          <Coords points="418,86 485,86 485,117 418,117"/>
          <Glyph id="w30867g0">
            <Coords points="418,86 422,86 422,117 418,117"/>
            <TextEquiv index="1" conf="0.9995897293090821">
              <Unicode>C</Unicode>
            </TextEquiv>
          </Glyph>
          <Glyph id="w30867g1">
            <Coords points="431,86 431,86 431,117 431,117"/>
            <TextEquiv index="1" conf="0.8126868188381196">
              <Unicode>h</Unicode>
            </TextEquiv>
          </Glyph>
          <Glyph id="w30867g2">
            <Coords points="447,86 450,86 450,117 447,117"/>
            <TextEquiv index="1" conf="0.9999728918075562">
              <Unicode>r</Unicode>
            </TextEquiv>
          </Glyph>
          <Glyph id="w30867g3">
            <Coords points="456,86 456,86 456,117 456,117"/>
            <TextEquiv index="1" conf="0.9562187671661377">
              <Unicode>i</Unicode>
            </TextEquiv>
          </Glyph>
          <Glyph id="w30867g4">
            <Coords points="466,86 469,86 469,117 466,117"/>
            <TextEquiv index="1" conf="0.9986528277397155">
              <Unicode>ſ</Unicode>
            </TextEquiv>
          </Glyph>
          <Glyph id="w30867g5">
            <Coords points="475,86 475,86 475,117 475,117"/>
            <TextEquiv index="1" conf="0.9999319911003113">
              <Unicode>t</Unicode>
            </TextEquiv>
          </Glyph>
          <Glyph id="w30867g6">
            <Coords points="482,86 485,86 485,117 482,117"/>
            <TextEquiv index="1" conf="0.9973671555519104">
              <Unicode>i</Unicode>
            </TextEquiv>
          </Glyph>
          <TextEquiv index="1" conf="0.7736251011837283">
            <Unicode>Chriſti</Unicode>
          </TextEquiv>
        </Word>
        <Word id="w30868">
          <Coords points="501,86 577,86 577,117 501,117"/>
          <Glyph id="w30868g0">
            <Coords points="501,86 504,86 504,117 501,117"/>
            <TextEquiv index="1" conf="0.9991169691085817">
              <Unicode>r</Unicode>
            </TextEquiv>
          </Glyph>
          <Glyph id="w30868g1">
            <Coords points="510,86 513,86 513,117 510,117"/>
            <TextEquiv index="1" conf="0.9999759197235107">
              <Unicode>a</Unicode>
            </TextEquiv>
          </Glyph>
          <Glyph id="w30868g2">
            <Coords points="526,86 526,86 526,117 526,117"/>
            <TextEquiv index="1" conf="0.9995840191841124">
              <Unicode>t</Unicode>
            </TextEquiv>
          </Glyph>
          <Glyph id="w30868g3">
            <Coords points="539,86 542,86 542,117 539,117"/>
            <TextEquiv index="1" conf="0.999761986732483">
              <Unicode>e</Unicode>
            </TextEquiv>
          </Glyph>
          <Glyph id="w30868g4">
            <Coords points="558,86 558,86 558,117 558,117"/>
            <TextEquiv index="1" conf="0.5897908195853233">
              <Unicode>m</Unicode>
            </TextEquiv>
          </Glyph>
          <Glyph id="w30868g5">
            <Coords points="574,86 577,86 577,117 574,117"/>
            <TextEquiv index="1" conf="0.9731953263282775">
              <Unicode>,</Unicode>
            </TextEquiv>
          </Glyph>
          <TextEquiv index="1" conf="0.5730860328205967">
            <Unicode>ratem,</Unicode>
          </TextEquiv>
        </Word>
        <TextEquiv index="1" conf="0.9631250004104356">
          <Unicode>Dum fluctuantem dirigis Chriſti ratem,</Unicode>
        </TextEquiv>
      </TextLine>
      <TextLine id="r0_l005">
        <Coords points="351,143 352,142 370,142 370,135 371,134 406,134 407,133 450,133 451,134 465,134 466,135 494,135 495,136 539,136 540,135 540,134 541,133 541,132 540,130 539,130 538,129 532,129 531,129 531,125 531,124 530,124 528,122 519,122 518,122 518,118 518,117 513,117 512,118 512,122 455,122 454,122 454,116 454,115 425,115 423,113 420,113 419,114 390,114 389,115 389,119 352,119 351,119 351,116 351,115 346,115 345,116 345,119 344,120 259,120 258,119 227,119 226,119 226,116 225,114 223,114 222,115 222,117 211,117 209,119 209,120 171,120 169,119 169,116 168,114 166,114 164,116 164,121 124,121 123,121 123,117 122,115 105,115 104,116 102,116 101,117 101,133 100,134 100,135 99,136 101,137 103,137 104,136 112,136 113,135 155,135 156,134 195,134 196,135 248,135 249,134 287,134 287,135 287,140 289,141 297,141 298,140 298,139 299,138 299,135 300,134 330,134 330,135 330,140 331,140 332,140 334,142 350,142 351,143"/>
        <Word id="w30869">
          <Coords points="103,113 142,113 142,143 103,143"/>
          <Glyph id="w30869g0">
            <Coords points="103,113 118,113 118,143 103,143"/>
            <TextEquiv index="1" conf="0.9998731613159181">
              <Unicode>N</Unicode>
            </TextEquiv>
          </Glyph>
          <Glyph id="w30869g1">
            <Coords points="130,113 133,113 133,143 130,143"/>
            <TextEquiv index="1" conf="0.9998751163482666">
              <Unicode>o</Unicode>
            </TextEquiv>
          </Glyph>
          <Glyph id="w30869g2">
            <Coords points="142,113 142,113 142,143 142,143"/>
            <TextEquiv index="1" conf="0.9999555587768554">
              <Unicode>n</Unicode>
            </TextEquiv>
          </Glyph>
          <TextEquiv index="1" conf="0.9997038634672627">
            <Unicode>Non</Unicode>
          </TextEquiv>
        </Word>
        <Word id="w30870">
          <Coords points="163,113 271,113 271,143 163,143"/>
          <Glyph id="w30870g0">
            <Coords points="163,113 166,113 166,143 163,143"/>
            <TextEquiv index="1" conf="0.9085937380790711">
              <Unicode>h</Unicode>
            </TextEquiv>
          </Glyph>
          <Glyph id="w30870g1">
            <Coords points="178,113 181,113 181,143 178,143"/>
            <TextEquiv index="1" conf="0.999944043159485">
              <Unicode>a</Unicode>
            </TextEquiv>
          </Glyph>
          <Glyph id="w30870g2">
            <Coords points="190,113 193,113 193,143 190,143"/>
            <TextEquiv index="1" conf="0.999875271320343">
              <Unicode>u</Unicode>
            </TextEquiv>
          </Glyph>
          <Glyph id="w30870g3">
            <Coords points="208,113 211,113 211,143 208,143"/>
            <TextEquiv index="1" conf="0.5947444538275402">
              <Unicode>t</Unicode>
            </TextEquiv>
          </Glyph>
          <Glyph id="w30870g4">
            <Coords points="220,113 220,113 220,143 220,143"/>
            <TextEquiv index="1" conf="0.9996789693832396">
              <Unicode>i</Unicode>
            </TextEquiv>
          </Glyph>
          <Glyph id="w30870g5">
            <Coords points="232,113 232,113 232,143 232,143"/>
            <TextEquiv index="1" conf="0.9992042422294617">
              <Unicode>e</Unicode>
            </TextEquiv>
          </Glyph>
          <Glyph id="w30870g6">
            <Coords points="244,113 247,113 247,143 244,143"/>
            <TextEquiv index="1" conf="0.999001121520996">
              <Unicode>t</Unicode>
            </TextEquiv>
          </Glyph>
          <Glyph id="w30870g7">
            <Coords points="253,113 256,113 256,143 253,143"/>
            <TextEquiv index="1" conf="0.9979595303535462">
              <Unicode>u</Unicode>
            </TextEquiv>
          </Glyph>
          <Glyph id="w30870g8">
            <Coords points="271,113 271,113 271,143 271,143"/>
            <TextEquiv index="1" conf="0.9816805839538574">
              <Unicode>r</Unicode>
            </TextEquiv>
          </Glyph>
          <TextEquiv index="1" conf="0.5281844334221951">
            <Unicode>hautietur</Unicode>
          </TextEquiv>
        </Word>
        <Word id="w30871">
          <Coords points="289,113 370,113 370,143 289,143"/>
          <Glyph id="w30871g0">
            <Coords points="289,113 292,113 292,143 289,143"/>
            <TextEquiv index="1" conf="0.9575025081634521">
              <Unicode>g</Unicode>
            </TextEquiv>
          </Glyph>
          <Glyph id="w30871g1">
            <Coords points="301,113 304,113 304,143 301,143"/>
            <TextEquiv index="1" conf="0.8625005841255189">
              <Unicode>u</Unicode>
            </TextEquiv>
          </Glyph>
          <Glyph id="w30871g2">
            <Coords points="319,113 319,113 319,143 319,143"/>
            <TextEquiv index="1" conf="0.9610028147697449">
              <Unicode>r</Unicode>
            </TextEquiv>
          </Glyph>
          <Glyph id="w30871g3">
            <Coords points="334,113 337,113 337,143 334,143"/>
            <TextEquiv index="1" conf="0.9922614455223082">
              <Unicode>g</Unicode>
            </TextEquiv>
          </Glyph>
          <Glyph id="w30871g4">
            <Coords points="355,113 355,113 355,143 355,143"/>
            <TextEquiv index="1" conf="0.9921389222145081">
              <Unicode>t</Unicode>
            </TextEquiv>
          </Glyph>
          <Glyph id="w30871g5">
            <Coords points="367,113 370,113 370,143 367,143"/>
            <TextEquiv index="1" conf="0.9999134302139281">
              <Unicode>e</Unicode>
            </TextEquiv>
          </Glyph>
          <TextEquiv index="1" conf="0.7812409224738343">
            <Unicode>gurgte</Unicode>
          </TextEquiv>
        </Word>
        <Word id="w30872">
          <Coords points="385,113 448,113 448,143 385,143"/>
          <Glyph id="w30872g0">
            <Coords points="385,113 388,113 388,143 385,143"/>
            <TextEquiv index="1" conf="0.9993465542793274">
              <Unicode>i</Unicode>
            </TextEquiv>
          </Glyph>
          <Glyph id="w30872g1">
            <Coords points="397,113 397,113 397,143 397,143"/>
            <TextEquiv index="1" conf="0.9992553949356078">
              <Unicode>n</Unicode>
            </TextEquiv>
          </Glyph>
          <Glyph id="w30872g2">
            <Coords points="412,113 412,113 412,143 412,143"/>
            <TextEquiv index="1" conf="0.9921622395515441">
              <Unicode>ſ</Unicode>
            </TextEquiv>
          </Glyph>
          <Glyph id="w30872g3">
            <Coords points="418,113 421,113 421,143 418,143"/>
            <TextEquiv index="1" conf="0.9955826997756958">
              <Unicode>a</Unicode>
            </TextEquiv>
          </Glyph>
          <Glyph id="w30872g4">
            <Coords points="430,113 433,113 433,143 430,143"/>
            <TextEquiv index="1" conf="0.9986606240272521">
              <Unicode>n</Unicode>
            </TextEquiv>
          </Glyph>
          <Glyph id="w30872g5">
            <Coords points="448,113 448,113 448,143 448,143"/>
            <TextEquiv index="1" conf="0.9873411536216736">
              <Unicode>i</Unicode>
            </TextEquiv>
          </Glyph>
          <TextEquiv index="1" conf="0.9726079664536507">
            <Unicode>inſani</Unicode>
          </TextEquiv>
        </Word>
        <Word id="w30873">
          <Coords points="472,113 535,113 535,143 472,143"/>
          <Glyph id="w30873g0">
            <Coords points="472,113 472,113 472,143 472,143"/>
            <TextEquiv index="1" conf="0.9996204972267151">
              <Unicode>m</Unicode>
            </TextEquiv>
          </Glyph>
          <Glyph id="w30873g1">
            <Coords points="484,113 487,113 487,143 484,143"/>
            <TextEquiv index="1" conf="0.9999455690383912">
              <Unicode>a</Unicode>
            </TextEquiv>
          </Glyph>
          <Glyph id="w30873g2">
            <Coords points="499,113 502,113 502,143 499,143"/>
            <TextEquiv index="1" conf="0.9994594812393189">
              <Unicode>r</Unicode>
            </TextEquiv>
          </Glyph>
          <Glyph id="w30873g3">
            <Coords points="511,113 511,113 511,143 511,143"/>
            <TextEquiv index="1" conf="0.9269145846366882">
              <Unicode>i</Unicode>
            </TextEquiv>
          </Glyph>
          <Glyph id="w30873g4">
            <Coords points="523,113 526,113 526,143 523,143"/>
            <TextEquiv index="1" conf="0.9998823523521424">
              <Unicode>s</Unicode>
            </TextEquiv>
          </Glyph>
          <Glyph id="w30873g5">
            <Coords points="532,113 535,113 535,143 532,143"/>
            <TextEquiv index="1" conf="0.9909703612327576">
              <Unicode>.</Unicode>
            </TextEquiv>
          </Glyph>
          <TextEquiv index="1" conf="0.9175420774575106">
            <Unicode>maris.</Unicode>
          </TextEquiv>
        </Word>
        <TextEquiv index="1" conf="0.9745187201336319">
          <Unicode>Non hautietur gurgte inſani maris.</Unicode>
        </TextEquiv>
      </TextLine>
      <TextLine id="r0_l006">
        <Coords points="354,169 354,162 355,161 372,161 373,160 451,160 452,161 482,161 483,162 502,162 503,163 555,163 555,164 555,167 557,168 562,168 565,165 565,158 566,157 566,156 566,155 554,155 553,155 553,152 552,150 551,150 550,149 503,149 502,148 464,148 463,148 463,142 462,140 460,140 457,143 457,147 382,147 381,146 371,146 370,146 370,143 370,142 352,142 350,144 350,147 276,147 275,146 272,146 271,147 209,147 208,147 208,144 206,141 203,141 202,142 195,142 193,144 192,144 191,145 191,147 182,147 181,148 151,148 150,147 124,147 123,147 123,143 123,142 101,142 100,143 100,144 99,145 101,146 104,146 104,147 104,160 102,162 104,163 111,163 112,162 154,162 155,161 197,161 198,162 205,162 206,161 261,161 261,162 261,169 262,169 265,169 265,162 266,161 298,161 298,162 298,165 299,166 299,167 300,167 301,167 302,168 304,168 305,169 306,169 308,167 309,167 311,165 311,162 312,161 351,161 351,162 351,169 352,169 354,169"/>
        <Word id="w30874">
          <Coords points="102,140 161,140 161,169 102,169"/>
          <Glyph id="w30874g0">
            <Coords points="102,140 116,140 116,169 102,169"/>
            <TextEquiv index="1" conf="0.9997471094131469">
              <Unicode>N</Unicode>
            </TextEquiv>
          </Glyph>
          <Glyph id="w30874g1">
            <Coords points="125,140 128,140 128,169 125,169"/>
            <TextEquiv index="1" conf="0.9995844364166261">
              <Unicode>u</Unicode>
            </TextEquiv>
          </Glyph>
          <Glyph id="w30874g2">
            <Coords points="139,140 142,140 142,169 139,169"/>
            <TextEquiv index="1" conf="0.9998508572578431">
              <Unicode>n</Unicode>
            </TextEquiv>
          </Glyph>
          <Glyph id="w30874g3">
            <Coords points="159,140 161,140 161,169 159,169"/>
            <TextEquiv index="1" conf="0.999952220916748">
              <Unicode>c</Unicode>
            </TextEquiv>
          </Glyph>
          <TextEquiv index="1" conf="0.9991348678301439">
            <Unicode>Nunc</Unicode>
          </TextEquiv>
        </Word>
        <Word id="w30875">
          <Coords points="173,140 283,140 283,169 173,169"/>
          <Glyph id="w30875g0">
            <Coords points="173,140 176,140 176,169 173,169"/>
            <TextEquiv index="1" conf="0.9999108672142029">
              <Unicode>a</Unicode>
            </TextEquiv>
          </Glyph>
          <Glyph id="w30875g1">
            <Coords points="187,140 187,140 187,169 187,169"/>
            <TextEquiv index="1" conf="0.970469069480896">
              <Unicode>f</Unicode>
            </TextEquiv>
          </Glyph>
          <Glyph id="w30875g2">
            <Coords points="195,140 195,140 195,169 195,169"/>
            <TextEquiv index="1" conf="0.9254988312721253">
              <Unicode>f</Unicode>
            </TextEquiv>
          </Glyph>
          <Glyph id="w30875g3">
            <Coords points="201,140 201,140 201,169 201,169"/>
            <TextEquiv index="1" conf="0.868155324459076">
              <Unicode>l</Unicode>
            </TextEquiv>
          </Glyph>
          <Glyph id="w30875g4">
            <Coords points="209,140 212,140 212,169 209,169"/>
            <TextEquiv index="1" conf="0.9988499402999879">
              <Unicode>u</Unicode>
            </TextEquiv>
          </Glyph>
          <Glyph id="w30875g5">
            <Coords points="229,140 229,140 229,169 229,169"/>
            <TextEquiv index="1" conf="0.9999251008033753">
              <Unicode>e</Unicode>
            </TextEquiv>
          </Glyph>
          <Glyph id="w30875g6">
            <Coords points="238,140 240,140 240,169 238,169"/>
            <TextEquiv index="1" conf="0.9952152729034424">
              <Unicode>n</Unicode>
            </TextEquiv>
          </Glyph>
          <Glyph id="w30875g7">
            <Coords points="257,140 257,140 257,169 257,169"/>
            <TextEquiv index="1" conf="0.9281111240386963">
              <Unicode>t</Unicode>
            </TextEquiv>
          </Glyph>
          <Glyph id="w30875g8">
            <Coords points="269,140 271,140 271,169 269,169"/>
            <TextEquiv index="1" conf="0.999276089668274">
              <Unicode>e</Unicode>
            </TextEquiv>
          </Glyph>
          <Glyph id="w30875g9">
            <Coords points="280,140 283,140 283,169 280,169"/>
            <TextEquiv index="1" conf="0.7710020989179611">
              <Unicode>s</Unicode>
            </TextEquiv>
          </Glyph>
          <TextEquiv index="1" conf="0.5541688105294912">
            <Unicode>affluentes</Unicode>
          </TextEquiv>
        </Word>
        <Word id="w30876">
          <Coords points="300,140 376,140 376,169 300,169"/>
          <Glyph id="w30876g0">
            <Coords points="300,140 302,140 302,169 300,169"/>
            <TextEquiv index="1" conf="0.9919679880142213">
              <Unicode>g</Unicode>
            </TextEquiv>
          </Glyph>
          <Glyph id="w30876g1">
            <Coords points="311,140 314,140 314,169 311,169"/>
            <TextEquiv index="1" conf="0.9373183846473694">
              <Unicode>a</Unicode>
            </TextEquiv>
          </Glyph>
          <Glyph id="w30876g2">
            <Coords points="325,140 328,140 328,169 325,169"/>
            <TextEquiv index="1" conf="0.9979632019996643">
              <Unicode>u</Unicode>
            </TextEquiv>
          </Glyph>
          <Glyph id="w30876g3">
            <Coords points="345,140 348,140 348,169 345,169"/>
            <TextEquiv index="1" conf="0.9658946752548216">
              <Unicode>d</Unicode>
            </TextEquiv>
          </Glyph>
          <Glyph id="w30876g4">
            <Coords points="353,140 356,140 356,169 353,169"/>
            <TextEquiv index="1" conf="0.9900368094444276">
              <Unicode>i</Unicode>
            </TextEquiv>
          </Glyph>
          <Glyph id="w30876g5">
            <Coords points="362,140 364,140 364,169 362,169"/>
            <TextEquiv index="1" conf="0.9809945821762086">
              <Unicode>i</Unicode>
            </TextEquiv>
          </Glyph>
          <Glyph id="w30876g6">
            <Coords points="376,140 376,140 376,169 376,169"/>
            <TextEquiv index="1" conf="0.9990644454956055">
              <Unicode>s</Unicode>
            </TextEquiv>
          </Glyph>
          <TextEquiv index="1" conf="0.8696420812603994">
            <Unicode>gaudiis</Unicode>
          </TextEquiv>
        </Word>
        <Word id="w30877">
          <Coords points="393,140 480,140 480,169 393,169"/>
          <Glyph id="w30877g0">
            <Coords points="393,140 396,140 396,169 393,169"/>
            <TextEquiv index="1" conf="0.9943168997764587">
              <Unicode>c</Unicode>
            </TextEquiv>
          </Glyph>
          <Glyph id="w30877g1">
            <Coords points="401,140 404,140 404,169 401,169"/>
            <TextEquiv index="1" conf="0.9990221381187437">
              <Unicode>u</Unicode>
            </TextEquiv>
          </Glyph>
          <Glyph id="w30877g2">
            <Coords points="424,140 427,140 427,169 424,169"/>
            <TextEquiv index="1" conf="0.9961177229881286">
              <Unicode>m</Unicode>
            </TextEquiv>
          </Glyph>
          <Glyph id="w30877g3">
            <Coords points="441,140 441,140 441,169 441,169"/>
            <TextEquiv index="1" conf="0.9996607422828674">
              <Unicode>u</Unicode>
            </TextEquiv>
          </Glyph>
          <Glyph id="w30877g4">
            <Coords points="455,140 458,140 458,169 455,169"/>
            <TextEquiv index="1" conf="0.9996429085731505">
              <Unicode>l</Unicode>
            </TextEquiv>
          </Glyph>
          <Glyph id="w30877g5">
            <Coords points="460,140 466,140 466,169 460,169"/>
            <TextEquiv index="1" conf="0.9999741315841675">
              <Unicode>a</Unicode>
            </TextEquiv>
          </Glyph>
          <Glyph id="w30877g6">
            <Coords points="477,140 480,140 480,169 477,169"/>
            <TextEquiv index="1" conf="0.9964320302009583">
              <Unicode>s</Unicode>
            </TextEquiv>
          </Glyph>
          <TextEquiv index="1" conf="0.9852457536809126">
            <Unicode>cumulas</Unicode>
          </TextEquiv>
        </Word>
        <Word id="w30878">
          <Coords points="497,140 556,140 556,169 497,169"/>
          <Glyph id="w30878g0">
            <Coords points="497,140 497,140 497,169 497,169"/>
            <TextEquiv index="1" conf="0.9987164974212647">
              <Unicode>t</Unicode>
            </TextEquiv>
          </Glyph>
          <Glyph id="w30878g1">
            <Coords points="505,140 508,140 508,169 505,169"/>
            <TextEquiv index="1" conf="0.9984604597091675">
              <Unicode>u</Unicode>
            </TextEquiv>
          </Glyph>
          <Glyph id="w30878g2">
            <Coords points="525,140 531,140 531,169 525,169"/>
            <TextEquiv index="1" conf="0.9637038946151734">
              <Unicode>o</Unicode>
            </TextEquiv>
          </Glyph>
          <Glyph id="w30878g3">
            <Coords points="542,140 542,140 542,169 542,169"/>
            <TextEquiv index="1" conf="0.5621067825704813">
              <Unicode>s</Unicode>
            </TextEquiv>
          </Glyph>
          <Glyph id="w30878g4">
            <Coords points="551,140 556,140 556,169 551,169"/>
            <TextEquiv index="1" conf="0.8167735189199448">
              <Unicode>,</Unicode>
            </TextEquiv>
          </Glyph>
          <TextEquiv index="1" conf="0.44120170633134237">
            <Unicode>tuos,</Unicode>
          </TextEquiv>
        </Word>
        <TextEquiv index="1" conf="0.9629225644006114">
          <Unicode>Nunc affluentes gaudiis cumulas tuos,</Unicode>
        </TextEquiv>
      </TextLine>
      <TextLine id="r0_l007">
        <Coords points="520,197 520,191 521,190 534,190 535,189 544,189 545,188 545,185 544,183 535,183 534,183 534,177 534,176 526,176 525,175 524,175 523,176 492,176 491,175 485,175 484,175 484,170 484,169 478,169 474,173 474,174 443,174 442,174 442,169 441,167 436,167 435,168 434,168 432,170 432,171 431,172 431,173 398,173 397,173 397,170 396,169 396,168 395,166 393,166 390,169 390,172 385,172 384,173 384,174 355,174 354,174 354,170 354,169 351,169 350,170 350,174 330,174 329,175 296,175 294,173 291,173 290,174 266,174 265,174 265,170 265,169 262,169 261,170 261,174 206,174 205,174 205,169 205,168 204,168 203,167 201,167 200,168 185,168 183,170 183,175 137,175 136,174 122,174 121,174 121,173 118,169 113,169 112,168 111,168 110,167 108,167 107,166 106,166 105,167 102,167 100,169 100,171 102,172 105,172 105,173 105,184 104,185 103,185 101,187 101,190 102,190 109,190 110,189 130,189 131,188 173,188 174,189 187,189 188,188 262,188 263,189 264,188 354,188 355,189 356,188 418,188 419,187 459,187 460,188 472,188 473,189 481,189 481,190 481,194 483,195 489,195 489,191 490,190 517,190 517,191 517,197 518,197 520,197"/>
        <Word id="w30879">
          <Coords points="110,166 149,166 149,197 110,197"/>
          <Glyph id="w30879g0">
            <Coords points="110,166 116,166 116,197 110,197"/>
            <TextEquiv index="1" conf="0.9993212461471557">
              <Unicode>D</Unicode>
            </TextEquiv>
          </Glyph>
          <Glyph id="w30879g1">
            <Coords points="125,166 125,166 125,197 125,197"/>
            <TextEquiv index="1" conf="0.9983169198036195">
              <Unicode>u</Unicode>
            </TextEquiv>
          </Glyph>
          <Glyph id="w30879g2">
            <Coords points="146,166 149,166 149,197 146,197"/>
            <TextEquiv index="1" conf="0.999967074394226">
              <Unicode>m</Unicode>
            </TextEquiv>
          </Glyph>
          <TextEquiv index="1" conf="0.9976064604693718">
            <Unicode>Dum</Unicode>
          </TextEquiv>
        </Word>
        <Word id="w30880">
          <Coords points="170,166 212,166 212,197 170,197"/>
          <Glyph id="w30880g0">
            <Coords points="170,166 173,166 173,197 170,197"/>
            <TextEquiv index="1" conf="0.9998777389526367">
              <Unicode>v</Unicode>
            </TextEquiv>
          </Glyph>
          <Glyph id="w30880g1">
            <Coords points="179,166 182,166 182,197 179,197"/>
            <TextEquiv index="1" conf="0.9996989488601684">
              <Unicode>i</Unicode>
            </TextEquiv>
          </Glyph>
          <Glyph id="w30880g2">
            <Coords points="191,166 191,166 191,197 191,197"/>
            <TextEquiv index="1" conf="0.9819366812705994">
              <Unicode>ſ</Unicode>
            </TextEquiv>
          </Glyph>
          <Glyph id="w30880g3">
            <Coords points="197,166 200,166 200,197 197,197"/>
            <TextEquiv index="1" conf="0.982105827331543">
              <Unicode>i</Unicode>
            </TextEquiv>
          </Glyph>
          <Glyph id="w30880g4">
            <Coords points="209,166 212,166 212,197 209,197"/>
            <TextEquiv index="1" conf="0.995560348033905">
              <Unicode>s</Unicode>
            </TextEquiv>
          </Glyph>
          <TextEquiv index="1" conf="0.9596779084648681">
            <Unicode>viſis</Unicode>
          </TextEquiv>
        </Word>
        <Word id="w30881">
          <Coords points="221,166 260,166 260,197 221,197"/>
          <Glyph id="w30881g0">
            <Coords points="221,166 224,166 224,197 221,197"/>
            <TextEquiv index="1" conf="0.9999258995056151">
              <Unicode>a</Unicode>
            </TextEquiv>
          </Glyph>
          <Glyph id="w30881g1">
            <Coords points="239,166 239,166 239,197 239,197"/>
            <TextEquiv index="1" conf="0.9993763923645018">
              <Unicode>t</Unicode>
            </TextEquiv>
          </Glyph>
          <Glyph id="w30881g2">
            <Coords points="248,166 251,166 251,197 248,197"/>
            <TextEquiv index="1" conf="0.9971109986305238">
              <Unicode>r</Unicode>
            </TextEquiv>
          </Glyph>
          <Glyph id="w30881g3">
            <Coords points="260,166 260,166 260,197 260,197"/>
            <TextEquiv index="1" conf="0.8338627934455873">
              <Unicode>i</Unicode>
            </TextEquiv>
          </Glyph>
          <TextEquiv index="1" conf="0.8308736890646888">
            <Unicode>atri</Unicode>
          </TextEquiv>
        </Word>
        <Word id="w30882">
          <Coords points="275,166 362,166 362,197 275,197"/>
          <Glyph id="w30882g0">
            <Coords points="275,166 278,166 278,197 275,197"/>
            <TextEquiv index="1" conf="0.9998535156249999">
              <Unicode>c</Unicode>
            </TextEquiv>
          </Glyph>
          <Glyph id="w30882g1">
            <Coords points="284,166 287,166 287,197 284,197"/>
            <TextEquiv index="1" conf="0.999944543838501">
              <Unicode>a</Unicode>
            </TextEquiv>
          </Glyph>
          <Glyph id="w30882g2">
            <Coords points="299,166 302,166 302,197 299,197"/>
            <TextEquiv index="1" conf="0.9998597025871276">
              <Unicode>r</Unicode>
            </TextEquiv>
          </Glyph>
          <Glyph id="w30882g3">
            <Coords points="314,166 314,166 314,197 314,197"/>
            <TextEquiv index="1" conf="0.9999600887298583">
              <Unicode>c</Unicode>
            </TextEquiv>
          </Glyph>
          <Glyph id="w30882g4">
            <Coords points="326,166 329,166 329,197 326,197"/>
            <TextEquiv index="1" conf="0.999500024318695">
              <Unicode>e</Unicode>
            </TextEquiv>
          </Glyph>
          <Glyph id="w30882g5">
            <Coords points="338,166 341,166 341,197 338,197"/>
            <TextEquiv index="1" conf="0.9996002316474916">
              <Unicode>r</Unicode>
            </TextEquiv>
          </Glyph>
          <Glyph id="w30882g6">
            <Coords points="347,166 350,166 350,197 347,197"/>
            <TextEquiv index="1" conf="0.9969143867492676">
              <Unicode>i</Unicode>
            </TextEquiv>
          </Glyph>
          <Glyph id="w30882g7">
            <Coords points="359,166 362,166 362,197 359,197"/>
            <TextEquiv index="1" conf="0.9824030518531799">
              <Unicode>s</Unicode>
            </TextEquiv>
          </Glyph>
          <TextEquiv index="1" conf="0.9781168674121737">
            <Unicode>carceris</Unicode>
          </TextEquiv>
        </Word>
        <Word id="w30883">
          <Coords points="380,166 458,166 458,197 380,197"/>
          <Glyph id="w30883g0">
            <Coords points="380,166 383,166 383,197 380,197"/>
            <TextEquiv index="1" conf="0.9991615295410157">
              <Unicode>c</Unicode>
            </TextEquiv>
          </Glyph>
          <Glyph id="w30883g1">
            <Coords points="389,166 392,166 392,197 389,197"/>
            <TextEquiv index="1" conf="0.9624056577682496">
              <Unicode>l</Unicode>
            </TextEquiv>
          </Glyph>
          <Glyph id="w30883g2">
            <Coords points="398,166 401,166 401,197 398,197"/>
            <TextEquiv index="1" conf="0.9999733924865721">
              <Unicode>a</Unicode>
            </TextEquiv>
          </Glyph>
          <Glyph id="w30883g3">
            <Coords points="413,166 416,166 416,197 413,197"/>
            <TextEquiv index="1" conf="0.7717660188674927">
              <Unicode>n</Unicode>
            </TextEquiv>
          </Glyph>
          <Glyph id="w30883g4">
            <Coords points="428,166 431,166 431,197 428,197"/>
            <TextEquiv index="1" conf="0.9979071736335754">
              <Unicode>ſ</Unicode>
            </TextEquiv>
          </Glyph>
          <Glyph id="w30883g5">
            <Coords points="443,166 446,166 446,197 443,197"/>
            <TextEquiv index="1" conf="0.997954225540161">
              <Unicode>o</Unicode>
            </TextEquiv>
          </Glyph>
          <Glyph id="w30883g6">
            <Coords points="458,166 458,166 458,197 458,197"/>
            <TextEquiv index="1" conf="0.9997285604476929">
              <Unicode>s</Unicode>
            </TextEquiv>
          </Glyph>
          <TextEquiv index="1" conf="0.7388407386466078">
            <Unicode>clanſos</Unicode>
          </TextEquiv>
        </Word>
        <Word id="w30884">
          <Coords points="473,166 539,166 539,197 473,197"/>
          <Glyph id="w30884g0">
            <Coords points="473,166 473,166 473,197 473,197"/>
            <TextEquiv index="1" conf="0.999337387084961">
              <Unicode>ſ</Unicode>
            </TextEquiv>
          </Glyph>
          <Glyph id="w30884g1">
            <Coords points="482,166 482,166 482,197 482,197"/>
            <TextEquiv index="1" conf="0.9991562962532043">
              <Unicode>p</Unicode>
            </TextEquiv>
          </Glyph>
          <Glyph id="w30884g2">
            <Coords points="500,166 500,166 500,197 500,197"/>
            <TextEquiv index="1" conf="0.9999771118164062">
              <Unicode>e</Unicode>
            </TextEquiv>
          </Glyph>
          <Glyph id="w30884g3">
            <Coords points="512,166 512,166 512,197 512,197"/>
            <TextEquiv index="1" conf="0.9999837875366211">
              <Unicode>c</Unicode>
            </TextEquiv>
          </Glyph>
          <Glyph id="w30884g4">
            <Coords points="521,166 524,166 524,197 521,197"/>
            <TextEquiv index="1" conf="0.99731285572052">
              <Unicode>u</Unicode>
            </TextEquiv>
          </Glyph>
          <Glyph id="w30884g5">
            <Coords points="536,166 539,166 539,197 536,197"/>
            <TextEquiv index="1" conf="0.8822547435760497">
              <Unicode>.</Unicode>
            </TextEquiv>
          </Glyph>
          <TextEquiv index="1" conf="0.8785247538572939">
            <Unicode>ſpecu.</Unicode>
          </TextEquiv>
        </Word>
        <TextEquiv index="1" conf="0.9813136489767779">
          <Unicode>Dum viſis atri carceris clanſos ſpecu.</Unicode>
        </TextEquiv>
      </TextLine>
      <TextLine id="r0_l008">
        <Coords points="535,225 535,218 536,217 549,217 550,218 567,218 568,219 568,218 570,216 570,214 569,213 569,204 568,202 566,202 565,201 563,201 562,202 560,202 559,203 530,203 529,203 529,200 528,199 528,198 528,197 517,197 516,198 516,202 468,202 467,201 436,201 435,200 427,200 426,201 308,201 306,199 288,199 287,199 287,197 287,196 268,196 267,197 267,201 227,201 226,200 224,200 223,201 186,201 185,201 185,197 185,196 181,196 180,197 180,201 159,201 158,202 147,202 146,203 119,203 118,203 118,198 118,197 112,197 111,196 102,196 100,198 100,199 101,199 104,199 104,200 104,213 102,215 102,216 103,216 122,216 123,217 126,217 127,216 180,216 180,217 180,223 181,223 181,217 182,216 203,216 204,215 329,215 329,216 329,221 330,221 345,221 346,222 347,222 347,216 348,215 475,215 475,216 475,220 476,220 492,220 492,221 492,224 493,224 499,224 499,218 500,217 532,217 532,218 532,225 533,225 535,225"/>
        <Word id="w30885">
          <Coords points="109,196 123,196 123,225 109,225"/>
          <Glyph id="w30885g0">
            <Coords points="109,196 112,196 112,225 109,225"/>
            <TextEquiv index="1" conf="0.7613861918449402">
              <Unicode>E</Unicode>
            </TextEquiv>
          </Glyph>
          <Glyph id="w30885g1">
            <Coords points="120,196 123,196 123,225 120,225"/>
            <TextEquiv index="1" conf="0.9999493837356567">
              <Unicode>n</Unicode>
            </TextEquiv>
          </Glyph>
          <TextEquiv index="1" conf="0.7613476533201864">
            <Unicode>En</Unicode>
          </TextEquiv>
        </Word>
        <Word id="w30886">
          <Coords points="146,196 157,196 157,225 146,225"/>
          <Glyph id="w30886g0">
            <Coords points="146,196 148,196 148,225 146,225"/>
            <TextEquiv index="1" conf="0.9973354935646056">
              <Unicode>e</Unicode>
            </TextEquiv>
          </Glyph>
          <Glyph id="w30886g1">
            <Coords points="154,196 157,196 157,225 154,225"/>
            <TextEquiv index="1" conf="0.9996373534202576">
              <Unicode>n</Unicode>
            </TextEquiv>
          </Glyph>
          <TextEquiv index="1" conf="0.9969738132590087">
            <Unicode>en</Unicode>
          </TextEquiv>
        </Word>
        <Word id="w30887">
          <Coords points="179,196 250,196 250,225 179,225"/>
          <Glyph id="w30887g0">
            <Coords points="179,196 179,196 179,225 179,225"/>
            <TextEquiv index="1" conf="0.9996889352798461">
              <Unicode>b</Unicode>
            </TextEquiv>
          </Glyph>
          <Glyph id="w30887g1">
            <Coords points="196,196 199,196 199,225 196,225"/>
            <TextEquiv index="1" conf="0.9997594475746154">
              <Unicode>e</Unicode>
            </TextEquiv>
          </Glyph>
          <Glyph id="w30887g2">
            <Coords points="205,196 208,196 208,225 205,225"/>
            <TextEquiv index="1" conf="0.999367606639862">
              <Unicode>a</Unicode>
            </TextEquiv>
          </Glyph>
          <Glyph id="w30887g3">
            <Coords points="222,196 222,196 222,225 222,225"/>
            <TextEquiv index="1" conf="0.9609771013259887">
              <Unicode>t</Unicode>
            </TextEquiv>
          </Glyph>
          <Glyph id="w30887g4">
            <Coords points="230,196 233,196 233,225 230,225"/>
            <TextEquiv index="1" conf="0.9997166156768799">
              <Unicode>u</Unicode>
            </TextEquiv>
          </Glyph>
          <Glyph id="w30887g5">
            <Coords points="247,196 250,196 250,225 247,225"/>
            <TextEquiv index="1" conf="0.9993640065193177">
              <Unicode>s</Unicode>
            </TextEquiv>
          </Glyph>
          <TextEquiv index="1" conf="0.9589574191062972">
            <Unicode>beatus</Unicode>
          </TextEquiv>
        </Word>
        <Word id="w30888">
          <Coords points="267,196 377,196 377,225 267,225"/>
          <Glyph id="w30888g0">
            <Coords points="267,196 281,196 281,225 267,225"/>
            <TextEquiv index="1" conf="0.9908306002616881">
              <Unicode>M</Unicode>
            </TextEquiv>
          </Glyph>
          <Glyph id="w30888g1">
            <Coords points="287,196 289,196 289,225 287,225"/>
            <TextEquiv index="1" conf="0.4992769658565521">
              <Unicode>a</Unicode>
            </TextEquiv>
          </Glyph>
          <Glyph id="w30888g2">
            <Coords points="304,196 306,196 306,225 304,225"/>
            <TextEquiv index="1" conf="0.9939432740211488">
              <Unicode>r</Unicode>
            </TextEquiv>
          </Glyph>
          <Glyph id="w30888g3">
            <Coords points="315,196 318,196 318,225 315,225"/>
            <TextEquiv index="1" conf="0.9983545064926147">
              <Unicode>t</Unicode>
            </TextEquiv>
          </Glyph>
          <Glyph id="w30888g4">
            <Coords points="326,196 329,196 329,225 326,225"/>
            <TextEquiv index="1" conf="0.9919381141662598">
              <Unicode>y</Unicode>
            </TextEquiv>
          </Glyph>
          <Glyph id="w30888g5">
            <Coords points="343,196 346,196 346,225 343,225"/>
            <TextEquiv index="1" conf="0.9987925171852112">
              <Unicode>r</Unicode>
            </TextEquiv>
          </Glyph>
          <Glyph id="w30888g6">
            <Coords points="351,196 354,196 354,225 351,225"/>
            <TextEquiv index="1" conf="0.9997100234031676">
              <Unicode>u</Unicode>
            </TextEquiv>
          </Glyph>
          <Glyph id="w30888g7">
            <Coords points="374,196 377,196 377,225 374,225"/>
            <TextEquiv index="1" conf="0.9998254179954529">
              <Unicode>m</Unicode>
            </TextEquiv>
          </Glyph>
          <TextEquiv index="1" conf="0.4861221394671408">
            <Unicode>Martyrum</Unicode>
          </TextEquiv>
        </Word>
        <Word id="w30889">
          <Coords points="399,196 473,196 473,225 399,225"/>
          <Glyph id="w30889g0">
            <Coords points="399,196 402,196 402,225 399,225"/>
            <TextEquiv index="1" conf="0.9999180555343627">
              <Unicode>c</Unicode>
            </TextEquiv>
          </Glyph>
          <Glyph id="w30889g1">
            <Coords points="408,196 411,196 411,225 408,225"/>
            <TextEquiv index="1" conf="0.9999132752418517">
              <Unicode>a</Unicode>
            </TextEquiv>
          </Glyph>
          <Glyph id="w30889g2">
            <Coords points="422,196 425,196 425,225 422,225"/>
            <TextEquiv index="1" conf="0.9772082924842833">
              <Unicode>r</Unicode>
            </TextEquiv>
          </Glyph>
          <Glyph id="w30889g3">
            <Coords points="436,196 439,196 439,225 436,225"/>
            <TextEquiv index="1" conf="0.9919503331184387">
              <Unicode>c</Unicode>
            </TextEquiv>
          </Glyph>
          <Glyph id="w30889g4">
            <Coords points="450,196 450,196 450,225 450,225"/>
            <TextEquiv index="1" conf="0.9999463558197021">
              <Unicode>e</Unicode>
            </TextEquiv>
          </Glyph>
          <Glyph id="w30889g5">
            <Coords points="462,196 462,196 462,225 462,225"/>
            <TextEquiv index="1" conf="0.9981876730918884">
              <Unicode>r</Unicode>
            </TextEquiv>
          </Glyph>
          <Glyph id="w30889g6">
            <Coords points="473,196 473,196 473,225 473,225"/>
            <TextEquiv index="1" conf="0.6390893012285233">
              <Unicode>;</Unicode>
            </TextEquiv>
          </Glyph>
          <TextEquiv index="1" conf="0.6182359674794919">
            <Unicode>carcer;</Unicode>
          </TextEquiv>
        </Word>
        <Word id="w30890">
          <Coords points="484,196 560,196 560,225 484,225"/>
          <Glyph id="w30890g0">
            <Coords points="484,196 490,196 490,225 484,225"/>
            <TextEquiv index="1" conf="0.999535357952118">
              <Unicode>q</Unicode>
            </TextEquiv>
          </Glyph>
          <Glyph id="w30890g1">
            <Coords points="498,196 501,196 501,225 498,225"/>
            <TextEquiv index="1" conf="0.9998162388801575">
              <Unicode>u</Unicode>
            </TextEquiv>
          </Glyph>
          <Glyph id="w30890g2">
            <Coords points="512,196 515,196 515,225 512,225"/>
            <TextEquiv index="1" conf="0.9992641925811767">
              <Unicode>i</Unicode>
            </TextEquiv>
          </Glyph>
          <Glyph id="w30890g3">
            <Coords points="521,196 524,196 524,225 521,225"/>
            <TextEquiv index="1" conf="0.9998297929763794">
              <Unicode>b</Unicode>
            </TextEquiv>
          </Glyph>
          <Glyph id="w30890g4">
            <Coords points="538,196 538,196 538,225 538,225"/>
            <TextEquiv index="1" conf="0.9985587239265443">
              <Unicode>u</Unicode>
            </TextEquiv>
          </Glyph>
          <Glyph id="w30890g5">
            <Coords points="557,196 560,196 560,225 557,225"/>
            <TextEquiv index="1" conf="0.7594626665115356">
              <Unicode>s</Unicode>
            </TextEquiv>
          </Glyph>
          <TextEquiv index="1" conf="0.7571898555790572">
            <Unicode>quibus</Unicode>
          </TextEquiv>
        </Word>
        <TextEquiv index="1" conf="0.9544688012037015">
          <Unicode>En en beatus Martyrum carcer; quibus</Unicode>
        </TextEquiv>
      </TextLine>
      <TextLine id="r0_l009">
        <Coords points="441,250 441,243 442,242 477,242 478,243 521,243 522,244 558,244 559,245 560,244 561,244 562,243 563,243 563,236 564,235 566,235 566,234 566,233 550,233 549,233 549,232 548,230 537,230 536,230 536,226 536,225 527,225 526,224 525,224 524,225 524,230 464,230 463,229 462,229 461,228 459,228 458,227 430,227 429,228 365,228 364,228 364,223 364,222 363,222 362,221 357,221 356,222 345,222 344,223 344,228 267,228 266,228 266,227 264,224 238,224 237,224 237,223 237,222 235,222 234,223 234,229 204,229 203,229 203,224 203,223 174,223 172,221 171,221 170,222 169,222 167,224 167,229 154,229 153,230 124,230 123,229 117,229 116,229 116,226 114,223 112,223 111,222 110,223 105,223 102,226 102,227 101,228 101,237 100,238 100,242 102,243 107,243 108,244 135,244 135,245 135,250 136,250 142,250 143,249 156,249 157,248 160,248 160,244 161,243 183,243 184,242 210,242 211,241 230,241 241,241 242,242 277,242 278,241 310,241 311,242 366,242 367,243 369,243 370,242 425,242 425,243 425,247 427,248 428,248 429,249 431,249 432,248 435,248 436,247 436,246 438,244 438,245 438,250 439,250 441,250"/>
        <Word id="w30891">
          <Coords points="107,221 206,221 206,250 107,250"/>
          <Glyph id="w30891g0">
            <Coords points="107,221 110,221 110,250 107,250"/>
            <TextEquiv index="1" conf="0.9906198740005493">
              <Unicode>S</Unicode>
            </TextEquiv>
          </Glyph>
          <Glyph id="w30891g1">
            <Coords points="119,221 122,221 122,250 119,250"/>
            <TextEquiv index="1" conf="0.9749669790267945">
              <Unicode>u</Unicode>
            </TextEquiv>
          </Glyph>
          <Glyph id="w30891g2">
            <Coords points="137,221 137,221 137,250 137,250"/>
            <TextEquiv index="1" conf="0.9961942672729492">
              <Unicode>p</Unicode>
            </TextEquiv>
          </Glyph>
          <Glyph id="w30891g3">
            <Coords points="152,221 152,221 152,250 152,250"/>
            <TextEquiv index="1" conf="0.9909618973731994">
              <Unicode>p</Unicode>
            </TextEquiv>
          </Glyph>
          <Glyph id="w30891g4">
            <Coords points="167,221 167,221 167,250 167,250"/>
            <TextEquiv index="1" conf="0.9996915817260742">
              <Unicode>l</Unicode>
            </TextEquiv>
          </Glyph>
          <Glyph id="w30891g5">
            <Coords points="176,221 176,221 176,250 176,250"/>
            <TextEquiv index="1" conf="0.9996930837631226">
              <Unicode>i</Unicode>
            </TextEquiv>
          </Glyph>
          <Glyph id="w30891g6">
            <Coords points="188,221 191,221 191,250 188,250"/>
            <TextEquiv index="1" conf="0.9999884128570556">
              <Unicode>c</Unicode>
            </TextEquiv>
          </Glyph>
          <Glyph id="w30891g7">
            <Coords points="197,221 197,221 197,250 197,250"/>
            <TextEquiv index="1" conf="0.9998448729515076">
              <Unicode>i</Unicode>
            </TextEquiv>
          </Glyph>
          <Glyph id="w30891g8">
            <Coords points="203,221 206,221 206,250 203,250"/>
            <TextEquiv index="1" conf="0.999687135219574">
              <Unicode>a</Unicode>
            </TextEquiv>
          </Glyph>
          <TextEquiv index="1" conf="0.9524065101348673">
            <Unicode>Supplicia</Unicode>
          </TextEquiv>
        </Word>
        <Word id="w30892">
          <Coords points="230,221 275,221 275,250 230,250"/>
          <Glyph id="w30892g0">
            <Coords points="230,221 233,221 233,250 230,250"/>
            <TextEquiv index="1" conf="0.9997280597686766">
              <Unicode>d</Unicode>
            </TextEquiv>
          </Glyph>
          <Glyph id="w30892g1">
            <Coords points="239,221 242,221 242,250 239,250"/>
            <TextEquiv index="1" conf="0.9921074390411376">
              <Unicode>i</Unicode>
            </TextEquiv>
          </Glyph>
          <Glyph id="w30892g2">
            <Coords points="251,221 251,221 251,250 251,250"/>
            <TextEquiv index="1" conf="0.9992339253425598">
              <Unicode>r</Unicode>
            </TextEquiv>
          </Glyph>
          <Glyph id="w30892g3">
            <Coords points="260,221 260,221 260,250 260,250"/>
            <TextEquiv index="1" conf="0.9854322314262389">
              <Unicode>i</Unicode>
            </TextEquiv>
          </Glyph>
          <Glyph id="w30892g4">
            <Coords points="272,221 275,221 275,250 272,250"/>
            <TextEquiv index="1" conf="0.9998839020729064">
              <Unicode>s</Unicode>
            </TextEquiv>
          </Glyph>
          <TextEquiv index="1" conf="0.9765266451770053">
            <Unicode>diris</Unicode>
          </TextEquiv>
        </Word>
        <Word id="w30893">
          <Coords points="293,221 380,221 380,250 293,250"/>
          <Glyph id="w30893g0">
            <Coords points="293,221 293,221 293,250 293,250"/>
            <TextEquiv index="1" conf="0.9999718189239502">
              <Unicode>c</Unicode>
            </TextEquiv>
          </Glyph>
          <Glyph id="w30893g1">
            <Coords points="299,221 302,221 302,250 299,250"/>
            <TextEquiv index="1" conf="0.999910318851471">
              <Unicode>a</Unicode>
            </TextEquiv>
          </Glyph>
          <Glyph id="w30893g2">
            <Coords points="314,221 317,221 317,250 314,250"/>
            <TextEquiv index="1" conf="0.9949263811111451">
              <Unicode>r</Unicode>
            </TextEquiv>
          </Glyph>
          <Glyph id="w30893g3">
            <Coords points="326,221 329,221 329,250 326,250"/>
            <TextEquiv index="1" conf="0.9999609947204591">
              <Unicode>n</Unicode>
            </TextEquiv>
          </Glyph>
          <Glyph id="w30893g4">
            <Coords points="341,221 344,221 344,250 341,250"/>
            <TextEquiv index="1" conf="0.9989938855171203">
              <Unicode>i</Unicode>
            </TextEquiv>
          </Glyph>
          <Glyph id="w30893g5">
            <Coords points="353,221 353,221 353,250 353,250"/>
            <TextEquiv index="1" conf="0.9754399061203003">
              <Unicode>f</Unicode>
            </TextEquiv>
          </Glyph>
          <Glyph id="w30893g6">
            <Coords points="365,221 365,221 365,250 365,250"/>
            <TextEquiv index="1" conf="0.9999610185623169">
              <Unicode>e</Unicode>
            </TextEquiv>
          </Glyph>
          <Glyph id="w30893g7">
            <Coords points="377,221 380,221 380,250 377,250"/>
            <TextEquiv index="1" conf="0.9973268866539002">
              <Unicode>x</Unicode>
            </TextEquiv>
          </Glyph>
          <TextEquiv index="1" conf="0.9667334907551223">
            <Unicode>carnifex</Unicode>
          </TextEquiv>
        </Word>
        <Word id="w30894">
          <Coords points="398,221 458,221 458,250 398,250"/>
          <Glyph id="w30894g0">
            <Coords points="398,221 401,221 401,250 398,250"/>
            <TextEquiv index="1" conf="0.9915940046310425">
              <Unicode>v</Unicode>
            </TextEquiv>
          </Glyph>
          <Glyph id="w30894g1">
            <Coords points="413,221 416,221 416,250 413,250"/>
            <TextEquiv index="1" conf="0.9981324791908264">
              <Unicode>r</Unicode>
            </TextEquiv>
          </Glyph>
          <Glyph id="w30894g2">
            <Coords points="428,221 431,221 431,250 428,250"/>
            <TextEquiv index="1" conf="0.9901500940322876">
              <Unicode>g</Unicode>
            </TextEquiv>
          </Glyph>
          <Glyph id="w30894g3">
            <Coords points="443,221 446,221 446,250 443,250"/>
            <TextEquiv index="1" conf="0.9998477339744567">
              <Unicode>e</Unicode>
            </TextEquiv>
          </Glyph>
          <Glyph id="w30894g4">
            <Coords points="455,221 458,221 458,250 455,250"/>
            <TextEquiv index="1" conf="0.9714347600936889">
              <Unicode>t</Unicode>
            </TextEquiv>
          </Glyph>
          <TextEquiv index="1" conf="0.9518546134324443">
            <Unicode>vrget</Unicode>
          </TextEquiv>
        </Word>
        <Word id="w30895">
          <Coords points="485,221 554,221 554,250 485,250"/>
          <Glyph id="w30895g0">
            <Coords points="485,221 485,221 485,250 485,250"/>
            <TextEquiv index="1" conf="0.9999343156814575">
              <Unicode>m</Unicode>
            </TextEquiv>
          </Glyph>
          <Glyph id="w30895g1">
            <Coords points="503,221 509,221 509,250 503,250"/>
            <TextEquiv index="1" conf="0.9789120078086853">
              <Unicode>o</Unicode>
            </TextEquiv>
          </Glyph>
          <Glyph id="w30895g2">
            <Coords points="518,221 521,221 521,250 518,250"/>
            <TextEquiv index="1" conf="0.9996102929115296">
              <Unicode>d</Unicode>
            </TextEquiv>
          </Glyph>
          <Glyph id="w30895g3">
            <Coords points="530,221 533,221 533,250 530,250"/>
            <TextEquiv index="1" conf="0.9998509168624877">
              <Unicode>i</Unicode>
            </TextEquiv>
          </Glyph>
          <Glyph id="w30895g4">
            <Coords points="542,221 542,221 542,250 542,250"/>
            <TextEquiv index="1" conf="0.9945208072662354">
              <Unicode>s</Unicode>
            </TextEquiv>
          </Glyph>
          <Glyph id="w30895g5">
            <Coords points="554,221 554,221 554,250 554,250"/>
            <TextEquiv index="1" conf="0.8666239142417906">
              <Unicode>.</Unicode>
            </TextEquiv>
          </Glyph>
          <TextEquiv index="1" conf="0.843190374186651">
            <Unicode>modis.</Unicode>
          </TextEquiv>
        </Word>
        <TextEquiv index="1" conf="0.9913300768749135">
          <Unicode>Supplicia diris carnifex vrget modis.</Unicode>
        </TextEquiv>
      </TextLine>
      <TextLine id="r0_l010">
        <Coords points="163,280 164,279 608,279 608,278 164,278 163,278 163,277 164,276 381,276 382,275 573,275 575,273 576,273 577,272 577,268 575,265 572,265 571,264 565,264 564,264 564,259 563,258 563,257 563,256 556,256 555,256 555,255 555,254 530,254 529,254 529,253 528,251 443,251 442,250 328,250 327,250 327,249 327,248 132,248 131,249 131,250 108,250 107,251 106,251 102,255 102,266 101,267 101,270 102,270 110,270 111,271 131,271 131,272 131,277 163,280"/>
        <Word id="w30896">
          <Coords points="110,248 141,248 141,280 110,280"/>
          <Glyph id="w30896g0">
            <Coords points="110,248 113,248 113,280 110,280"/>
            <TextEquiv index="1" conf="0.9989611268043519">
              <Unicode>S</Unicode>
            </TextEquiv>
          </Glyph>
          <Glyph id="w30896g1">
            <Coords points="126,248 126,248 126,280 126,280"/>
            <TextEquiv index="1" conf="0.998975956439972">
              <Unicode>e</Unicode>
            </TextEquiv>
          </Glyph>
          <Glyph id="w30896g2">
            <Coords points="138,248 141,248 141,280 138,280"/>
            <TextEquiv index="1" conf="0.7828166633844376">
              <Unicode>d</Unicode>
            </TextEquiv>
          </Glyph>
          <TextEquiv index="1" conf="0.781202610573527">
            <Unicode>Sed</Unicode>
          </TextEquiv>
        </Word>
        <Word id="w30897">
          <Coords points="154,248 217,248 217,280 154,280"/>
          <Glyph id="w30897g0">
            <Coords points="154,248 157,248 157,280 154,280"/>
            <TextEquiv index="1" conf="0.9696958065032959">
              <Unicode>ſ</Unicode>
            </TextEquiv>
          </Glyph>
          <Glyph id="w30897g1">
            <Coords points="170,248 173,248 173,280 170,280"/>
            <TextEquiv index="1" conf="0.9994600415229797">
              <Unicode>æ</Unicode>
            </TextEquiv>
          </Glyph>
          <Glyph id="w30897g2">
            <Coords points="182,248 182,248 182,280 182,280"/>
            <TextEquiv index="1" conf="0.9999101281166076">
              <Unicode>u</Unicode>
            </TextEquiv>
          </Glyph>
          <Glyph id="w30897g3">
            <Coords points="195,248 198,248 198,280 195,280"/>
            <TextEquiv index="1" conf="0.9994964599609375">
              <Unicode>u</Unicode>
            </TextEquiv>
          </Glyph>
          <Glyph id="w30897g4">
            <Coords points="214,248 217,248 217,280 214,280"/>
            <TextEquiv index="1" conf="0.999643611907959">
              <Unicode>s</Unicode>
            </TextEquiv>
          </Glyph>
          <TextEquiv index="1" conf="0.9682519400610627">
            <Unicode>ſæuus</Unicode>
          </TextEquiv>
        </Word>
        <Word id="w30898">
          <Coords points="230,248 302,248 302,280 230,280"/>
          <Glyph id="w30898g0">
            <Coords points="230,248 230,248 230,280 230,280"/>
            <TextEquiv index="1" conf="0.9994552731513977">
              <Unicode>h</Unicode>
            </TextEquiv>
          </Glyph>
          <Glyph id="w30898g1">
            <Coords points="249,248 252,248 252,280 249,280"/>
            <TextEquiv index="1" conf="0.999856686592102">
              <Unicode>o</Unicode>
            </TextEquiv>
          </Glyph>
          <Glyph id="w30898g2">
            <Coords points="261,248 261,248 261,280 261,280"/>
            <TextEquiv index="1" conf="0.9997081995010375">
              <Unicode>ſ</Unicode>
            </TextEquiv>
          </Glyph>
          <Glyph id="w30898g3">
            <Coords points="271,248 274,248 274,280 271,280"/>
            <TextEquiv index="1" conf="0.9984802007675172">
              <Unicode>p</Unicode>
            </TextEquiv>
          </Glyph>
          <Glyph id="w30898g4">
            <Coords points="290,248 290,248 290,280 290,280"/>
            <TextEquiv index="1" conf="0.9999942064285279">
              <Unicode>e</Unicode>
            </TextEquiv>
          </Glyph>
          <Glyph id="w30898g5">
            <Coords points="299,248 302,248 302,280 299,280"/>
            <TextEquiv index="1" conf="0.9998581409454347">
              <Unicode>s</Unicode>
            </TextEquiv>
          </Glyph>
          <TextEquiv index="1" conf="0.9973548445751169">
            <Unicode>hoſpes</Unicode>
          </TextEquiv>
        </Word>
        <Word id="w30899">
          <Coords points="315,248 381,248 381,280 315,280"/>
          <Glyph id="w30899g0">
            <Coords points="315,248 318,248 318,280 315,280"/>
            <TextEquiv index="1" conf="0.9979030132293703">
              <Unicode>f</Unicode>
            </TextEquiv>
          </Glyph>
          <Glyph id="w30899g1">
            <Coords points="327,248 331,248 331,280 327,280"/>
            <TextEquiv index="1" conf="0.9994612574577333">
              <Unicode>e</Unicode>
            </TextEquiv>
          </Glyph>
          <Glyph id="w30899g2">
            <Coords points="337,248 340,248 340,280 337,280"/>
            <TextEquiv index="1" conf="0.9847224235534668">
              <Unicode>r</Unicode>
            </TextEquiv>
          </Glyph>
          <Glyph id="w30899g3">
            <Coords points="350,248 353,248 353,280 350,280"/>
            <TextEquiv index="1" conf="0.9880967974662781">
              <Unicode>r</Unicode>
            </TextEquiv>
          </Glyph>
          <Glyph id="w30899g4">
            <Coords points="365,248 365,248 365,280 365,280"/>
            <TextEquiv index="1" conf="0.9988789081573487">
              <Unicode>e</Unicode>
            </TextEquiv>
          </Glyph>
          <Glyph id="w30899g5">
            <Coords points="378,248 381,248 381,280 378,280"/>
            <TextEquiv index="1" conf="0.9949619412422179">
              <Unicode>o</Unicode>
            </TextEquiv>
          </Glyph>
          <TextEquiv index="1" conf="0.9644660146884507">
            <Unicode>ferreo</Unicode>
          </TextEquiv>
        </Word>
        <Word id="w30900">
          <Coords points="400,248 454,248 454,280 400,280"/>
          <Glyph id="w30900g0">
            <Coords points="400,248 400,248 400,280 400,280"/>
            <TextEquiv index="1" conf="0.9920869469642639">
              <Unicode>p</Unicode>
            </TextEquiv>
          </Glyph>
          <Glyph id="w30900g1">
            <Coords points="416,248 422,248 422,280 416,280"/>
            <TextEquiv index="1" conf="0.9926853656768798">
              <Unicode>o</Unicode>
            </TextEquiv>
          </Glyph>
          <Glyph id="w30900g2">
            <Coords points="432,248 432,248 432,280 432,280"/>
            <TextEquiv index="1" conf="0.9989583134651184">
              <Unicode>ſ</Unicode>
            </TextEquiv>
          </Glyph>
          <Glyph id="w30900g3">
            <Coords points="438,248 441,248 441,280 438,280"/>
            <TextEquiv index="1" conf="0.9999812126159668">
              <Unicode>t</Unicode>
            </TextEquiv>
          </Glyph>
          <Glyph id="w30900g4">
            <Coords points="451,248 454,248 454,280 451,280"/>
            <TextEquiv index="1" conf="0.9994126200675965">
              <Unicode>e</Unicode>
            </TextEquiv>
          </Glyph>
          <TextEquiv index="1" conf="0.9832079702170184">
            <Unicode>poſte</Unicode>
          </TextEquiv>
        </Word>
        <Word id="w30901">
          <Coords points="470,248 570,248 570,280 470,280"/>
          <Glyph id="w30901g0">
            <Coords points="470,248 473,248 473,280 470,280"/>
            <TextEquiv index="1" conf="0.9995646834373474">
              <Unicode>e</Unicode>
            </TextEquiv>
          </Glyph>
          <Glyph id="w30901g1">
            <Coords points="485,248 488,248 488,280 485,280"/>
            <TextEquiv index="1" conf="0.9997682690620424">
              <Unicode>x</Unicode>
            </TextEquiv>
          </Glyph>
          <Glyph id="w30901g2">
            <Coords points="498,248 501,248 501,280 498,280"/>
            <TextEquiv index="1" conf="0.9954037666320801">
              <Unicode>c</Unicode>
            </TextEquiv>
          </Glyph>
          <Glyph id="w30901g3">
            <Coords points="507,248 511,248 511,280 507,280"/>
            <TextEquiv index="1" conf="0.9992450833320619">
              <Unicode>u</Unicode>
            </TextEquiv>
          </Glyph>
          <Glyph id="w30901g4">
            <Coords points="523,248 523,248 523,280 523,280"/>
            <TextEquiv index="1" conf="0.9999029278755188">
              <Unicode>b</Unicode>
            </TextEquiv>
          </Glyph>
          <Glyph id="w30901g5">
            <Coords points="536,248 539,248 539,280 536,280"/>
            <TextEquiv index="1" conf="0.9909145712852477">
              <Unicode>a</Unicode>
            </TextEquiv>
          </Glyph>
          <Glyph id="w30901g6">
            <Coords points="555,248 555,248 555,280 555,280"/>
            <TextEquiv index="1" conf="0.9870158791542053">
              <Unicode>t</Unicode>
            </TextEquiv>
          </Glyph>
          <Glyph id="w30901g7">
            <Coords points="567,248 570,248 570,280 567,280"/>
            <TextEquiv index="1" conf="0.9535677790641783">
              <Unicode>,</Unicode>
            </TextEquiv>
          </Glyph>
          <TextEquiv index="1" conf="0.9269393399261671">
            <Unicode>excubat,</Unicode>
          </TextEquiv>
        </Word>
        <TextEquiv index="1" conf="0.9898891365057542">
          <Unicode>Sed ſæuus hoſpes ferreo poſte excubat,</Unicode>
        </TextEquiv>
      </TextLine>
      <TextLine id="r0_l011">
        <Coords points="670,319 670,280 671,279 671,265 672,264 672,262 671,261 671,256 671,255 670,256 670,263 669,264 669,267 668,268 668,275 336,275 335,276 252,276 251,277 112,277 111,278 108,278 106,280 105,280 102,283 102,297 103,297 109,297 110,298 126,298 127,299 192,299 192,300 192,303 194,304 198,304 200,302 667,302 667,303 667,310 668,311 668,318 670,319"/>
        <Word id="w30902">
          <Coords points="108,255 221,255 221,319 108,319"/>
          <Glyph id="w30902g0">
            <Coords points="108,255 114,255 114,319 108,319"/>
            <TextEquiv index="1" conf="0.9993988990783691">
              <Unicode>S</Unicode>
            </TextEquiv>
          </Glyph>
          <Glyph id="w30902g1">
            <Coords points="127,255 127,255 127,319 127,319"/>
            <TextEquiv index="1" conf="0.9998911380767822">
              <Unicode>e</Unicode>
            </TextEquiv>
          </Glyph>
          <Glyph id="w30902g2">
            <Coords points="136,255 139,255 139,319 136,319"/>
            <TextEquiv index="1" conf="0.9935387015342713">
              <Unicode>r</Unicode>
            </TextEquiv>
          </Glyph>
          <Glyph id="w30902g3">
            <Coords points="145,255 149,255 149,319 145,319"/>
            <TextEquiv index="1" conf="0.9994838595390321">
              <Unicode>u</Unicode>
            </TextEquiv>
          </Glyph>
          <Glyph id="w30902g4">
            <Coords points="161,255 161,255 161,319 161,319"/>
            <TextEquiv index="1" conf="0.9999282956123353">
              <Unicode>a</Unicode>
            </TextEquiv>
          </Glyph>
          <Glyph id="w30902g5">
            <Coords points="174,255 177,255 177,319 174,319"/>
            <TextEquiv index="1" conf="0.9387575864791871">
              <Unicode>t</Unicode>
            </TextEquiv>
          </Glyph>
          <Glyph id="w30902g6">
            <Coords points="186,255 193,255 193,319 186,319"/>
            <TextEquiv index="1" conf="0.9999718904495238">
              <Unicode>q</Unicode>
            </TextEquiv>
          </Glyph>
          <Glyph id="w30902g7">
            <Coords points="199,255 202,255 202,319 199,319"/>
            <TextEquiv index="1" conf="0.9998344659805297">
              <Unicode>u</Unicode>
            </TextEquiv>
          </Glyph>
          <Glyph id="w30902g8">
            <Coords points="218,255 221,255 221,319 218,319"/>
            <TextEquiv index="1" conf="0.9962621450424194">
              <Unicode>e</Unicode>
            </TextEquiv>
          </Glyph>
          <TextEquiv index="1" conf="0.9278205817609644">
            <Unicode>Seruatque</Unicode>
          </TextEquiv>
        </Word>
        <Word id="w30903">
          <Coords points="237,255 325,255 325,319 237,319"/>
          <Glyph id="w30903g0">
            <Coords points="237,255 240,255 240,319 237,319"/>
            <TextEquiv index="1" conf="0.9940355181694032">
              <Unicode>v</Unicode>
            </TextEquiv>
          </Glyph>
          <Glyph id="w30903g1">
            <Coords points="246,255 250,255 250,319 246,319"/>
            <TextEquiv index="1" conf="0.9998757123947144">
              <Unicode>i</Unicode>
            </TextEquiv>
          </Glyph>
          <Glyph id="w30903g2">
            <Coords points="256,255 259,255 259,319 256,319"/>
            <TextEquiv index="1" conf="0.9856212377548217">
              <Unicode>n</Unicode>
            </TextEquiv>
          </Glyph>
          <Glyph id="w30903g3">
            <Coords points="275,255 278,255 278,319 275,319"/>
            <TextEquiv index="1" conf="0.998269760608673">
              <Unicode>c</Unicode>
            </TextEquiv>
          </Glyph>
          <Glyph id="w30903g4">
            <Coords points="284,255 287,255 287,319 284,319"/>
            <TextEquiv index="1" conf="0.9994836211204529">
              <Unicode>t</Unicode>
            </TextEquiv>
          </Glyph>
          <Glyph id="w30903g5">
            <Coords points="300,255 303,255 303,319 300,319"/>
            <TextEquiv index="1" conf="0.9893166422843933">
              <Unicode>o</Unicode>
            </TextEquiv>
          </Glyph>
          <Glyph id="w30903g6">
            <Coords points="316,255 316,255 316,319 316,319"/>
            <TextEquiv index="1" conf="0.9518095493316651">
              <Unicode>s</Unicode>
            </TextEquiv>
          </Glyph>
          <Glyph id="w30903g7">
            <Coords points="322,255 325,255 325,319 322,319"/>
            <TextEquiv index="1" conf="0.9893653512001038">
              <Unicode>,</Unicode>
            </TextEquiv>
          </Glyph>
          <TextEquiv index="1" conf="0.91059160337643">
            <Unicode>vinctos,</Unicode>
          </TextEquiv>
        </Word>
        <Word id="w30904">
          <Coords points="335,255 404,255 404,319 335,319"/>
          <Glyph id="w30904g0">
            <Coords points="335,255 335,255 335,319 335,319"/>
            <TextEquiv index="1" conf="0.8438950181007385">
              <Unicode>l</Unicode>
            </TextEquiv>
          </Glyph>
          <Glyph id="w30904g1">
            <Coords points="344,255 347,255 347,319 344,319"/>
            <TextEquiv index="1" conf="0.9992721676826478">
              <Unicode>i</Unicode>
            </TextEquiv>
          </Glyph>
          <Glyph id="w30904g2">
            <Coords points="360,255 363,255 363,319 360,319"/>
            <TextEquiv index="1" conf="0.9994956731796265">
              <Unicode>m</Unicode>
            </TextEquiv>
          </Glyph>
          <Glyph id="w30904g3">
            <Coords points="376,255 376,255 376,319 376,319"/>
            <TextEquiv index="1" conf="0.9996668577194212">
              <Unicode>i</Unicode>
            </TextEquiv>
          </Glyph>
          <Glyph id="w30904g4">
            <Coords points="385,255 385,255 385,319 385,319"/>
            <TextEquiv index="1" conf="0.9997748494148254">
              <Unicode>n</Unicode>
            </TextEquiv>
          </Glyph>
          <Glyph id="w30904g5">
            <Coords points="404,255 404,255 404,319 404,319"/>
            <TextEquiv index="1" conf="0.9999054431915282">
              <Unicode>e</Unicode>
            </TextEquiv>
          </Glyph>
          <TextEquiv index="1" conf="0.8423053646681151">
            <Unicode>limine</Unicode>
          </TextEquiv>
        </Word>
        <Word id="w30905">
          <Coords points="423,255 518,255 518,319 423,319"/>
          <Glyph id="w30905g0">
            <Coords points="423,255 423,255 423,319 423,319"/>
            <TextEquiv index="1" conf="0.9998165249824524">
              <Unicode>e</Unicode>
            </TextEquiv>
          </Glyph>
          <Glyph id="w30905g1">
            <Coords points="436,255 439,255 439,319 436,319"/>
            <TextEquiv index="1" conf="0.8941895216703415">
              <Unicode>x</Unicode>
            </TextEquiv>
          </Glyph>
          <Glyph id="w30905g2">
            <Coords points="452,255 452,255 452,319 452,319"/>
            <TextEquiv index="1" conf="0.9994727611541747">
              <Unicode>c</Unicode>
            </TextEquiv>
          </Glyph>
          <Glyph id="w30905g3">
            <Coords points="461,255 461,255 461,319 461,319"/>
            <TextEquiv index="1" conf="0.9987676858901977">
              <Unicode>l</Unicode>
            </TextEquiv>
          </Glyph>
          <Glyph id="w30905g4">
            <Coords points="470,255 474,255 474,319 470,319"/>
            <TextEquiv index="1" conf="0.9999651908874511">
              <Unicode>u</Unicode>
            </TextEquiv>
          </Glyph>
          <Glyph id="w30905g5">
            <Coords points="489,255 493,255 493,319 489,319"/>
            <TextEquiv index="1" conf="0.9998664259910583">
              <Unicode>d</Unicode>
            </TextEquiv>
          </Glyph>
          <Glyph id="w30905g6">
            <Coords points="502,255 505,255 505,319 502,319"/>
            <TextEquiv index="1" conf="0.9999484777450562">
              <Unicode>e</Unicode>
            </TextEquiv>
          </Glyph>
          <Glyph id="w30905g7">
            <Coords points="515,255 518,255 518,319 515,319"/>
            <TextEquiv index="1" conf="0.998423194885254">
              <Unicode>t</Unicode>
            </TextEquiv>
          </Glyph>
          <TextEquiv index="1" conf="0.8908497977012677">
            <Unicode>excludet</Unicode>
          </TextEquiv>
        </Word>
        <Word id="w30906">
          <Coords points="530,255 597,255 597,319 530,319"/>
          <Glyph id="w30906g0">
            <Coords points="530,255 534,255 534,319 530,319"/>
            <TextEquiv index="1" conf="0.9956803441047667">
              <Unicode>f</Unicode>
            </TextEquiv>
          </Glyph>
          <Glyph id="w30906g1">
            <Coords points="543,255 546,255 546,319 543,319"/>
            <TextEquiv index="1" conf="0.999638879299164">
              <Unicode>e</Unicode>
            </TextEquiv>
          </Glyph>
          <Glyph id="w30906g2">
            <Coords points="556,255 556,255 556,319 556,319"/>
            <TextEquiv index="1" conf="0.99999680519104">
              <Unicode>r</Unicode>
            </TextEquiv>
          </Glyph>
          <Glyph id="w30906g3">
            <Coords points="565,255 568,255 568,319 565,319"/>
            <TextEquiv index="1" conf="0.999839723110199">
              <Unicode>u</Unicode>
            </TextEquiv>
          </Glyph>
          <Glyph id="w30906g4">
            <Coords points="584,255 587,255 587,319 584,319"/>
            <TextEquiv index="1" conf="0.998551321029663">
              <Unicode>s</Unicode>
            </TextEquiv>
          </Glyph>
          <Glyph id="w30906g5">
            <Coords points="593,255 597,255 597,319 593,319"/>
            <TextEquiv index="1" conf="0.9511437177658081">
              <Unicode>,</Unicode>
            </TextEquiv>
          </Glyph>
          <TextEquiv index="1" conf="0.945167122964571">
            <Unicode>ferus,</Unicode>
          </TextEquiv>
        </Word>
        <TextEquiv index="1" conf="0.9877267435556507">
          <Unicode>Seruatque vinctos, limine excludet ferus,</Unicode>
        </TextEquiv>
      </TextLine>
      <TextLine id="r0_l012">
        <Coords points="667,337 668,336 669,336 669,335 670,334 670,320 669,318 607,318 606,317 597,317 596,317 596,312 596,311 592,311 591,310 532,310 531,310 531,306 530,304 470,304 469,303 468,303 467,302 392,302 391,303 247,303 246,302 241,302 240,303 239,303 237,305 237,306 236,307 236,309 119,309 118,309 118,308 117,306 114,306 113,307 113,308 112,309 112,310 110,312 110,314 109,315 109,316 107,318 107,320 105,320 103,322 103,324 104,324 105,324 106,325 107,324 190,324 190,325 190,329 191,329 197,329 198,328 198,324 199,323 355,323 355,324 355,330 356,330 378,330 378,324 379,323 513,323 515,325 575,325 576,326 580,326 581,325 667,325 667,326 666,327 666,337 667,337"/>
        <Word id="w30907">
          <Coords points="106,302 143,302 143,337 106,337"/>
          <Glyph id="w30907g0">
            <Coords points="106,302 112,302 112,337 106,337"/>
            <TextEquiv index="1" conf="0.9999337315559387">
              <Unicode>A</Unicode>
            </TextEquiv>
          </Glyph>
          <Glyph id="w30907g1">
            <Coords points="126,302 129,302 129,337 126,337"/>
            <TextEquiv index="1" conf="0.9993415832519532">
              <Unicode>u</Unicode>
            </TextEquiv>
          </Glyph>
          <Glyph id="w30907g2">
            <Coords points="143,302 143,302 143,337 143,337"/>
            <TextEquiv index="1" conf="0.9998974323272705">
              <Unicode>t</Unicode>
            </TextEquiv>
          </Glyph>
          <TextEquiv index="1" conf="0.9991728650922141">
            <Unicode>Aut</Unicode>
          </TextEquiv>
        </Word>
        <Word id="w30908">
          <Coords points="160,302 174,302 174,337 160,337"/>
          <Glyph id="w30908g0">
            <Coords points="160,302 160,302 160,337 160,337"/>
            <TextEquiv index="1" conf="0.511406572163105">
              <Unicode>t</Unicode>
            </TextEquiv>
          </Glyph>
          <Glyph id="w30908g1">
            <Coords points="171,302 174,302 174,337 171,337"/>
            <TextEquiv index="1" conf="0.9999237537384033">
              <Unicode>e</Unicode>
            </TextEquiv>
          </Glyph>
          <TextEquiv index="1" conf="0.5113675793238216">
            <Unicode>te</Unicode>
          </TextEquiv>
        </Word>
        <Word id="w30909">
          <Coords points="191,302 290,302 290,337 191,337"/>
          <Glyph id="w30909g0">
            <Coords points="191,302 191,302 191,337 191,337"/>
            <TextEquiv index="1" conf="0.9989985346794128">
              <Unicode>p</Unicode>
            </TextEquiv>
          </Glyph>
          <Glyph id="w30909g1">
            <Coords points="205,302 208,302 208,337 205,337"/>
            <TextEquiv index="1" conf="0.9978762984275819">
              <Unicode>r</Unicode>
            </TextEquiv>
          </Glyph>
          <Glyph id="w30909g2">
            <Coords points="222,302 225,302 225,337 222,337"/>
            <TextEquiv index="1" conf="0.9999657392501832">
              <Unicode>o</Unicode>
            </TextEquiv>
          </Glyph>
          <Glyph id="w30909g3">
            <Coords points="233,302 236,302 236,337 233,337"/>
            <TextEquiv index="1" conf="0.9984112024307251">
              <Unicode>f</Unicode>
            </TextEquiv>
          </Glyph>
          <Glyph id="w30909g4">
            <Coords points="242,302 245,302 245,337 242,337"/>
            <TextEquiv index="1" conf="0.9999361753463745">
              <Unicode>u</Unicode>
            </TextEquiv>
          </Glyph>
          <Glyph id="w30909g5">
            <Coords points="259,302 259,302 259,337 259,337"/>
            <TextEquiv index="1" conf="0.9998735547065735">
              <Unicode>n</Unicode>
            </TextEquiv>
          </Glyph>
          <Glyph id="w30909g6">
            <Coords points="279,302 282,302 282,337 279,337"/>
            <TextEquiv index="1" conf="0.9997858762741089">
              <Unicode>d</Unicode>
            </TextEquiv>
          </Glyph>
          <Glyph id="w30909g7">
            <Coords points="287,302 290,302 290,337 287,337"/>
            <TextEquiv index="1" conf="0.9999334454536439">
              <Unicode>a</Unicode>
            </TextEquiv>
          </Glyph>
          <TextEquiv index="1" conf="0.9947903846374229">
            <Unicode>profunda</Unicode>
          </TextEquiv>
        </Word>
        <Word id="w30910">
          <Coords points="310,302 369,302 369,337 310,337"/>
          <Glyph id="w30910g0">
            <Coords points="310,302 310,302 310,337 310,337"/>
            <TextEquiv index="1" conf="0.9999488830566405">
              <Unicode>n</Unicode>
            </TextEquiv>
          </Glyph>
          <Glyph id="w30910g1">
            <Coords points="327,302 332,302 332,337 327,337"/>
            <TextEquiv index="1" conf="0.99991534948349">
              <Unicode>o</Unicode>
            </TextEquiv>
          </Glyph>
          <Glyph id="w30910g2">
            <Coords points="344,302 344,302 344,337 344,337"/>
            <TextEquiv index="1" conf="0.9999804019927978">
              <Unicode>c</Unicode>
            </TextEquiv>
          </Glyph>
          <Glyph id="w30910g3">
            <Coords points="352,302 355,302 355,337 352,337"/>
            <TextEquiv index="1" conf="0.9997951745986939">
              <Unicode>t</Unicode>
            </TextEquiv>
          </Glyph>
          <Glyph id="w30910g4">
            <Coords points="366,302 369,302 369,337 366,337"/>
            <TextEquiv index="1" conf="0.998525631427765">
              <Unicode>e</Unicode>
            </TextEquiv>
          </Glyph>
          <TextEquiv index="1" conf="0.9981660103653901">
            <Unicode>nocte</Unicode>
          </TextEquiv>
        </Word>
        <Word id="w30911">
          <Coords points="386,302 488,302 488,337 386,337"/>
          <Glyph id="w30911g0">
            <Coords points="386,302 389,302 389,337 386,337"/>
            <TextEquiv index="1" conf="0.9998735785484314">
              <Unicode>d</Unicode>
            </TextEquiv>
          </Glyph>
          <Glyph id="w30911g1">
            <Coords points="397,302 400,302 400,337 397,337"/>
            <TextEquiv index="1" conf="0.9999678611755372">
              <Unicode>e</Unicode>
            </TextEquiv>
          </Glyph>
          <Glyph id="w30911g2">
            <Coords points="414,302 417,302 417,337 414,337"/>
            <TextEquiv index="1" conf="0.9999916315078735">
              <Unicode>m</Unicode>
            </TextEquiv>
          </Glyph>
          <Glyph id="w30911g3">
            <Coords points="431,302 434,302 434,337 431,337"/>
            <TextEquiv index="1" conf="0.999952280521393">
              <Unicode>e</Unicode>
            </TextEquiv>
          </Glyph>
          <Glyph id="w30911g4">
            <Coords points="443,302 445,302 445,337 443,337"/>
            <TextEquiv index="1" conf="0.9983265161514282">
              <Unicode>r</Unicode>
            </TextEquiv>
          </Glyph>
          <Glyph id="w30911g5">
            <Coords points="454,302 457,302 457,337 454,337"/>
            <TextEquiv index="1" conf="0.9931821823120117">
              <Unicode>ſ</Unicode>
            </TextEquiv>
          </Glyph>
          <Glyph id="w30911g6">
            <Coords points="462,302 465,302 465,337 462,337"/>
            <TextEquiv index="1" conf="0.9999528646469116">
              <Unicode>u</Unicode>
            </TextEquiv>
          </Glyph>
          <Glyph id="w30911g7">
            <Coords points="485,302 488,302 488,337 485,337"/>
            <TextEquiv index="1" conf="0.831542718410492">
              <Unicode>m</Unicode>
            </TextEquiv>
          </Glyph>
          <TextEquiv index="1" conf="0.8242755069864115">
            <Unicode>demerſum</Unicode>
          </TextEquiv>
        </Word>
        <Word id="w30912">
          <Coords points="510,302 601,302 601,337 510,337"/>
          <Glyph id="w30912g0">
            <Coords points="510,302 516,302 516,337 510,337"/>
            <TextEquiv index="1" conf="0.9946750998497009">
              <Unicode>o</Unicode>
            </TextEquiv>
          </Glyph>
          <Glyph id="w30912g1">
            <Coords points="522,302 525,302 525,337 522,337"/>
            <TextEquiv index="1" conf="0.9989059329032898">
              <Unicode>b</Unicode>
            </TextEquiv>
          </Glyph>
          <Glyph id="w30912g2">
            <Coords points="542,302 544,302 544,337 542,337"/>
            <TextEquiv index="1" conf="0.9966395735740662">
              <Unicode>r</Unicode>
            </TextEquiv>
          </Glyph>
          <Glyph id="w30912g3">
            <Coords points="553,302 556,302 556,337 553,337"/>
            <TextEquiv index="1" conf="0.9995619535446167">
              <Unicode>u</Unicode>
            </TextEquiv>
          </Glyph>
          <Glyph id="w30912g4">
            <Coords points="573,302 573,302 573,337 573,337"/>
            <TextEquiv index="1" conf="0.99877188205719">
              <Unicode>e</Unicode>
            </TextEquiv>
          </Glyph>
          <Glyph id="w30912g5">
            <Coords points="587,302 587,302 587,337 587,337"/>
            <TextEquiv index="1" conf="0.9253720283508301">
              <Unicode>t</Unicode>
            </TextEquiv>
          </Glyph>
          <Glyph id="w30912g6">
            <Coords points="598,302 601,302 601,337 598,337"/>
            <TextEquiv index="1" conf="0.6842357166111468">
              <Unicode>.</Unicode>
            </TextEquiv>
          </Glyph>
          <TextEquiv index="1" conf="0.6259535388269538">
            <Unicode>obruet.</Unicode>
          </TextEquiv>
        </Word>
        <TextEquiv index="1" conf="0.9715875445816077">
          <Unicode>Aut te profunda nocte demerſum obruet.</Unicode>
        </TextEquiv>
      </TextLine>
      <TextLine id="r0_l013">
        <Coords points="551,359 551,358 552,357 563,357 564,356 565,356 566,355 567,355 569,353 569,351 570,350 570,349 567,345 560,345 559,345 559,340 559,339 558,339 557,338 524,338 523,338 523,334 523,333 504,333 503,333 503,331 503,330 467,330 465,332 464,332 462,334 462,336 424,336 423,335 406,335 405,336 380,336 379,336 379,332 378,330 355,330 354,331 354,335 340,335 339,336 328,336 327,337 295,337 294,336 266,336 265,336 265,334 264,333 264,332 263,330 261,332 261,336 260,337 219,337 218,336 204,336 203,337 162,337 161,336 158,336 157,337 123,337 122,337 122,336 121,335 121,334 120,332 116,332 115,331 110,331 109,330 108,330 107,331 105,331 104,332 104,349 106,350 128,350 129,351 133,351 134,350 170,350 171,351 173,351 174,350 293,350 293,351 293,358 294,358 297,358 297,351 298,350 336,350 336,351 336,356 337,356 343,356 344,355 344,352 345,351 367,351 368,350 380,350 381,349 428,349 428,350 428,354 431,356 437,356 438,355 439,355 440,354 440,352 442,350 495,350 495,351 495,358 496,358 497,358 497,353 498,352 549,352 549,353 549,359 550,359 551,359"/>
        <Word id="w30913">
          <Coords points="107,330 138,330 138,359 107,359"/>
          <Glyph id="w30913g0">
            <Coords points="107,330 107,330 107,359 107,359"/>
            <TextEquiv index="1" conf="0.8196959296862284">
              <Unicode>I</Unicode>
            </TextEquiv>
          </Glyph>
          <Glyph id="w30913g1">
            <Coords points="113,330 116,330 116,359 113,359"/>
            <TextEquiv index="1" conf="0.9755372405052185">
              <Unicode>P</Unicode>
            </TextEquiv>
          </Glyph>
          <Glyph id="w30913g2">
            <Coords points="127,330 130,330 130,359 127,359"/>
            <TextEquiv index="1" conf="0.9995895862579345">
              <Unicode>e</Unicode>
            </TextEquiv>
          </Glyph>
          <Glyph id="w30913g3">
            <Coords points="138,330 138,330 138,359 138,359"/>
            <TextEquiv index="1" conf="0.9999674558639526">
              <Unicode>r</Unicode>
            </TextEquiv>
          </Glyph>
          <TextEquiv index="1" conf="0.7992897074124178">
            <Unicode>IPer</Unicode>
          </TextEquiv>
        </Word>
        <Word id="w30914">
          <Coords points="155,330 170,330 170,359 155,359"/>
          <Glyph id="w30914g0">
            <Coords points="155,330 155,330 155,359 155,359"/>
            <TextEquiv index="1" conf="0.9972975730895997">
              <Unicode>t</Unicode>
            </TextEquiv>
          </Glyph>
          <Glyph id="w30914g1">
            <Coords points="167,330 170,330 170,359 167,359"/>
            <TextEquiv index="1" conf="0.9999483108520508">
              <Unicode>e</Unicode>
            </TextEquiv>
          </Glyph>
          <TextEquiv index="1" conf="0.9972460236277949">
            <Unicode>te</Unicode>
          </TextEquiv>
        </Word>
        <Word id="w30915">
          <Coords points="187,330 291,330 291,359 187,359"/>
          <Glyph id="w30915g0">
            <Coords points="187,330 192,330 192,359 187,359"/>
            <TextEquiv index="1" conf="0.9986973047256469">
              <Unicode>v</Unicode>
            </TextEquiv>
          </Glyph>
          <Glyph id="w30915g1">
            <Coords points="201,330 204,330 204,359 201,359"/>
            <TextEquiv index="1" conf="0.9998381733894348">
              <Unicode>e</Unicode>
            </TextEquiv>
          </Glyph>
          <Glyph id="w30915g2">
            <Coords points="215,330 215,330 215,359 215,359"/>
            <TextEquiv index="1" conf="0.999955415725708">
              <Unicode>r</Unicode>
            </TextEquiv>
          </Glyph>
          <Glyph id="w30915g3">
            <Coords points="226,330 229,330 229,359 226,359"/>
            <TextEquiv index="1" conf="0.999602174758911">
              <Unicode>e</Unicode>
            </TextEquiv>
          </Glyph>
          <Glyph id="w30915g4">
            <Coords points="238,330 238,330 238,359 238,359"/>
            <TextEquiv index="1" conf="0.9999692916870118">
              <Unicode>n</Unicode>
            </TextEquiv>
          </Glyph>
          <Glyph id="w30915g5">
            <Coords points="257,330 260,330 260,359 257,359"/>
            <TextEquiv index="1" conf="0.9878985285758971">
              <Unicode>d</Unicode>
            </TextEquiv>
          </Glyph>
          <Glyph id="w30915g6">
            <Coords points="266,330 269,330 269,359 266,359"/>
            <TextEquiv index="1" conf="0.9999655723571776">
              <Unicode>u</Unicode>
            </TextEquiv>
          </Glyph>
          <Glyph id="w30915g7">
            <Coords points="288,330 291,330 291,359 288,359"/>
            <TextEquiv index="1" conf="0.9997230172157288">
              <Unicode>m</Unicode>
            </TextEquiv>
          </Glyph>
          <TextEquiv index="1" conf="0.9856782240303249">
            <Unicode>verendum</Unicode>
          </TextEquiv>
        </Word>
        <Word id="w30916">
          <Coords points="314,330 385,330 385,359 314,359"/>
          <Glyph id="w30916g0">
            <Coords points="314,330 314,330 314,359 314,359"/>
            <TextEquiv index="1" conf="0.8514541506767274">
              <Unicode>c</Unicode>
            </TextEquiv>
          </Glyph>
          <Glyph id="w30916g1">
            <Coords points="320,330 322,330 322,359 320,359"/>
            <TextEquiv index="1" conf="0.9950489759445191">
              <Unicode>a</Unicode>
            </TextEquiv>
          </Glyph>
          <Glyph id="w30916g2">
            <Coords points="337,330 337,330 337,359 337,359"/>
            <TextEquiv index="1" conf="0.9993892908096313">
              <Unicode>p</Unicode>
            </TextEquiv>
          </Glyph>
          <Glyph id="w30916g3">
            <Coords points="351,330 351,330 351,359 351,359"/>
            <TextEquiv index="1" conf="0.9998721122741698">
              <Unicode>i</Unicode>
            </TextEquiv>
          </Glyph>
          <Glyph id="w30916g4">
            <Coords points="362,330 365,330 365,359 362,359"/>
            <TextEquiv index="1" conf="0.9984516859054566">
              <Unicode>t</Unicode>
            </TextEquiv>
          </Glyph>
          <Glyph id="w30916g5">
            <Coords points="371,330 373,330 373,359 371,359"/>
            <TextEquiv index="1" conf="0.9974558591842652">
              <Unicode>i</Unicode>
            </TextEquiv>
          </Glyph>
          <Glyph id="w30916g6">
            <Coords points="382,330 385,330 385,359 382,359"/>
            <TextEquiv index="1" conf="0.9995518684387207">
              <Unicode>s</Unicode>
            </TextEquiv>
          </Glyph>
          <TextEquiv index="1" conf="0.8427736461530599">
            <Unicode>capitis</Unicode>
          </TextEquiv>
        </Word>
        <Word id="w30917">
          <Coords points="396,330 475,330 475,359 396,359"/>
          <Glyph id="w30917g0">
            <Coords points="396,330 399,330 399,359 396,359"/>
            <TextEquiv index="1" conf="0.9962490677833558">
              <Unicode>a</Unicode>
            </TextEquiv>
          </Glyph>
          <Glyph id="w30917g1">
            <Coords points="410,330 413,330 413,359 410,359"/>
            <TextEquiv index="1" conf="0.998634672164917">
              <Unicode>u</Unicode>
            </TextEquiv>
          </Glyph>
          <Glyph id="w30917g2">
            <Coords points="430,330 433,330 433,359 430,359"/>
            <TextEquiv index="1" conf="0.9989810466766358">
              <Unicode>g</Unicode>
            </TextEquiv>
          </Glyph>
          <Glyph id="w30917g3">
            <Coords points="441,330 444,330 444,359 441,359"/>
            <TextEquiv index="1" conf="0.9993391394615174">
              <Unicode>u</Unicode>
            </TextEquiv>
          </Glyph>
          <Glyph id="w30917g4">
            <Coords points="458,330 458,330 458,359 458,359"/>
            <TextEquiv index="1" conf="0.5770950555801392">
              <Unicode>f</Unicode>
            </TextEquiv>
          </Glyph>
          <Glyph id="w30917g5">
            <Coords points="467,330 467,330 467,359 467,359"/>
            <TextEquiv index="1" conf="0.9999627351760864">
              <Unicode>t</Unicode>
            </TextEquiv>
          </Glyph>
          <Glyph id="w30917g6">
            <Coords points="475,330 475,330 475,359 475,359"/>
            <TextEquiv index="1" conf="0.9992684721946716">
              <Unicode>i</Unicode>
            </TextEquiv>
          </Glyph>
          <TextEquiv index="1" conf="0.5727407298099859">
            <Unicode>augufti</Unicode>
          </TextEquiv>
        </Word>
        <Word id="w30918">
          <Coords points="495,330 563,330 563,359 495,359"/>
          <Glyph id="w30918g0">
            <Coords points="495,330 498,330 498,359 495,359"/>
            <TextEquiv index="1" conf="0.9991539597511292">
              <Unicode>d</Unicode>
            </TextEquiv>
          </Glyph>
          <Glyph id="w30918g1">
            <Coords points="506,330 512,330 512,359 506,359"/>
            <TextEquiv index="1" conf="0.9991564631462098">
              <Unicode>e</Unicode>
            </TextEquiv>
          </Glyph>
          <Glyph id="w30918g2">
            <Coords points="521,330 523,330 523,359 521,359"/>
            <TextEquiv index="1" conf="0.9990021109580993">
              <Unicode>c</Unicode>
            </TextEquiv>
          </Glyph>
          <Glyph id="w30918g3">
            <Coords points="532,330 532,330 532,359 532,359"/>
            <TextEquiv index="1" conf="0.999739122390747">
              <Unicode>u</Unicode>
            </TextEquiv>
          </Glyph>
          <Glyph id="w30918g4">
            <Coords points="549,330 552,330 552,359 549,359"/>
            <TextEquiv index="1" conf="0.9971797108650208">
              <Unicode>s</Unicode>
            </TextEquiv>
          </Glyph>
          <Glyph id="w30918g5">
            <Coords points="557,330 563,330 563,359 557,359"/>
            <TextEquiv index="1" conf="0.993220067024231">
              <Unicode>,</Unicode>
            </TextEquiv>
          </Glyph>
          <TextEquiv index="1" conf="0.9875018736275862">
            <Unicode>decus,</Unicode>
          </TextEquiv>
        </Word>
        <TextEquiv index="1" conf="0.9786672694051369">
          <Unicode>IPer te verendum capitis augufti decus,</Unicode>
        </TextEquiv>
      </TextLine>
      <TextLine id="r0_l014">
        <Coords points="595,386 594,384 577,384 576,384 576,374 575,372 573,372 572,371 567,371 566,371 566,367 566,366 565,366 564,365 561,365 560,364 553,364 552,364 552,360 552,359 532,359 530,357 527,357 526,358 484,358 483,358 483,357 483,356 481,356 477,360 477,363 451,363 450,362 449,363 421,363 420,362 402,362 401,362 401,357 400,355 397,355 395,357 380,357 379,358 378,358 377,359 375,359 373,361 373,362 372,363 313,363 312,363 312,359 311,357 309,357 308,358 294,358 293,359 293,363 277,363 276,364 244,364 243,364 243,359 243,358 237,358 233,362 233,363 232,364 195,364 194,364 194,358 193,356 192,356 191,357 166,357 165,358 165,363 163,363 162,364 123,364 122,364 122,362 120,359 118,359 117,358 114,358 113,357 106,357 104,359 104,377 105,377 149,377 149,378 149,384 150,384 152,384 152,378 153,377 191,377 192,378 194,378 195,377 231,377 232,378 267,378 267,379 267,385 268,385 269,385 270,384 272,384 272,378 273,377 323,377 323,378 323,383 324,383 331,383 331,378 332,377 384,377 385,376 447,376 448,377 466,377 466,378 466,384 467,384 468,384 468,378 469,377 546,377 547,378 561,378 561,379 561,385 562,385 563,385 564,386 595,386"/>
        <Word id="w30919">
          <Coords points="112,355 142,355 142,386 112,386"/>
          <Glyph id="w30919g0">
            <Coords points="112,355 115,355 115,386 112,386"/>
            <TextEquiv index="1" conf="0.9977817416191102">
              <Unicode>P</Unicode>
            </TextEquiv>
          </Glyph>
          <Glyph id="w30919g1">
            <Coords points="130,355 130,355 130,386 130,386"/>
            <TextEquiv index="1" conf="0.9998687386512757">
              <Unicode>e</Unicode>
            </TextEquiv>
          </Glyph>
          <Glyph id="w30919g2">
            <Coords points="139,355 142,355 142,386 139,386"/>
            <TextEquiv index="1" conf="0.9997954726219177">
              <Unicode>r</Unicode>
            </TextEquiv>
          </Glyph>
          <TextEquiv index="1" conf="0.9974467245454479">
            <Unicode>Per</Unicode>
          </TextEquiv>
        </Word>
        <Word id="w30920">
          <Coords points="160,355 214,355 214,386 160,386"/>
          <Glyph id="w30920g0">
            <Coords points="160,355 166,355 166,386 160,386"/>
            <TextEquiv index="1" conf="0.9988450288772583">
              <Unicode>d</Unicode>
            </TextEquiv>
          </Glyph>
          <Glyph id="w30920g1">
            <Coords points="172,355 175,355 175,386 172,386"/>
            <TextEquiv index="1" conf="0.999589955806732">
              <Unicode>u</Unicode>
            </TextEquiv>
          </Glyph>
          <Glyph id="w30920g2">
            <Coords points="190,355 190,355 190,386 190,386"/>
            <TextEquiv index="1" conf="0.9998974919319153">
              <Unicode>l</Unicode>
            </TextEquiv>
          </Glyph>
          <Glyph id="w30920g3">
            <Coords points="202,355 202,355 202,386 202,386"/>
            <TextEquiv index="1" conf="0.9984833240509032">
              <Unicode>c</Unicode>
            </TextEquiv>
          </Glyph>
          <Glyph id="w30920g4">
            <Coords points="214,355 214,355 214,386 214,386"/>
            <TextEquiv index="1" conf="0.9973349571228027">
              <Unicode>e</Unicode>
            </TextEquiv>
          </Glyph>
          <TextEquiv index="1" conf="0.9941623974886766">
            <Unicode>dulce</Unicode>
          </TextEquiv>
        </Word>
        <Word id="w30921">
          <Coords points="232,355 238,355 238,386 232,386"/>
          <Glyph id="w30921g0">
            <Coords points="232,355 232,355 232,386 232,386"/>
            <TextEquiv index="1" conf="0.999509608745575">
              <Unicode>ſ</Unicode>
            </TextEquiv>
          </Glyph>
          <Glyph id="w30921g1">
            <Coords points="238,355 238,355 238,386 238,386"/>
            <TextEquiv index="1" conf="0.9910245418548584">
              <Unicode>i</Unicode>
            </TextEquiv>
          </Glyph>
          <TextEquiv index="1" conf="0.9905385520866123">
            <Unicode>ſi</Unicode>
          </TextEquiv>
        </Word>
        <Word id="w30922">
          <Coords points="262,355 307,355 307,386 262,386"/>
          <Glyph id="w30922g0">
            <Coords points="262,355 268,355 268,386 262,386"/>
            <TextEquiv index="1" conf="0.9993276953697204">
              <Unicode>q</Unicode>
            </TextEquiv>
          </Glyph>
          <Glyph id="w30922g1">
            <Coords points="277,355 277,355 277,386 277,386"/>
            <TextEquiv index="1" conf="0.9997129440307617">
              <Unicode>u</Unicode>
            </TextEquiv>
          </Glyph>
          <Glyph id="w30922g2">
            <Coords points="292,355 292,355 292,386 292,386"/>
            <TextEquiv index="1" conf="0.9998940110206604">
              <Unicode>i</Unicode>
            </TextEquiv>
          </Glyph>
          <Glyph id="w30922g3">
            <Coords points="304,355 307,355 307,386 304,386"/>
            <TextEquiv index="1" conf="0.9999231696128845">
              <Unicode>d</Unicode>
            </TextEquiv>
          </Glyph>
          <TextEquiv index="1" conf="0.9988581965128629">
            <Unicode>quid</Unicode>
          </TextEquiv>
        </Word>
        <Word id="w30923">
          <Coords points="325,355 397,355 397,386 325,386"/>
          <Glyph id="w30923g0">
            <Coords points="325,355 325,355 325,386 325,386"/>
            <TextEquiv index="1" conf="0.9979002714157104">
              <Unicode>p</Unicode>
            </TextEquiv>
          </Glyph>
          <Glyph id="w30923g1">
            <Coords points="340,355 343,355 343,386 340,386"/>
            <TextEquiv index="1" conf="0.9994429469108581">
              <Unicode>r</Unicode>
            </TextEquiv>
          </Glyph>
          <Glyph id="w30923g2">
            <Coords points="361,355 361,355 361,386 361,386"/>
            <TextEquiv index="1" conf="0.9995315790176391">
              <Unicode>æ</Unicode>
            </TextEquiv>
          </Glyph>
          <Glyph id="w30923g3">
            <Coords points="370,355 373,355 373,386 370,386"/>
            <TextEquiv index="1" conf="0.9914881467819213">
              <Unicode>ſ</Unicode>
            </TextEquiv>
          </Glyph>
          <Glyph id="w30923g4">
            <Coords points="379,355 382,355 382,386 379,386"/>
            <TextEquiv index="1" conf="0.9989948749542236">
              <Unicode>u</Unicode>
            </TextEquiv>
          </Glyph>
          <Glyph id="w30923g5">
            <Coords points="397,355 397,355 397,386 397,386"/>
            <TextEquiv index="1" conf="0.9982300400733948">
              <Unicode>l</Unicode>
            </TextEquiv>
          </Glyph>
          <TextEquiv index="1" conf="0.9856508252175719">
            <Unicode>præſul</Unicode>
          </TextEquiv>
        </Word>
        <Word id="w30924">
          <Coords points="415,355 430,355 430,386 415,386"/>
          <Glyph id="w30924g0">
            <Coords points="415,355 418,355 418,386 415,386"/>
            <TextEquiv index="1" conf="0.9999453067779541">
              <Unicode>e</Unicode>
            </TextEquiv>
          </Glyph>
          <Glyph id="w30924g1">
            <Coords points="427,355 430,355 430,386 427,386"/>
            <TextEquiv index="1" conf="0.997878682613373">
              <Unicode>x</Unicode>
            </TextEquiv>
          </Glyph>
          <TextEquiv index="1" conf="0.9978241054130099">
            <Unicode>ex</Unicode>
          </TextEquiv>
        </Word>
        <Word id="w30925">
          <Coords points="448,355 505,355 505,386 448,386"/>
          <Glyph id="w30925g0">
            <Coords points="448,355 448,355 448,386 448,386"/>
            <TextEquiv index="1" conf="0.9998709082603454">
              <Unicode>n</Unicode>
            </TextEquiv>
          </Glyph>
          <Glyph id="w30925g1">
            <Coords points="466,355 469,355 469,386 466,386"/>
            <TextEquiv index="1" conf="0.9995202183723451">
              <Unicode>o</Unicode>
            </TextEquiv>
          </Glyph>
          <Glyph id="w30925g2">
            <Coords points="478,355 478,355 478,386 478,386"/>
            <TextEquiv index="1" conf="0.9999967336654663">
              <Unicode>b</Unicode>
            </TextEquiv>
          </Glyph>
          <Glyph id="w30925g3">
            <Coords points="493,355 493,355 493,386 493,386"/>
            <TextEquiv index="1" conf="0.9999424695968627">
              <Unicode>i</Unicode>
            </TextEquiv>
          </Glyph>
          <Glyph id="w30925g4">
            <Coords points="505,355 505,355 505,386 505,386"/>
            <TextEquiv index="1" conf="0.9999549865722657">
              <Unicode>s</Unicode>
            </TextEquiv>
          </Glyph>
          <TextEquiv index="1" conf="0.9992854457443626">
            <Unicode>nobis</Unicode>
          </TextEquiv>
        </Word>
        <Word id="w30926">
          <Coords points="520,355 571,355 571,386 520,386"/>
          <Glyph id="w30926g0">
            <Coords points="520,355 523,355 523,386 520,386"/>
            <TextEquiv index="1" conf="0.9985850811004638">
              <Unicode>f</Unicode>
            </TextEquiv>
          </Glyph>
          <Glyph id="w30926g1">
            <Coords points="529,355 532,355 532,386 529,386"/>
            <TextEquiv index="1" conf="0.9995407938957214">
              <Unicode>u</Unicode>
            </TextEquiv>
          </Glyph>
          <Glyph id="w30926g2">
            <Coords points="547,355 547,355 547,386 547,386"/>
            <TextEquiv index="1" conf="0.9999152064323424">
              <Unicode>i</Unicode>
            </TextEquiv>
          </Glyph>
          <Glyph id="w30926g3">
            <Coords points="556,355 559,355 559,386 556,386"/>
            <TextEquiv index="1" conf="0.9757395029067993">
              <Unicode>t</Unicode>
            </TextEquiv>
          </Glyph>
          <Glyph id="w30926g4">
            <Coords points="568,355 571,355 571,386 568,386"/>
            <TextEquiv index="1" conf="0.9697359085083008">
              <Unicode>,</Unicode>
            </TextEquiv>
          </Glyph>
          <TextEquiv index="1" conf="0.9443568507988106">
            <Unicode>fuit,</Unicode>
          </TextEquiv>
        </Word>
        <TextEquiv index="1" conf="0.9974377855276446">
          <Unicode>Per dulce ſi quid præſul ex nobis fuit,</Unicode>
        </TextEquiv>
      </TextLine>
      <TextLine id="r0_l015">
        <Coords points="549,411 550,410 550,406 551,405 593,405 594,404 594,388 595,387 595,386 564,386 563,385 561,385 560,386 560,391 535,391 534,390 477,390 476,389 470,389 469,389 469,385 469,384 459,384 458,383 440,383 439,384 439,388 412,388 411,388 411,387 410,386 410,385 409,383 408,383 407,382 395,382 394,383 393,383 392,384 392,390 386,390 385,391 334,391 333,390 311,390 310,389 309,389 308,390 307,390 306,391 263,391 262,390 250,390 249,391 173,391 172,390 157,390 156,390 156,389 155,388 155,387 153,384 150,384 149,385 149,390 125,390 120,385 119,385 118,384 113,384 111,386 109,386 108,387 107,387 104,390 104,392 103,393 103,396 104,397 104,398 109,402 111,402 112,403 114,403 115,404 116,404 117,405 118,405 119,406 121,406 123,408 136,408 136,405 137,404 184,404 185,405 186,405 187,404 216,404 217,405 218,405 219,404 280,404 281,405 311,405 312,404 411,404 412,403 454,403 455,404 541,404 541,405 541,410 542,410 543,410 544,411 549,411"/>
        <Word id="w30927">
          <Coords points="115,382 152,382 152,411 115,411"/>
          <Glyph id="w30927g0">
            <Coords points="115,382 118,382 118,411 115,411"/>
            <TextEquiv index="1" conf="0.9993927597999573">
              <Unicode>Q</Unicode>
            </TextEquiv>
          </Glyph>
          <Glyph id="w30927g1">
            <Coords points="129,382 129,382 129,411 129,411"/>
            <TextEquiv index="1" conf="0.9997805237770081">
              <Unicode>u</Unicode>
            </TextEquiv>
          </Glyph>
          <Glyph id="w30927g2">
            <Coords points="146,382 152,382 152,411 146,411"/>
            <TextEquiv index="1" conf="0.9368967533111572">
              <Unicode>ò</Unicode>
            </TextEquiv>
          </Glyph>
          <TextEquiv index="1" conf="0.936122330243221">
            <Unicode>Quò</Unicode>
          </TextEquiv>
        </Word>
        <Word id="w30928">
          <Coords points="166,382 183,382 183,411 166,411"/>
          <Glyph id="w30928g0">
            <Coords points="166,382 169,382 169,411 166,411"/>
            <TextEquiv index="1" conf="0.9665391087532044">
              <Unicode>t</Unicode>
            </TextEquiv>
          </Glyph>
          <Glyph id="w30928g1">
            <Coords points="180,382 183,382 183,411 180,411"/>
            <TextEquiv index="1" conf="0.9996835112571716">
              <Unicode>e</Unicode>
            </TextEquiv>
          </Glyph>
          <TextEquiv index="1" conf="0.9662332100057806">
            <Unicode>te</Unicode>
          </TextEquiv>
        </Word>
        <Word id="w30929">
          <Coords points="203,382 279,382 279,411 203,411"/>
          <Glyph id="w30929g0">
            <Coords points="203,382 203,382 203,411 203,411"/>
            <TextEquiv index="1" conf="0.6787536263465882">
              <Unicode>t</Unicode>
            </TextEquiv>
          </Glyph>
          <Glyph id="w30929g1">
            <Coords points="211,382 214,382 214,411 211,411"/>
            <TextEquiv index="1" conf="0.9989670991897583">
              <Unicode>u</Unicode>
            </TextEquiv>
          </Glyph>
          <Glyph id="w30929g2">
            <Coords points="231,382 237,382 237,411 231,411"/>
            <TextEquiv index="1" conf="0.9956521391868591">
              <Unicode>o</Unicode>
            </TextEquiv>
          </Glyph>
          <Glyph id="w30929g3">
            <Coords points="245,382 248,382 248,411 245,411"/>
            <TextEquiv index="1" conf="0.9986281752586366">
              <Unicode>r</Unicode>
            </TextEquiv>
          </Glyph>
          <Glyph id="w30929g4">
            <Coords points="257,382 259,382 259,411 257,411"/>
            <TextEquiv index="1" conf="0.9775585532188416">
              <Unicode>u</Unicode>
            </TextEquiv>
          </Glyph>
          <Glyph id="w30929g5">
            <Coords points="279,382 279,382 279,411 279,411"/>
            <TextEquiv index="1" conf="0.9999954700469971">
              <Unicode>m</Unicode>
            </TextEquiv>
          </Glyph>
          <TextEquiv index="1" conf="0.659045815341943">
            <Unicode>tuorum</Unicode>
          </TextEquiv>
        </Word>
        <Word id="w30930">
          <Coords points="305,382 336,382 336,411 305,411"/>
          <Glyph id="w30930g0">
            <Coords points="305,382 307,382 307,411 305,411"/>
            <TextEquiv index="1" conf="0.9906984448432922">
              <Unicode>t</Unicode>
            </TextEquiv>
          </Glyph>
          <Glyph id="w30930g1">
            <Coords points="313,382 316,382 316,411 313,411"/>
            <TextEquiv index="1" conf="0.9993001341819764">
              <Unicode>a</Unicode>
            </TextEquiv>
          </Glyph>
          <Glyph id="w30930g2">
            <Coords points="336,382 336,382 336,411 336,411"/>
            <TextEquiv index="1" conf="0.9999902486801148">
              <Unicode>m</Unicode>
            </TextEquiv>
          </Glyph>
          <TextEquiv index="1" conf="0.9899954350094676">
            <Unicode>tam</Unicode>
          </TextEquiv>
        </Word>
        <Word id="w30931">
          <Coords points="364,382 407,382 407,411 364,411"/>
          <Glyph id="w30931g0">
            <Coords points="364,382 367,382 367,411 364,411"/>
            <TextEquiv index="1" conf="0.9999906301498412">
              <Unicode>m</Unicode>
            </TextEquiv>
          </Glyph>
          <Glyph id="w30931g1">
            <Coords points="376,382 381,382 381,411 376,411"/>
            <TextEquiv index="1" conf="0.9999475479125977">
              <Unicode>a</Unicode>
            </TextEquiv>
          </Glyph>
          <Glyph id="w30931g2">
            <Coords points="393,382 393,382 393,411 393,411"/>
            <TextEquiv index="1" conf="0.9858557343482971">
              <Unicode>l</Unicode>
            </TextEquiv>
          </Glyph>
          <Glyph id="w30931g3">
            <Coords points="404,382 407,382 407,411 404,411"/>
            <TextEquiv index="1" conf="0.999199104309082">
              <Unicode>è</Unicode>
            </TextEquiv>
          </Glyph>
          <TextEquiv index="1" conf="0.9850052685238657">
            <Unicode>malè</Unicode>
          </TextEquiv>
        </Word>
        <Word id="w30932">
          <Coords points="427,382 503,382 503,411 427,411"/>
          <Glyph id="w30932g0">
            <Coords points="427,382 429,382 429,411 427,411"/>
            <TextEquiv index="1" conf="0.9991217851638794">
              <Unicode>o</Unicode>
            </TextEquiv>
          </Glyph>
          <Glyph id="w30932g1">
            <Coords points="438,382 438,382 438,411 438,411"/>
            <TextEquiv index="1" conf="0.9998699188232422">
              <Unicode>b</Unicode>
            </TextEquiv>
          </Glyph>
          <Glyph id="w30932g2">
            <Coords points="452,382 455,382 455,411 452,411"/>
            <TextEquiv index="1" conf="0.9564293146133424">
              <Unicode>l</Unicode>
            </TextEquiv>
          </Glyph>
          <Glyph id="w30932g3">
            <Coords points="461,382 463,382 463,411 461,411"/>
            <TextEquiv index="1" conf="0.9998482942581177">
              <Unicode>i</Unicode>
            </TextEquiv>
          </Glyph>
          <Glyph id="w30932g4">
            <Coords points="475,382 475,382 475,411 475,411"/>
            <TextEquiv index="1" conf="0.6962997272610664">
              <Unicode>t</Unicode>
            </TextEquiv>
          </Glyph>
          <Glyph id="w30932g5">
            <Coords points="483,382 486,382 486,411 483,411"/>
            <TextEquiv index="1" conf="0.9999680995941163">
              <Unicode>u</Unicode>
            </TextEquiv>
          </Glyph>
          <Glyph id="w30932g6">
            <Coords points="500,382 503,382 503,411 500,411"/>
            <TextEquiv index="1" conf="0.9976818799972534">
              <Unicode>s</Unicode>
            </TextEquiv>
          </Glyph>
          <TextEquiv index="1" conf="0.6636259735239847">
            <Unicode>oblitus</Unicode>
          </TextEquiv>
        </Word>
        <Word id="w30933">
          <Coords points="517,382 557,382 557,411 517,411"/>
          <Glyph id="w30933g0">
            <Coords points="517,382 520,382 520,411 517,411"/>
            <TextEquiv index="1" conf="0.9807301759719849">
              <Unicode>r</Unicode>
            </TextEquiv>
          </Glyph>
          <Glyph id="w30933g1">
            <Coords points="526,382 528,382 528,411 526,411"/>
            <TextEquiv index="1" conf="0.9999519824981689">
              <Unicode>a</Unicode>
            </TextEquiv>
          </Glyph>
          <Glyph id="w30933g2">
            <Coords points="543,382 543,382 543,411 543,411"/>
            <TextEquiv index="1" conf="0.9987135052680969">
              <Unicode>p</Unicode>
            </TextEquiv>
          </Glyph>
          <Glyph id="w30933g3">
            <Coords points="557,382 557,382 557,411 557,411"/>
            <TextEquiv index="1" conf="0.99733806848526">
              <Unicode>i</Unicode>
            </TextEquiv>
          </Glyph>
          <TextEquiv index="1" conf="0.9768142873403264">
            <Unicode>rapi</Unicode>
          </TextEquiv>
        </Word>
        <Word id="w30934">
          <Coords points="571,382 588,382 588,411 571,411"/>
          <Glyph id="w30934g0">
            <Coords points="571,382 588,382 588,411 571,411"/>
            <TextEquiv index="1" conf="0.41809320499305613">
              <Unicode>s</Unicode>
            </TextEquiv>
          </Glyph>
          <TextEquiv index="1" conf="0.41809320499305613">
            <Unicode>s</Unicode>
          </TextEquiv>
        </Word>
        <TextEquiv index="1" conf="0.942880990107802">
          <Unicode>Quò te tuorum tam malè oblitus rapi s</Unicode>
        </TextEquiv>
      </TextLine>
      <TextLine id="r0_l016">
        <Coords points="579,439 580,438 581,438 582,437 583,437 586,434 586,433 587,432 587,431 588,430 588,425 587,424 587,423 586,422 586,421 584,419 584,418 584,417 583,417 581,415 525,415 522,412 520,412 519,411 508,411 507,412 507,416 402,416 401,417 234,417 233,417 233,412 233,411 111,411 110,412 109,412 108,413 107,413 106,414 105,414 104,415 104,425 103,426 103,427 102,428 102,430 104,431 167,431 170,434 182,434 182,435 182,438 184,439 187,439 188,438 188,433 189,432 350,432 350,433 350,437 352,438 358,438 360,436 361,436 361,435 362,434 362,432 363,431 377,431 534,431 535,432 576,432 576,433 576,438 578,439 579,439"/>
        <Word id="w30935">
          <Coords points="108,411 122,411 122,439 108,439"/>
          <Glyph id="w30935g0">
            <Coords points="108,411 114,411 114,439 108,439"/>
            <TextEquiv index="1" conf="0.9954002499580382">
              <Unicode>S</Unicode>
            </TextEquiv>
          </Glyph>
          <Glyph id="w30935g1">
            <Coords points="122,411 122,411 122,439 122,439"/>
            <TextEquiv index="1" conf="0.993387794494629">
              <Unicode>i</Unicode>
            </TextEquiv>
          </Glyph>
          <TextEquiv index="1" conf="0.988818458945218">
            <Unicode>Si</Unicode>
          </TextEquiv>
        </Word>
        <Word id="w30936">
          <Coords points="139,411 153,411 153,439 139,439"/>
          <Glyph id="w30936g0">
            <Coords points="139,411 142,411 142,439 139,439"/>
            <TextEquiv index="1" conf="0.9987832903862">
              <Unicode>t</Unicode>
            </TextEquiv>
          </Glyph>
          <Glyph id="w30936g1">
            <Coords points="151,411 153,411 153,439 151,439"/>
            <TextEquiv index="1" conf="0.9997635126113892">
              <Unicode>e</Unicode>
            </TextEquiv>
          </Glyph>
          <TextEquiv index="1" conf="0.9985470907340684">
            <Unicode>te</Unicode>
          </TextEquiv>
        </Word>
        <Word id="w30937">
          <Coords points="162,411 227,411 227,439 162,439"/>
          <Glyph id="w30937g0">
            <Coords points="162,411 165,411 165,439 162,439"/>
            <TextEquiv index="1" conf="0.8113172650337219">
              <Unicode>(</Unicode>
            </TextEquiv>
          </Glyph>
          <Glyph id="w30937g1">
            <Coords points="176,411 182,411 182,439 176,439"/>
            <TextEquiv index="1" conf="0.999881660938263">
              <Unicode>q</Unicode>
            </TextEquiv>
          </Glyph>
          <Glyph id="w30937g2">
            <Coords points="190,411 193,411 193,439 190,439"/>
            <TextEquiv index="1" conf="0.9999474525451659">
              <Unicode>u</Unicode>
            </TextEquiv>
          </Glyph>
          <Glyph id="w30937g3">
            <Coords points="210,411 213,411 213,439 210,439"/>
            <TextEquiv index="1" conf="0.9994893550872803">
              <Unicode>o</Unicode>
            </TextEquiv>
          </Glyph>
          <Glyph id="w30937g4">
            <Coords points="224,411 227,411 227,439 224,439"/>
            <TextEquiv index="1" conf="0.9999812126159668">
              <Unicode>d</Unicode>
            </TextEquiv>
          </Glyph>
          <TextEquiv index="1" conf="0.8107491705162497">
            <Unicode>(quod</Unicode>
          </TextEquiv>
        </Word>
        <Word id="w30938">
          <Coords points="244,411 295,411 295,439 244,439"/>
          <Glyph id="w30938g0">
            <Coords points="244,411 250,411 250,439 244,439"/>
            <TextEquiv index="1" conf="0.9988308548927308">
              <Unicode>o</Unicode>
            </TextEquiv>
          </Glyph>
          <Glyph id="w30938g1">
            <Coords points="264,411 267,411 267,439 264,439"/>
            <TextEquiv index="1" conf="0.999779462814331">
              <Unicode>m</Unicode>
            </TextEquiv>
          </Glyph>
          <Glyph id="w30938g2">
            <Coords points="284,411 284,411 284,439 284,439"/>
            <TextEquiv index="1" conf="0.9996820211410524">
              <Unicode>e</Unicode>
            </TextEquiv>
          </Glyph>
          <Glyph id="w30938g3">
            <Coords points="292,411 295,411 295,439 292,439"/>
            <TextEquiv index="1" conf="0.999951410293579">
              <Unicode>n</Unicode>
            </TextEquiv>
          </Glyph>
          <TextEquiv index="1" conf="0.9982445317300255">
            <Unicode>omen</Unicode>
          </TextEquiv>
        </Word>
        <Word id="w30939">
          <Coords points="321,411 400,411 400,439 321,439"/>
          <Glyph id="w30939g0">
            <Coords points="321,411 323,411 323,439 321,439"/>
            <TextEquiv index="1" conf="0.9978540062904357">
              <Unicode>m</Unicode>
            </TextEquiv>
          </Glyph>
          <Glyph id="w30939g1">
            <Coords points="335,411 337,411 337,439 335,439"/>
            <TextEquiv index="1" conf="0.9995032787322997">
              <Unicode>a</Unicode>
            </TextEquiv>
          </Glyph>
          <Glyph id="w30939g2">
            <Coords points="352,411 354,411 354,439 352,439"/>
            <TextEquiv index="1" conf="0.9290367245674132">
              <Unicode>g</Unicode>
            </TextEquiv>
          </Glyph>
          <Glyph id="w30939g3">
            <Coords points="363,411 366,411 366,439 363,439"/>
            <TextEquiv index="1" conf="0.999515950679779">
              <Unicode>n</Unicode>
            </TextEquiv>
          </Glyph>
          <Glyph id="w30939g4">
            <Coords points="380,411 383,411 383,439 380,439"/>
            <TextEquiv index="1" conf="0.9983182430267334">
              <Unicode>u</Unicode>
            </TextEquiv>
          </Glyph>
          <Glyph id="w30939g5">
            <Coords points="397,411 400,411 400,439 397,439"/>
            <TextEquiv index="1" conf="0.9958433747291564">
              <Unicode>s</Unicode>
            </TextEquiv>
          </Glyph>
          <TextEquiv index="1" conf="0.920733373608247">
            <Unicode>magnus</Unicode>
          </TextEquiv>
        </Word>
        <Word id="w30940">
          <Coords points="411,411 493,411 493,439 411,439"/>
          <Glyph id="w30940g0">
            <Coords points="411,411 414,411 414,439 411,439"/>
            <TextEquiv index="1" conf="0.9990991473197938">
              <Unicode>a</Unicode>
            </TextEquiv>
          </Glyph>
          <Glyph id="w30940g1">
            <Coords points="425,411 428,411 428,439 425,439"/>
            <TextEquiv index="1" conf="0.9997952342033386">
              <Unicode>u</Unicode>
            </TextEquiv>
          </Glyph>
          <Glyph id="w30940g2">
            <Coords points="445,411 448,411 448,439 445,439"/>
            <TextEquiv index="1" conf="0.9989718079566956">
              <Unicode>e</Unicode>
            </TextEquiv>
          </Glyph>
          <Glyph id="w30940g3">
            <Coords points="456,411 459,411 459,439 456,439"/>
            <TextEquiv index="1" conf="0.9999632835388184">
              <Unicode>r</Unicode>
            </TextEquiv>
          </Glyph>
          <Glyph id="w30940g4">
            <Coords points="468,411 471,411 471,439 468,439"/>
            <TextEquiv index="1" conf="0.9997344493865967">
              <Unicode>t</Unicode>
            </TextEquiv>
          </Glyph>
          <Glyph id="w30940g5">
            <Coords points="476,411 479,411 479,439 476,439"/>
            <TextEquiv index="1" conf="0.9999307990074158">
              <Unicode>a</Unicode>
            </TextEquiv>
          </Glyph>
          <Glyph id="w30940g6">
            <Coords points="490,411 493,411 493,439 490,439"/>
            <TextEquiv index="1" conf="0.999693775177002">
              <Unicode>t</Unicode>
            </TextEquiv>
          </Glyph>
          <TextEquiv index="1" conf="0.9971914069268634">
            <Unicode>auertat</Unicode>
          </TextEquiv>
        </Word>
        <Word id="w30941">
          <Coords points="513,411 581,411 581,439 513,439"/>
          <Glyph id="w30941g0">
            <Coords points="513,411 519,411 519,439 513,439"/>
            <TextEquiv index="1" conf="0.9998620152473451">
              <Unicode>D</Unicode>
            </TextEquiv>
          </Glyph>
          <Glyph id="w30941g1">
            <Coords points="530,411 533,411 533,439 530,439"/>
            <TextEquiv index="1" conf="0.998721468448639">
              <Unicode>e</Unicode>
            </TextEquiv>
          </Glyph>
          <Glyph id="w30941g2">
            <Coords points="541,411 544,411 544,439 541,439"/>
            <TextEquiv index="1" conf="0.9832331895828248">
              <Unicode>u</Unicode>
            </TextEquiv>
          </Glyph>
          <Glyph id="w30941g3">
            <Coords points="561,411 561,411 561,439 561,439"/>
            <TextEquiv index="1" conf="0.9997667670249939">
              <Unicode>s</Unicode>
            </TextEquiv>
          </Glyph>
          <Glyph id="w30941g4">
            <Coords points="573,411 581,411 581,439 573,439"/>
            <TextEquiv index="1" conf="0.9241393446922301">
              <Unicode>)</Unicode>
            </TextEquiv>
          </Glyph>
          <TextEquiv index="1" conf="0.9071459003925323">
            <Unicode>Deus)</Unicode>
          </TextEquiv>
        </Word>
        <TextEquiv index="1" conf="0.9793012619849195">
          <Unicode>Si te (quod omen magnus auertat Deus)</Unicode>
        </TextEquiv>
      </TextLine>
      <TextLine id="r0_l017">
        <Coords points="213,466 213,460 214,459 235,459 236,458 323,458 323,459 323,465 324,465 341,465 341,459 342,458 409,458 409,459 409,462 410,462 417,462 417,458 418,457 459,457 460,458 478,458 478,459 478,465 479,465 479,459 480,458 538,458 538,459 538,461 540,462 541,462 542,461 543,461 543,460 545,458 545,455 543,452 534,452 533,452 533,446 533,445 525,445 524,444 436,444 435,443 400,443 399,444 329,444 328,443 287,443 286,443 286,440 285,438 248,438 247,439 247,444 226,444 225,445 162,445 161,444 134,444 133,443 120,443 118,442 118,440 118,439 116,439 112,443 112,446 111,447 111,449 110,450 110,451 108,453 108,454 107,455 106,455 104,457 104,458 106,459 134,459 135,458 189,458 189,459 189,466 190,466 213,466"/>
        <Word id="w30942">
          <Coords points="106,438 183,438 183,466 106,466"/>
          <Glyph id="w30942g0">
            <Coords points="106,438 111,438 111,466 106,466"/>
            <TextEquiv index="1" conf="0.9999732732772828">
              <Unicode>A</Unicode>
            </TextEquiv>
          </Glyph>
          <Glyph id="w30942g1">
            <Coords points="127,438 127,438 127,466 127,466"/>
            <TextEquiv index="1" conf="0.9817755222320557">
              <Unicode>t</Unicode>
            </TextEquiv>
          </Glyph>
          <Glyph id="w30942g2">
            <Coords points="138,438 141,438 141,466 138,466"/>
            <TextEquiv index="1" conf="0.7416886925697328">
              <Unicode>r</Unicode>
            </TextEquiv>
          </Glyph>
          <Glyph id="w30942g3">
            <Coords points="154,438 157,438 157,466 154,466"/>
            <TextEquiv index="1" conf="0.37691451124846936">
              <Unicode>O</Unicode>
            </TextEquiv>
          </Glyph>
          <Glyph id="w30942g4">
            <Coords points="170,438 170,438 170,466 170,466"/>
            <TextEquiv index="1" conf="0.9880130529403687">
              <Unicode>c</Unicode>
            </TextEquiv>
          </Glyph>
          <Glyph id="w30942g5">
            <Coords points="183,438 183,438 183,466 183,466"/>
            <TextEquiv index="1" conf="0.9160774230957031">
              <Unicode>e</Unicode>
            </TextEquiv>
          </Glyph>
          <TextEquiv index="1" conf="0.2484047927883263">
            <Unicode>AtrOce</Unicode>
          </TextEquiv>
        </Word>
        <Word id="w30943">
          <Coords points="199,438 253,438 253,466 199,466"/>
          <Glyph id="w30943g0">
            <Coords points="199,438 202,438 202,466 199,466"/>
            <TextEquiv index="1" conf="0.9723681062459946">
              <Unicode>c</Unicode>
            </TextEquiv>
          </Glyph>
          <Glyph id="w30943g1">
            <Coords points="210,438 213,438 213,466 210,466"/>
            <TextEquiv index="1" conf="0.9792637944221497">
              <Unicode>r</Unicode>
            </TextEquiv>
          </Glyph>
          <Glyph id="w30943g2">
            <Coords points="223,438 223,438 223,466 223,466"/>
            <TextEquiv index="1" conf="0.9979140281677246">
              <Unicode>u</Unicode>
            </TextEquiv>
          </Glyph>
          <Glyph id="w30943g3">
            <Coords points="242,438 245,438 245,466 242,466"/>
            <TextEquiv index="1" conf="0.9996605992317199">
              <Unicode>d</Unicode>
            </TextEquiv>
          </Glyph>
          <Glyph id="w30943g4">
            <Coords points="250,438 253,438 253,466 250,466"/>
            <TextEquiv index="1" conf="0.9980138540267944">
              <Unicode>a</Unicode>
            </TextEquiv>
          </Glyph>
          <TextEquiv index="1" conf="0.9480094714892041">
            <Unicode>cruda</Unicode>
          </TextEquiv>
        </Word>
        <Word id="w30944">
          <Coords points="274,438 306,438 306,466 274,466"/>
          <Glyph id="w30944g0">
            <Coords points="274,438 274,438 274,466 274,466"/>
            <TextEquiv index="1" conf="0.9990141272544861">
              <Unicode>f</Unicode>
            </TextEquiv>
          </Glyph>
          <Glyph id="w30944g1">
            <Coords points="279,438 282,438 282,466 279,466"/>
            <TextEquiv index="1" conf="0.9998155593872071">
              <Unicode>a</Unicode>
            </TextEquiv>
          </Glyph>
          <Glyph id="w30944g2">
            <Coords points="295,438 298,438 298,466 295,466"/>
            <TextEquiv index="1" conf="0.9994833469390868">
              <Unicode>t</Unicode>
            </TextEquiv>
          </Glyph>
          <Glyph id="w30944g3">
            <Coords points="303,438 306,438 306,466 303,466"/>
            <TextEquiv index="1" conf="0.9997642278671265">
              <Unicode>a</Unicode>
            </TextEquiv>
          </Glyph>
          <TextEquiv index="1" conf="0.9980784453891757">
            <Unicode>fata</Unicode>
          </TextEquiv>
        </Word>
        <Word id="w30945">
          <Coords points="324,438 455,438 455,466 324,466"/>
          <Glyph id="w30945g0">
            <Coords points="324,438 324,438 324,466 324,466"/>
            <TextEquiv index="1" conf="0.9564383625984192">
              <Unicode>p</Unicode>
            </TextEquiv>
          </Glyph>
          <Glyph id="w30945g1">
            <Coords points="340,438 343,438 343,466 340,466"/>
            <TextEquiv index="1" conf="0.9904021501541138">
              <Unicode>r</Unicode>
            </TextEquiv>
          </Glyph>
          <Glyph id="w30945g2">
            <Coords points="359,438 362,438 362,466 359,466"/>
            <TextEquiv index="1" conf="0.9996145486831665">
              <Unicode>æ</Unicode>
            </TextEquiv>
          </Glyph>
          <Glyph id="w30945g3">
            <Coords points="372,438 375,438 375,466 372,466"/>
            <TextEquiv index="1" conf="0.9720905900001526">
              <Unicode>c</Unicode>
            </TextEquiv>
          </Glyph>
          <Glyph id="w30945g4">
            <Coords points="386,438 388,438 388,466 386,466"/>
            <TextEquiv index="1" conf="0.999639916419983">
              <Unicode>e</Unicode>
            </TextEquiv>
          </Glyph>
          <Glyph id="w30945g5">
            <Coords points="396,438 399,438 399,466 396,466"/>
            <TextEquiv index="1" conf="0.9991486191749572">
              <Unicode>r</Unicode>
            </TextEquiv>
          </Glyph>
          <Glyph id="w30945g6">
            <Coords points="407,438 410,438 410,466 407,466"/>
            <TextEquiv index="1" conf="0.9962603211402893">
              <Unicode>p</Unicode>
            </TextEquiv>
          </Glyph>
          <Glyph id="w30945g7">
            <Coords points="423,438 426,438 426,466 423,466"/>
            <TextEquiv index="1" conf="0.9998686075210572">
              <Unicode>u</Unicode>
            </TextEquiv>
          </Glyph>
          <Glyph id="w30945g8">
            <Coords points="439,438 439,438 439,466 439,466"/>
            <TextEquiv index="1" conf="0.9949326515197755">
              <Unicode>n</Unicode>
            </TextEquiv>
          </Glyph>
          <Glyph id="w30945g9">
            <Coords points="455,438 455,438 455,466 455,466"/>
            <TextEquiv index="1" conf="0.999033510684967">
              <Unicode>t</Unicode>
            </TextEquiv>
          </Glyph>
          <TextEquiv index="1" conf="0.9102717357508838">
            <Unicode>præcerpunt</Unicode>
          </TextEquiv>
        </Word>
        <Word id="w30946">
          <Coords points="476,438 538,438 538,466 476,466"/>
          <Glyph id="w30946g0">
            <Coords points="476,438 479,438 479,466 476,466"/>
            <TextEquiv index="1" conf="0.9998762965202332">
              <Unicode>m</Unicode>
            </TextEquiv>
          </Glyph>
          <Glyph id="w30946g1">
            <Coords points="490,438 492,438 492,466 490,466"/>
            <TextEquiv index="1" conf="0.9997671723365784">
              <Unicode>a</Unicode>
            </TextEquiv>
          </Glyph>
          <Glyph id="w30946g2">
            <Coords points="503,438 506,438 506,466 503,466"/>
            <TextEquiv index="1" conf="0.9990940928459167">
              <Unicode>n</Unicode>
            </TextEquiv>
          </Glyph>
          <Glyph id="w30946g3">
            <Coords points="519,438 522,438 522,466 519,466"/>
            <TextEquiv index="1" conf="0.9955455422401429">
              <Unicode>u</Unicode>
            </TextEquiv>
          </Glyph>
          <Glyph id="w30946g4">
            <Coords points="535,438 538,438 538,466 535,466"/>
            <TextEquiv index="1" conf="0.9861424803733825">
              <Unicode>,</Unicode>
            </TextEquiv>
          </Glyph>
          <TextEquiv index="1" conf="0.9805106972060936">
            <Unicode>manu,</Unicode>
          </TextEquiv>
        </Word>
        <TextEquiv index="1" conf="0.9656414531938295">
          <Unicode>AtrOce cruda fata præcerpunt manu,</Unicode>
        </TextEquiv>
      </TextLine>
      <TextLine id="r0_l018">
        <Coords points="147,495 148,494 360,494 361,493 364,493 367,490 367,489 369,487 378,487 379,486 413,486 414,485 596,485 596,481 597,480 661,480 661,478 661,477 597,477 596,477 596,476 597,475 597,467 598,466 597,464 501,464 500,464 500,463 500,462 499,463 411,463 410,464 407,464 406,465 116,465 115,466 114,466 113,467 111,467 110,468 109,468 106,471 106,478 109,481 109,482 110,482 111,482 112,483 114,483 116,485 117,485 118,486 119,486 120,487 121,487 122,488 123,488 124,489 127,489 128,490 129,490 130,491 133,491 134,492 144,492 144,493 144,495 145,495 147,495"/>
        <Word id="w30947">
          <Coords points="119,462 159,462 159,495 119,495"/>
          <Glyph id="w30947g0">
            <Coords points="119,462 123,462 123,495 119,495"/>
            <TextEquiv index="1" conf="0.9778303027153015">
              <Unicode>Q</Unicode>
            </TextEquiv>
          </Glyph>
          <Glyph id="w30947g1">
            <Coords points="129,462 133,462 133,495 129,495"/>
            <TextEquiv index="1" conf="0.9265653252601623">
              <Unicode>u</Unicode>
            </TextEquiv>
          </Glyph>
          <Glyph id="w30947g2">
            <Coords points="146,462 146,462 146,495 146,495"/>
            <TextEquiv index="1" conf="0.9990329742431641">
              <Unicode>i</Unicode>
            </TextEquiv>
          </Glyph>
          <Glyph id="w30947g3">
            <Coords points="156,462 159,462 159,495 156,495"/>
            <TextEquiv index="1" conf="0.9993315577507018">
              <Unicode>s</Unicode>
            </TextEquiv>
          </Glyph>
          <TextEquiv index="1" conf="0.904542465442686">
            <Unicode>Quis</Unicode>
          </TextEquiv>
        </Word>
        <Word id="w30948">
          <Coords points="176,462 279,462 279,495 176,495"/>
          <Glyph id="w30948g0">
            <Coords points="176,462 179,462 179,495 176,495"/>
            <TextEquiv index="1" conf="0.964672064781189">
              <Unicode>d</Unicode>
            </TextEquiv>
          </Glyph>
          <Glyph id="w30948g1">
            <Coords points="186,462 189,462 189,495 186,495"/>
            <TextEquiv index="1" conf="0.9961329340934755">
              <Unicode>i</Unicode>
            </TextEquiv>
          </Glyph>
          <Glyph id="w30948g2">
            <Coords points="196,462 196,462 196,495 196,495"/>
            <TextEquiv index="1" conf="0.5308352783322334">
              <Unicode>ſ</Unicode>
            </TextEquiv>
          </Glyph>
          <Glyph id="w30948g3">
            <Coords points="203,462 203,462 203,495 203,495"/>
            <TextEquiv index="1" conf="0.9236616134643555">
              <Unicode>ſ</Unicode>
            </TextEquiv>
          </Glyph>
          <Glyph id="w30948g4">
            <Coords points="209,462 209,462 209,495 209,495"/>
            <TextEquiv index="1" conf="0.9995821833610535">
              <Unicode>i</Unicode>
            </TextEquiv>
          </Glyph>
          <Glyph id="w30948g5">
            <Coords points="219,462 223,462 223,495 219,495"/>
            <TextEquiv index="1" conf="0.9839297413825989">
              <Unicode>p</Unicode>
            </TextEquiv>
          </Glyph>
          <Glyph id="w30948g6">
            <Coords points="233,462 236,462 236,495 233,495"/>
            <TextEquiv index="1" conf="0.9999116897583008">
              <Unicode>a</Unicode>
            </TextEquiv>
          </Glyph>
          <Glyph id="w30948g7">
            <Coords points="249,462 249,462 249,495 249,495"/>
            <TextEquiv index="1" conf="0.998595416545868">
              <Unicode>t</Unicode>
            </TextEquiv>
          </Glyph>
          <Glyph id="w30948g8">
            <Coords points="256,462 259,462 259,495 256,495"/>
            <TextEquiv index="1" conf="0.999905526638031">
              <Unicode>a</Unicode>
            </TextEquiv>
          </Glyph>
          <Glyph id="w30948g9">
            <Coords points="276,462 279,462 279,495 276,495"/>
            <TextEquiv index="1" conf="0.9987743616104127">
              <Unicode>m</Unicode>
            </TextEquiv>
          </Glyph>
          <TextEquiv index="1" conf="0.46209347612874024">
            <Unicode>diſſipatam</Unicode>
          </TextEquiv>
        </Word>
        <Word id="w30949">
          <Coords points="303,462 386,462 386,495 303,495"/>
          <Glyph id="w30949g0">
            <Coords points="303,462 303,462 303,495 303,495"/>
            <TextEquiv index="1" conf="0.9926992893218994">
              <Unicode>c</Unicode>
            </TextEquiv>
          </Glyph>
          <Glyph id="w30949g1">
            <Coords points="316,462 319,462 319,495 316,495"/>
            <TextEquiv index="1" conf="0.9996366500854492">
              <Unicode>o</Unicode>
            </TextEquiv>
          </Glyph>
          <Glyph id="w30949g2">
            <Coords points="329,462 329,462 329,495 329,495"/>
            <TextEquiv index="1" conf="0.9147538344065349">
              <Unicode>l</Unicode>
            </TextEquiv>
          </Glyph>
          <Glyph id="w30949g3">
            <Coords points="346,462 346,462 346,495 346,495"/>
            <TextEquiv index="1" conf="0.9994802832603454">
              <Unicode>i</Unicode>
            </TextEquiv>
          </Glyph>
          <Glyph id="w30949g4">
            <Coords points="359,462 363,462 363,495 359,495"/>
            <TextEquiv index="1" conf="0.9974175691604614">
              <Unicode>g</Unicode>
            </TextEquiv>
          </Glyph>
          <Glyph id="w30949g5">
            <Coords points="373,462 376,462 376,495 373,495"/>
            <TextEquiv index="1" conf="0.999689519405365">
              <Unicode>e</Unicode>
            </TextEquiv>
          </Glyph>
          <Glyph id="w30949g6">
            <Coords points="386,462 386,462 386,495 386,495"/>
            <TextEquiv index="1" conf="0.8478157997131348">
              <Unicode>t</Unicode>
            </TextEquiv>
          </Glyph>
          <TextEquiv index="1" conf="0.766976416056138">
            <Unicode>coliget</Unicode>
          </TextEquiv>
        </Word>
        <Word id="w30950">
          <Coords points="409,462 476,462 476,495 409,495"/>
          <Glyph id="w30950g0">
            <Coords points="409,462 412,462 412,495 409,495"/>
            <TextEquiv index="1" conf="0.9997457623481751">
              <Unicode>C</Unicode>
            </TextEquiv>
          </Glyph>
          <Glyph id="w30950g1">
            <Coords points="422,462 422,462 422,495 422,495"/>
            <TextEquiv index="1" conf="0.9499826312065125">
              <Unicode>h</Unicode>
            </TextEquiv>
          </Glyph>
          <Glyph id="w30950g2">
            <Coords points="439,462 439,462 439,495 439,495"/>
            <TextEquiv index="1" conf="0.9992724418640136">
              <Unicode>r</Unicode>
            </TextEquiv>
          </Glyph>
          <Glyph id="w30950g3">
            <Coords points="449,462 449,462 449,495 449,495"/>
            <TextEquiv index="1" conf="0.9998778462409972">
              <Unicode>i</Unicode>
            </TextEquiv>
          </Glyph>
          <Glyph id="w30950g4">
            <Coords points="459,462 459,462 459,495 459,495"/>
            <TextEquiv index="1" conf="0.9976084351539612">
              <Unicode>ſ</Unicode>
            </TextEquiv>
          </Glyph>
          <Glyph id="w30950g5">
            <Coords points="466,462 469,462 469,495 466,495"/>
            <TextEquiv index="1" conf="0.999981689453125">
              <Unicode>t</Unicode>
            </TextEquiv>
          </Glyph>
          <Glyph id="w30950g6">
            <Coords points="476,462 476,462 476,495 476,495"/>
            <TextEquiv index="1" conf="0.9997007846832275">
              <Unicode>i</Unicode>
            </TextEquiv>
          </Glyph>
          <TextEquiv index="1" conf="0.9463641649412062">
            <Unicode>Chriſti</Unicode>
          </TextEquiv>
        </Word>
        <Word id="w30951">
          <Coords points="492,462 569,462 569,495 492,495"/>
          <Glyph id="w30951g0">
            <Coords points="492,462 496,462 496,495 492,495"/>
            <TextEquiv index="1" conf="0.9998724341392518">
              <Unicode>d</Unicode>
            </TextEquiv>
          </Glyph>
          <Glyph id="w30951g1">
            <Coords points="509,462 512,462 512,495 509,495"/>
            <TextEquiv index="1" conf="0.9997047066688538">
              <Unicode>o</Unicode>
            </TextEquiv>
          </Glyph>
          <Glyph id="w30951g2">
            <Coords points="526,462 529,462 529,495 526,495"/>
            <TextEquiv index="1" conf="0.9998932600021363">
              <Unicode>m</Unicode>
            </TextEquiv>
          </Glyph>
          <Glyph id="w30951g3">
            <Coords points="542,462 542,462 542,495 542,495"/>
            <TextEquiv index="1" conf="0.9999398708343505">
              <Unicode>u</Unicode>
            </TextEquiv>
          </Glyph>
          <Glyph id="w30951g4">
            <Coords points="566,462 569,462 569,495 566,495"/>
            <TextEquiv index="1" conf="0.9999892950057983">
              <Unicode>m</Unicode>
            </TextEquiv>
          </Glyph>
          <TextEquiv index="1" conf="0.9993996876028971">
            <Unicode>domum</Unicode>
          </TextEquiv>
        </Word>
        <TextEquiv index="1" conf="0.9694003964594584">
          <Unicode>Quis diſſipatam coliget Chriſti domum </Unicode>
        </TextEquiv>
      </TextLine>
      <TextLine id="r0_l019">
        <Coords points="146,521 146,514 147,513 243,513 244,514 245,513 293,513 293,514 293,518 294,518 295,518 296,519 300,519 301,518 301,516 302,515 331,515 333,513 378,513 379,512 411,512 411,513 411,519 412,519 413,519 413,513 414,512 561,512 562,511 588,511 588,492 588,491 584,491 583,492 582,492 581,493 580,493 578,495 578,496 577,497 577,498 536,498 535,498 535,491 535,490 531,490 529,492 503,492 502,493 501,493 500,494 500,495 499,495 498,496 498,497 460,497 459,498 412,498 411,497 408,497 407,498 393,498 392,499 362,499 361,499 361,496 360,494 349,494 348,495 348,500 316,500 315,499 295,499 294,500 254,500 253,499 202,499 201,499 201,493 201,492 200,492 199,491 198,492 196,492 195,493 189,493 186,496 186,497 185,498 185,499 147,499 146,499 146,496 146,495 145,495 144,496 144,500 117,500 116,499 115,499 114,500 112,500 111,501 110,501 109,502 108,502 106,504 106,505 105,506 105,509 108,511 109,511 110,512 111,512 112,513 113,513 115,515 116,515 118,517 119,517 120,518 122,518 123,519 124,519 125,520 144,520 145,521 146,521"/>
        <Word id="w30952">
          <Coords points="125,490 142,490 142,521 125,521"/>
          <Glyph id="w30952g0">
            <Coords points="125,490 125,490 125,521 125,521"/>
            <TextEquiv index="1" conf="0.6432054787874222">
              <Unicode>u</Unicode>
            </TextEquiv>
          </Glyph>
          <Glyph id="w30952g1">
            <Coords points="139,490 142,490 142,521 139,521"/>
            <TextEquiv index="1" conf="0.9998688220977784">
              <Unicode>i</Unicode>
            </TextEquiv>
          </Glyph>
          <TextEquiv index="1" conf="0.6431211044420174">
            <Unicode>ui</Unicode>
          </TextEquiv>
        </Word>
        <Word id="w30953">
          <Coords points="171,490 272,490 272,521 171,521"/>
          <Glyph id="w30953g0">
            <Coords points="171,490 173,490 173,521 171,521"/>
            <TextEquiv index="1" conf="0.990107798576355">
              <Unicode>e</Unicode>
            </TextEquiv>
          </Glyph>
          <Glyph id="w30953g1">
            <Coords points="182,490 182,490 182,521 182,521"/>
            <TextEquiv index="1" conf="0.9577320337295533">
              <Unicode>f</Unicode>
            </TextEquiv>
          </Glyph>
          <Glyph id="w30953g2">
            <Coords points="190,490 190,490 190,521 190,521"/>
            <TextEquiv index="1" conf="0.9984104633331299">
              <Unicode>f</Unicode>
            </TextEquiv>
          </Glyph>
          <Glyph id="w30953g3">
            <Coords points="202,490 205,490 205,521 202,521"/>
            <TextEquiv index="1" conf="0.9997474431991578">
              <Unicode>e</Unicode>
            </TextEquiv>
          </Glyph>
          <Glyph id="w30953g4">
            <Coords points="216,490 216,490 216,521 216,521"/>
            <TextEquiv index="1" conf="0.9998242735862732">
              <Unicode>r</Unicode>
            </TextEquiv>
          </Glyph>
          <Glyph id="w30953g5">
            <Coords points="222,490 224,490 224,521 222,521"/>
            <TextEquiv index="1" conf="0.9999294400215148">
              <Unicode>a</Unicode>
            </TextEquiv>
          </Glyph>
          <Glyph id="w30953g6">
            <Coords points="239,490 241,490 241,521 239,521"/>
            <TextEquiv index="1" conf="0.9998928070068359">
              <Unicode>t</Unicode>
            </TextEquiv>
          </Glyph>
          <Glyph id="w30953g7">
            <Coords points="250,490 250,490 250,521 250,521"/>
            <TextEquiv index="1" conf="0.9998365879058837">
              <Unicode>u</Unicode>
            </TextEquiv>
          </Glyph>
          <Glyph id="w30953g8">
            <Coords points="272,490 272,490 272,521 272,521"/>
            <TextEquiv index="1" conf="0.9990813255310059">
              <Unicode>m</Unicode>
            </TextEquiv>
          </Glyph>
          <TextEquiv index="1" conf="0.9451533174344932">
            <Unicode>efferatum</Unicode>
          </TextEquiv>
        </Word>
        <Word id="w30954">
          <Coords points="292,490 391,490 391,521 292,521"/>
          <Glyph id="w30954g0">
            <Coords points="292,490 295,490 295,521 292,521"/>
            <TextEquiv index="1" conf="0.9971249580383301">
              <Unicode>p</Unicode>
            </TextEquiv>
          </Glyph>
          <Glyph id="w30954g1">
            <Coords points="309,490 312,490 312,521 309,521"/>
            <TextEquiv index="1" conf="0.998419713973999">
              <Unicode>r</Unicode>
            </TextEquiv>
          </Glyph>
          <Glyph id="w30954g2">
            <Coords points="323,490 326,490 326,521 323,521"/>
            <TextEquiv index="1" conf="0.9999089002609252">
              <Unicode>e</Unicode>
            </TextEquiv>
          </Glyph>
          <Glyph id="w30954g3">
            <Coords points="338,490 338,490 338,521 338,521"/>
            <TextEquiv index="1" conf="0.9999602794647218">
              <Unicode>c</Unicode>
            </TextEquiv>
          </Glyph>
          <Glyph id="w30954g4">
            <Coords points="346,490 346,490 346,521 346,521"/>
            <TextEquiv index="1" conf="0.907676887512207">
              <Unicode>i</Unicode>
            </TextEquiv>
          </Glyph>
          <Glyph id="w30954g5">
            <Coords points="355,490 357,490 357,521 355,521"/>
            <TextEquiv index="1" conf="0.999891996383667">
              <Unicode>b</Unicode>
            </TextEquiv>
          </Glyph>
          <Glyph id="w30954g6">
            <Coords points="369,490 372,490 372,521 369,521"/>
            <TextEquiv index="1" conf="0.9999357342720032">
              <Unicode>u</Unicode>
            </TextEquiv>
          </Glyph>
          <Glyph id="w30954g7">
            <Coords points="389,490 391,490 391,521 389,521"/>
            <TextEquiv index="1" conf="0.9997877955436707">
              <Unicode>s</Unicode>
            </TextEquiv>
          </Glyph>
          <TextEquiv index="1" conf="0.9031714624195427">
            <Unicode>precibus</Unicode>
          </TextEquiv>
        </Word>
        <Word id="w30955">
          <Coords points="400,490 482,490 482,521 400,521"/>
          <Glyph id="w30955g0">
            <Coords points="400,490 403,490 403,521 400,521"/>
            <TextEquiv index="1" conf="0.9934736847877503">
              <Unicode>a</Unicode>
            </TextEquiv>
          </Glyph>
          <Glyph id="w30955g1">
            <Coords points="414,490 417,490 417,521 414,521"/>
            <TextEquiv index="1" conf="0.9987494707107545">
              <Unicode>u</Unicode>
            </TextEquiv>
          </Glyph>
          <Glyph id="w30955g2">
            <Coords points="434,490 434,490 434,521 434,521"/>
            <TextEquiv index="1" conf="0.9999789237976074">
              <Unicode>e</Unicode>
            </TextEquiv>
          </Glyph>
          <Glyph id="w30955g3">
            <Coords points="442,490 445,490 445,521 442,521"/>
            <TextEquiv index="1" conf="0.9997765541076661">
              <Unicode>r</Unicode>
            </TextEquiv>
          </Glyph>
          <Glyph id="w30955g4">
            <Coords points="456,490 456,490 456,521 456,521"/>
            <TextEquiv index="1" conf="0.9433870553970338">
              <Unicode>t</Unicode>
            </TextEquiv>
          </Glyph>
          <Glyph id="w30955g5">
            <Coords points="468,490 471,490 471,521 468,521"/>
            <TextEquiv index="1" conf="0.9999193787574768">
              <Unicode>e</Unicode>
            </TextEquiv>
          </Glyph>
          <Glyph id="w30955g6">
            <Coords points="479,490 482,490 482,521 479,521"/>
            <TextEquiv index="1" conf="0.9976445078849793">
              <Unicode>t</Unicode>
            </TextEquiv>
          </Glyph>
          <TextEquiv index="1" conf="0.9335496892379115">
            <Unicode>auertet</Unicode>
          </TextEquiv>
        </Word>
        <Word id="w30956">
          <Coords points="496,490 558,490 558,521 496,521"/>
          <Glyph id="w30956g0">
            <Coords points="496,490 496,490 496,521 496,521"/>
            <TextEquiv index="1" conf="0.9994969129562378">
              <Unicode>ſ</Unicode>
            </TextEquiv>
          </Glyph>
          <Glyph id="w30956g1">
            <Coords points="507,490 507,490 507,521 507,521"/>
            <TextEquiv index="1" conf="0.997144591808319">
              <Unicode>c</Unicode>
            </TextEquiv>
          </Glyph>
          <Glyph id="w30956g2">
            <Coords points="519,490 522,490 522,521 519,521"/>
            <TextEquiv index="1" conf="0.9998979449272156">
              <Unicode>e</Unicode>
            </TextEquiv>
          </Glyph>
          <Glyph id="w30956g3">
            <Coords points="530,490 530,490 530,521 530,521"/>
            <TextEquiv index="1" conf="0.999267041683197">
              <Unicode>l</Unicode>
            </TextEquiv>
          </Glyph>
          <Glyph id="w30956g4">
            <Coords points="539,490 541,490 541,521 539,521"/>
            <TextEquiv index="1" conf="0.9999766588211059">
              <Unicode>u</Unicode>
            </TextEquiv>
          </Glyph>
          <Glyph id="w30956g5">
            <Coords points="556,490 558,490 558,521 556,521"/>
            <TextEquiv index="1" conf="0.9993566632270813">
              <Unicode>s</Unicode>
            </TextEquiv>
          </Glyph>
          <TextEquiv index="1" conf="0.9951469354788524">
            <Unicode>ſcelus</Unicode>
          </TextEquiv>
        </Word>
        <TextEquiv index="1" conf="0.9836114903559555">
          <Unicode>ui efferatum precibus auertet ſcelus </Unicode>
        </TextEquiv>
      </TextLine>
      <TextLine id="r0_l020">
        <Coords points="662,552 662,542 663,541 662,540 662,525 663,524 663,511 663,510 662,510 661,511 661,515 660,516 660,518 539,518 538,519 248,519 247,520 224,520 223,521 144,521 143,522 143,525 118,525 116,527 112,527 111,528 110,528 107,531 107,532 106,533 106,536 107,537 107,538 109,539 110,539 111,540 112,540 115,543 116,543 118,545 120,545 121,546 122,546 123,547 124,547 125,548 134,548 136,546 136,543 137,542 364,542 364,543 364,544 365,545 365,546 367,547 659,547 659,548 659,550 660,551 660,552 661,552 662,552"/>
        <Word id="w30957">
          <Coords points="124,510 156,510 156,552 124,552"/>
          <Glyph id="w30957g0">
            <Coords points="124,510 127,510 127,552 124,552"/>
            <TextEquiv index="1" conf="0.9983852624893188">
              <Unicode>u</Unicode>
            </TextEquiv>
          </Glyph>
          <Glyph id="w30957g1">
            <Coords points="140,510 143,510 143,552 140,552"/>
            <TextEquiv index="1" conf="0.9991388082504272">
              <Unicode>i</Unicode>
            </TextEquiv>
          </Glyph>
          <Glyph id="w30957g2">
            <Coords points="153,510 156,510 156,552 153,552"/>
            <TextEquiv index="1" conf="0.9988587141036986">
              <Unicode>s</Unicode>
            </TextEquiv>
          </Glyph>
          <TextEquiv index="1" conf="0.9963869995981409">
            <Unicode>uis</Unicode>
          </TextEquiv>
        </Word>
        <Word id="w30958">
          <Coords points="171,510 200,510 200,552 171,552"/>
          <Glyph id="w30958g0">
            <Coords points="171,510 171,510 171,552 171,552"/>
            <TextEquiv index="1" conf="0.9987909913063049">
              <Unicode>t</Unicode>
            </TextEquiv>
          </Glyph>
          <Glyph id="w30958g1">
            <Coords points="184,510 187,510 187,552 184,552"/>
            <TextEquiv index="1" conf="0.9908266425132752">
              <Unicode>o</Unicode>
            </TextEquiv>
          </Glyph>
          <Glyph id="w30958g2">
            <Coords points="197,510 200,510 200,552 197,552"/>
            <TextEquiv index="1" conf="0.9898197770118713">
              <Unicode>t</Unicode>
            </TextEquiv>
          </Glyph>
          <TextEquiv index="1" conf="0.9795540833977813">
            <Unicode>tot</Unicode>
          </TextEquiv>
        </Word>
        <Word id="w30959">
          <Coords points="219,510 307,510 307,552 219,552"/>
          <Glyph id="w30959g0">
            <Coords points="219,510 222,510 222,552 219,552"/>
            <TextEquiv index="1" conf="0.9999109506607056">
              <Unicode>d</Unicode>
            </TextEquiv>
          </Glyph>
          <Glyph id="w30959g1">
            <Coords points="231,510 238,510 238,552 231,552"/>
            <TextEquiv index="1" conf="0.9998192071914672">
              <Unicode>o</Unicode>
            </TextEquiv>
          </Glyph>
          <Glyph id="w30959g2">
            <Coords points="244,510 247,510 247,552 244,552"/>
            <TextEquiv index="1" conf="0.9992914915084838">
              <Unicode>l</Unicode>
            </TextEquiv>
          </Glyph>
          <Glyph id="w30959g3">
            <Coords points="260,510 263,510 263,552 260,552"/>
            <TextEquiv index="1" conf="0.8611340939998626">
              <Unicode>o</Unicode>
            </TextEquiv>
          </Glyph>
          <Glyph id="w30959g4">
            <Coords points="272,510 276,510 276,552 272,552"/>
            <TextEquiv index="1" conf="0.9998908877372741">
              <Unicode>r</Unicode>
            </TextEquiv>
          </Glyph>
          <Glyph id="w30959g5">
            <Coords points="285,510 285,510 285,552 285,552"/>
            <TextEquiv index="1" conf="0.9999179720878602">
              <Unicode>u</Unicode>
            </TextEquiv>
          </Glyph>
          <Glyph id="w30959g6">
            <Coords points="307,510 307,510 307,552 307,552"/>
            <TextEquiv index="1" conf="0.999969744682312">
              <Unicode>m</Unicode>
            </TextEquiv>
          </Glyph>
          <TextEquiv index="1" conf="0.8601013293507229">
            <Unicode>dolorum</Unicode>
          </TextEquiv>
        </Word>
        <Word id="w30960">
          <Coords points="329,510 395,510 395,552 329,552"/>
          <Glyph id="w30960g0">
            <Coords points="329,510 329,510 329,552 329,552"/>
            <TextEquiv index="1" conf="0.9610551476478577">
              <Unicode>f</Unicode>
            </TextEquiv>
          </Glyph>
          <Glyph id="w30960g1">
            <Coords points="339,510 342,510 342,552 339,552"/>
            <TextEquiv index="1" conf="0.9976211190223695">
              <Unicode>r</Unicode>
            </TextEquiv>
          </Glyph>
          <Glyph id="w30960g2">
            <Coords points="348,510 354,510 354,552 348,552"/>
            <TextEquiv index="1" conf="0.9954494953155518">
              <Unicode>ã</Unicode>
            </TextEquiv>
          </Glyph>
          <Glyph id="w30960g3">
            <Coords points="367,510 370,510 370,552 367,552"/>
            <TextEquiv index="1" conf="0.9990939021110535">
              <Unicode>g</Unicode>
            </TextEquiv>
          </Glyph>
          <Glyph id="w30960g4">
            <Coords points="383,510 383,510 383,552 383,552"/>
            <TextEquiv index="1" conf="0.9999037504196168">
              <Unicode>e</Unicode>
            </TextEquiv>
          </Glyph>
          <Glyph id="w30960g5">
            <Coords points="392,510 395,510 395,552 392,552"/>
            <TextEquiv index="1" conf="0.9930128931999206">
              <Unicode>t</Unicode>
            </TextEquiv>
          </Glyph>
          <TextEquiv index="1" conf="0.9467876129322791">
            <Unicode>frãget</Unicode>
          </TextEquiv>
        </Word>
        <Word id="w30961">
          <Coords points="408,510 506,510 506,552 408,552"/>
          <Glyph id="w30961g0">
            <Coords points="408,510 408,510 408,552 408,552"/>
            <TextEquiv index="1" conf="0.9997739195823669">
              <Unicode>i</Unicode>
            </TextEquiv>
          </Glyph>
          <Glyph id="w30961g1">
            <Coords points="417,510 417,510 417,552 417,552"/>
            <TextEquiv index="1" conf="0.9998704433441162">
              <Unicode>n</Unicode>
            </TextEquiv>
          </Glyph>
          <Glyph id="w30961g2">
            <Coords points="433,510 433,510 433,552 433,552"/>
            <TextEquiv index="1" conf="0.9988610982894897">
              <Unicode>ſ</Unicode>
            </TextEquiv>
          </Glyph>
          <Glyph id="w30961g3">
            <Coords points="439,510 443,510 443,552 439,552"/>
            <TextEquiv index="1" conf="0.999015748500824">
              <Unicode>t</Unicode>
            </TextEquiv>
          </Glyph>
          <Glyph id="w30961g4">
            <Coords points="449,510 452,510 452,552 449,552"/>
            <TextEquiv index="1" conf="0.9998111605644227">
              <Unicode>a</Unicode>
            </TextEquiv>
          </Glyph>
          <Glyph id="w30961g5">
            <Coords points="462,510 465,510 465,552 462,552"/>
            <TextEquiv index="1" conf="0.9985035538673401">
              <Unicode>n</Unicode>
            </TextEquiv>
          </Glyph>
          <Glyph id="w30961g6">
            <Coords points="480,510 480,510 480,552 480,552"/>
            <TextEquiv index="1" conf="0.9970676302909851">
              <Unicode>t</Unicode>
            </TextEquiv>
          </Glyph>
          <Glyph id="w30961g7">
            <Coords points="493,510 493,510 493,552 493,552"/>
            <TextEquiv index="1" conf="0.9999850988388062">
              <Unicode>e</Unicode>
            </TextEquiv>
          </Glyph>
          <Glyph id="w30961g8">
            <Coords points="503,510 506,510 506,552 503,552"/>
            <TextEquiv index="1" conf="0.9998696804046632">
              <Unicode>s</Unicode>
            </TextEquiv>
          </Glyph>
          <TextEquiv index="1" conf="0.9927779164396175">
            <Unicode>inſtantes</Unicode>
          </TextEquiv>
        </Word>
        <Word id="w30962">
          <Coords points="525,510 610,510 610,552 525,552"/>
          <Glyph id="w30962g0">
            <Coords points="525,510 528,510 528,552 525,552"/>
            <TextEquiv index="1" conf="0.9229690074920655">
              <Unicode>g</Unicode>
            </TextEquiv>
          </Glyph>
          <Glyph id="w30962g1">
            <Coords points="537,510 537,510 537,552 537,552"/>
            <TextEquiv index="1" conf="0.9987486481666564">
              <Unicode>l</Unicode>
            </TextEquiv>
          </Glyph>
          <Glyph id="w30962g2">
            <Coords points="550,510 553,510 553,552 550,552"/>
            <TextEquiv index="1" conf="0.9991392016410827">
              <Unicode>o</Unicode>
            </TextEquiv>
          </Glyph>
          <Glyph id="w30962g3">
            <Coords points="562,510 562,510 562,552 562,552"/>
            <TextEquiv index="1" conf="0.9999657392501832">
              <Unicode>b</Unicode>
            </TextEquiv>
          </Glyph>
          <Glyph id="w30962g4">
            <Coords points="581,510 588,510 588,552 581,552"/>
            <TextEquiv index="1" conf="0.9990857124328613">
              <Unicode>o</Unicode>
            </TextEquiv>
          </Glyph>
          <Glyph id="w30962g5">
            <Coords points="597,510 600,510 600,552 597,552"/>
            <TextEquiv index="1" conf="0.990150260925293">
              <Unicode>s</Unicode>
            </TextEquiv>
          </Glyph>
          <Glyph id="w30962g6">
            <Coords points="610,510 610,510 610,552 610,552"/>
            <TextEquiv index="1" conf="0.4103322058916092">
              <Unicode>s</Unicode>
            </TextEquiv>
          </Glyph>
          <TextEquiv index="1" conf="0.37384700140607835">
            <Unicode>globoss</Unicode>
          </TextEquiv>
        </Word>
        <TextEquiv index="1" conf="0.9770768039673564">
          <Unicode>uis tot dolorum frãget inſtantes globoss</Unicode>
        </TextEquiv>
      </TextLine>
      <TextLine id="r0_l021">
        <Coords points="280,569 424,569 424,548 280,548 280,569"/>
        <Word id="w30963">
          <Coords points="289,548 414,548 414,569 289,569"/>
          <Glyph id="w30963g0">
            <Coords points="289,548 291,548 291,569 289,569"/>
            <TextEquiv index="1" conf="0.9996820688247681">
              <Unicode>C</Unicode>
            </TextEquiv>
          </Glyph>
          <Glyph id="w30963g1">
            <Coords points="305,548 311,548 311,569 305,569"/>
            <TextEquiv index="1" conf="0.9542899250984191">
              <Unicode>R</Unicode>
            </TextEquiv>
          </Glyph>
          <Glyph id="w30963g2">
            <Coords points="331,548 331,548 331,569 331,569"/>
            <TextEquiv index="1" conf="0.5787122622132301">
              <Unicode>T</Unicode>
            </TextEquiv>
          </Glyph>
          <Glyph id="w30963g3">
            <Coords points="345,548 347,548 347,569 345,569"/>
            <TextEquiv index="1" conf="0.34375429106876254">
              <Unicode>S</Unicode>
            </TextEquiv>
          </Glyph>
          <Glyph id="w30963g4">
            <Coords points="367,548 370,548 370,569 367,569"/>
            <TextEquiv index="1" conf="0.9494425773620605">
              <Unicode>P</Unicode>
            </TextEquiv>
          </Glyph>
          <Glyph id="w30963g5">
            <Coords points="386,548 386,548 386,569 386,569"/>
            <TextEquiv index="1" conf="0.9554193377494812">
              <Unicode>V</Unicode>
            </TextEquiv>
          </Glyph>
          <Glyph id="w30963g6">
            <Coords points="406,548 406,548 406,569 406,569"/>
            <TextEquiv index="1" conf="0.20515771256759763">
              <Unicode>I</Unicode>
            </TextEquiv>
          </Glyph>
          <Glyph id="w30963g7">
            <Coords points="412,548 414,548 414,569 412,569"/>
            <TextEquiv index="1" conf="0.998067307472229">
              <Unicode>.</Unicode>
            </TextEquiv>
          </Glyph>
          <TextEquiv index="1" conf="0.03525035239635935">
            <Unicode>CRTSPVI.</Unicode>
          </TextEquiv>
        </Word>
        <TextEquiv index="1" conf="0.7480656852945685">
          <Unicode>CRTSPVI.</Unicode>
        </TextEquiv>
      </TextLine>
      <TextLine id="r0_l022">
        <Coords points="664,608 664,606 663,605 663,579 662,578 662,572 662,571 661,571 660,572 660,575 516,575 515,575 515,573 515,572 406,572 405,573 283,573 282,574 113,574 111,572 109,572 107,574 107,594 108,594 156,594 157,595 178,595 179,596 210,596 210,597 210,600 212,601 217,601 217,602 217,603 218,603 219,603 219,602 220,601 334,601 335,600 364,600 365,599 366,599 367,598 368,598 368,597 369,596 369,595 370,594 570,594 570,595 570,598 572,599 574,599 575,600 660,600 660,601 660,607 662,608 664,608"/>
        <Word id="w30964">
          <Coords points="112,571 154,571 154,608 112,608"/>
          <Glyph id="w30964g0">
            <Coords points="112,571 127,571 127,608 112,608"/>
            <TextEquiv index="1" conf="0.9792290925979614">
              <Unicode>M</Unicode>
            </TextEquiv>
          </Glyph>
          <Glyph id="w30964g1">
            <Coords points="139,571 145,571 145,608 139,608"/>
            <TextEquiv index="1" conf="0.9988487362861633">
              <Unicode>o</Unicode>
            </TextEquiv>
          </Glyph>
          <Glyph id="w30964g2">
            <Coords points="154,571 154,571 154,608 154,608"/>
            <TextEquiv index="1" conf="0.5456738024950027">
              <Unicode>t</Unicode>
            </TextEquiv>
          </Glyph>
          <TextEquiv index="1" conf="0.5337244966073934">
            <Unicode>Mot</Unicode>
          </TextEquiv>
        </Word>
        <Word id="w30965">
          <Coords points="163,571 193,571 193,608 163,608"/>
          <Glyph id="w30965g0">
            <Coords points="163,571 166,571 166,608 163,608"/>
            <TextEquiv index="1" conf="0.9994177937507629">
              <Unicode>a</Unicode>
            </TextEquiv>
          </Glyph>
          <Glyph id="w30965g1">
            <Coords points="178,571 181,571 181,608 178,608"/>
            <TextEquiv index="1" conf="0.9993007898330688">
              <Unicode>r</Unicode>
            </TextEquiv>
          </Glyph>
          <Glyph id="w30965g2">
            <Coords points="190,571 193,571 193,608 190,608"/>
            <TextEquiv index="1" conf="0.9998978734016419">
              <Unicode>e</Unicode>
            </TextEquiv>
          </Glyph>
          <TextEquiv index="1" conf="0.9986169948951279">
            <Unicode>are</Unicode>
          </TextEquiv>
        </Word>
        <Word id="w30966">
          <Coords points="211,571 292,571 292,608 211,608"/>
          <Glyph id="w30966g0">
            <Coords points="211,571 214,571 214,608 211,608"/>
            <TextEquiv index="1" conf="0.9976133584976196">
              <Unicode>p</Unicode>
            </TextEquiv>
          </Glyph>
          <Glyph id="w30966g1">
            <Coords points="229,571 232,571 232,608 229,608"/>
            <TextEquiv index="1" conf="0.9985733509063721">
              <Unicode>r</Unicode>
            </TextEquiv>
          </Glyph>
          <Glyph id="w30966g2">
            <Coords points="247,571 250,571 250,608 247,608"/>
            <TextEquiv index="1" conf="0.9964261174201965">
              <Unicode>æ</Unicode>
            </TextEquiv>
          </Glyph>
          <Glyph id="w30966g3">
            <Coords points="259,571 259,571 259,608 259,608"/>
            <TextEquiv index="1" conf="0.999720001220703">
              <Unicode>ſ</Unicode>
            </TextEquiv>
          </Glyph>
          <Glyph id="w30966g4">
            <Coords points="268,571 268,571 268,608 268,608"/>
            <TextEquiv index="1" conf="0.9999727010726929">
              <Unicode>u</Unicode>
            </TextEquiv>
          </Glyph>
          <Glyph id="w30966g5">
            <Coords points="283,571 283,571 283,608 283,608"/>
            <TextEquiv index="1" conf="0.9986763715744018">
              <Unicode>l</Unicode>
            </TextEquiv>
          </Glyph>
          <Glyph id="w30966g6">
            <Coords points="292,571 292,571 292,608 292,608"/>
            <TextEquiv index="1" conf="0.9995540499687194">
              <Unicode>,</Unicode>
            </TextEquiv>
          </Glyph>
          <TextEquiv index="1" conf="0.9905694116333749">
            <Unicode>præſul,</Unicode>
          </TextEquiv>
        </Word>
        <Word id="w30967">
          <Coords points="304,571 310,571 310,608 304,608"/>
          <Glyph id="w30967g0">
            <Coords points="304,571 310,571 310,608 304,608"/>
            <TextEquiv index="1" conf="0.8105454444885254">
              <Unicode>q</Unicode>
            </TextEquiv>
          </Glyph>
          <TextEquiv index="1" conf="0.8105454444885254">
            <Unicode>q</Unicode>
          </TextEquiv>
        </Word>
        <Word id="w30968">
          <Coords points="319,571 343,571 343,608 319,608"/>
          <Glyph id="w30968g0">
            <Coords points="319,571 322,571 322,608 319,608"/>
            <TextEquiv index="1" conf="0.9979227423667907">
              <Unicode>u</Unicode>
            </TextEquiv>
          </Glyph>
          <Glyph id="w30968g1">
            <Coords points="337,571 343,571 343,608 337,608"/>
            <TextEquiv index="1" conf="0.9740825533866881">
              <Unicode>ò</Unicode>
            </TextEquiv>
          </Glyph>
          <TextEquiv index="1" conf="0.9720591329672896">
            <Unicode>uò</Unicode>
          </TextEquiv>
        </Word>
        <Word id="w30969">
          <Coords points="361,571 436,571 436,608 361,608"/>
          <Glyph id="w30969g0">
            <Coords points="361,571 364,571 364,608 361,608"/>
            <TextEquiv index="1" conf="0.9756646513938905">
              <Unicode>g</Unicode>
            </TextEquiv>
          </Glyph>
          <Glyph id="w30969g1">
            <Coords points="373,571 376,571 376,608 373,608"/>
            <TextEquiv index="1" conf="0.9993068933486938">
              <Unicode>r</Unicode>
            </TextEquiv>
          </Glyph>
          <Glyph id="w30969g2">
            <Coords points="382,571 385,571 385,608 382,608"/>
            <TextEquiv index="1" conf="0.9999390363693237">
              <Unicode>a</Unicode>
            </TextEquiv>
          </Glyph>
          <Glyph id="w30969g3">
            <Coords points="400,571 403,571 403,608 400,608"/>
            <TextEquiv index="1" conf="0.9999414682388306">
              <Unicode>d</Unicode>
            </TextEquiv>
          </Glyph>
          <Glyph id="w30969g4">
            <Coords points="409,571 412,571 412,608 409,608"/>
            <TextEquiv index="1" conf="0.999942922592163">
              <Unicode>u</Unicode>
            </TextEquiv>
          </Glyph>
          <Glyph id="w30969g5">
            <Coords points="433,571 436,571 436,608 433,608"/>
            <TextEquiv index="1" conf="0.9999829053878784">
              <Unicode>m</Unicode>
            </TextEquiv>
          </Glyph>
          <TextEquiv index="1" conf="0.9747996013238565">
            <Unicode>gradum</Unicode>
          </TextEquiv>
        </Word>
        <Word id="w30970">
          <Coords points="457,571 532,571 532,608 457,608"/>
          <Glyph id="w30970g0">
            <Coords points="457,571 457,571 457,608 457,608"/>
            <TextEquiv index="1" conf="0.8864615797996521">
              <Unicode>t</Unicode>
            </TextEquiv>
          </Glyph>
          <Glyph id="w30970g1">
            <Coords points="469,571 472,571 472,608 469,608"/>
            <TextEquiv index="1" conf="0.9999177455902101">
              <Unicode>e</Unicode>
            </TextEquiv>
          </Glyph>
          <Glyph id="w30970g2">
            <Coords points="478,571 481,571 481,608 478,608"/>
            <TextEquiv index="1" conf="0.9413245916366577">
              <Unicode>n</Unicode>
            </TextEquiv>
          </Glyph>
          <Glyph id="w30970g3">
            <Coords points="499,571 502,571 502,608 499,608"/>
            <TextEquiv index="1" conf="0.9993413329124451">
              <Unicode>d</Unicode>
            </TextEquiv>
          </Glyph>
          <Glyph id="w30970g4">
            <Coords points="508,571 511,571 511,608 508,608"/>
            <TextEquiv index="1" conf="0.9981402635574341">
              <Unicode>i</Unicode>
            </TextEquiv>
          </Glyph>
          <Glyph id="w30970g5">
            <Coords points="520,571 523,571 523,608 520,608"/>
            <TextEquiv index="1" conf="0.8033984541893004">
              <Unicode>s</Unicode>
            </TextEquiv>
          </Glyph>
          <Glyph id="w30970g6">
            <Coords points="532,571 532,571 532,608 532,608"/>
            <TextEquiv index="1" conf="0.7892178893089294">
              <Unicode>?</Unicode>
            </TextEquiv>
          </Glyph>
          <TextEquiv index="1" conf="0.5277119583433465">
            <Unicode>tendis?</Unicode>
          </TextEquiv>
        </Word>
        <Word id="w30971">
          <Coords points="544,571 607,571 607,608 544,608"/>
          <Glyph id="w30971g0">
            <Coords points="544,571 544,571 544,608 544,608"/>
            <TextEquiv index="1" conf="0.9997551441192627">
              <Unicode>r</Unicode>
            </TextEquiv>
          </Glyph>
          <Glyph id="w30971g1">
            <Coords points="556,571 562,571 562,608 556,608"/>
            <TextEquiv index="1" conf="0.9988928198814392">
              <Unicode>o</Unicode>
            </TextEquiv>
          </Glyph>
          <Glyph id="w30971g2">
            <Coords points="574,571 577,571 577,608 574,608"/>
            <TextEquiv index="1" conf="0.9732419610023498">
              <Unicode>g</Unicode>
            </TextEquiv>
          </Glyph>
          <Glyph id="w30971g3">
            <Coords points="589,571 595,571 595,608 589,608"/>
            <TextEquiv index="1" conf="0.9330042600631714">
              <Unicode>o</Unicode>
            </TextEquiv>
          </Glyph>
          <Glyph id="w30971g4">
            <Coords points="604,571 607,571 607,608 604,608"/>
            <TextEquiv index="1" conf="0.8061259984970093">
              <Unicode>,</Unicode>
            </TextEquiv>
          </Glyph>
          <TextEquiv index="1" conf="0.7310042779865821">
            <Unicode>rogo,</Unicode>
          </TextEquiv>
        </Word>
        <TextEquiv index="1" conf="0.9540048802771218">
          <Unicode>Mot are præſul, q uò gradum tendis? rogo,</Unicode>
        </TextEquiv>
      </TextLine>
      <TextLine id="r0_l023">
        <Coords points="390,627 390,620 391,619 503,619 504,620 505,619 568,619 568,620 568,623 569,623 573,623 575,621 576,621 576,617 575,616 575,615 575,614 572,614 571,613 568,613 567,613 567,608 566,606 561,606 560,605 558,605 557,606 516,606 515,606 515,600 515,599 514,599 513,598 510,598 508,600 507,600 505,602 505,605 473,605 472,605 472,602 471,601 470,599 467,599 466,600 458,600 455,603 455,604 454,605 454,606 403,606 402,605 400,605 399,606 344,606 343,605 335,605 334,605 334,602 334,601 325,601 323,599 322,599 321,600 320,600 319,601 313,601 311,603 311,606 277,606 276,605 275,606 273,606 272,607 246,607 245,608 223,608 222,608 222,604 221,602 220,602 219,603 217,603 216,604 216,605 214,605 212,607 212,608 211,609 133,609 132,609 132,602 132,601 113,601 112,600 109,600 107,602 109,603 111,603 112,605 112,617 110,617 107,620 109,621 177,621 178,622 202,622 202,623 202,625 204,626 205,625 206,625 209,622 239,622 240,621 266,621 267,620 307,620 307,621 307,627 308,627 311,627 311,621 312,620 354,620 355,619 386,619 386,620 386,627 387,627 390,627"/>
        <Word id="w30972">
          <Coords points="110,598 201,598 201,627 110,627"/>
          <Glyph id="w30972g0">
            <Coords points="110,598 124,598 124,627 110,627"/>
            <TextEquiv index="1" conf="0.9954325199127197">
              <Unicode>M</Unicode>
            </TextEquiv>
          </Glyph>
          <Glyph id="w30972g1">
            <Coords points="139,598 144,598 144,627 139,627"/>
            <TextEquiv index="1" conf="0.9997729063034058">
              <Unicode>o</Unicode>
            </TextEquiv>
          </Glyph>
          <Glyph id="w30972g2">
            <Coords points="153,598 156,598 156,627 153,627"/>
            <TextEquiv index="1" conf="0.9997814297676086">
              <Unicode>r</Unicode>
            </TextEquiv>
          </Glyph>
          <Glyph id="w30972g3">
            <Coords points="161,598 164,598 164,627 161,627"/>
            <TextEquiv index="1" conf="0.9996704578399659">
              <Unicode>a</Unicode>
            </TextEquiv>
          </Glyph>
          <Glyph id="w30972g4">
            <Coords points="175,598 178,598 178,627 175,627"/>
            <TextEquiv index="1" conf="0.9999288082122801">
              <Unicode>r</Unicode>
            </TextEquiv>
          </Glyph>
          <Glyph id="w30972g5">
            <Coords points="190,598 192,598 192,627 190,627"/>
            <TextEquiv index="1" conf="0.9998294115066528">
              <Unicode>e</Unicode>
            </TextEquiv>
          </Glyph>
          <Glyph id="w30972g6">
            <Coords points="198,598 201,598 201,627 198,627"/>
            <TextEquiv index="1" conf="0.9859634041786194">
              <Unicode>,</Unicode>
            </TextEquiv>
          </Glyph>
          <TextEquiv index="1" conf="0.9804622931437752">
            <Unicode>Morare,</Unicode>
          </TextEquiv>
        </Word>
        <Word id="w30973">
          <Coords points="209,598 275,598 275,627 209,627"/>
          <Glyph id="w30973g0">
            <Coords points="209,598 212,598 212,627 209,627"/>
            <TextEquiv index="1" conf="0.9873019099235535">
              <Unicode>f</Unicode>
            </TextEquiv>
          </Glyph>
          <Glyph id="w30973g1">
            <Coords points="221,598 224,598 224,627 221,627"/>
            <TextEquiv index="1" conf="0.9998956322669984">
              <Unicode>e</Unicode>
            </TextEquiv>
          </Glyph>
          <Glyph id="w30973g2">
            <Coords points="232,598 235,598 235,627 232,627"/>
            <TextEquiv index="1" conf="0.9932143211364746">
              <Unicode>r</Unicode>
            </TextEquiv>
          </Glyph>
          <Glyph id="w30973g3">
            <Coords points="243,598 246,598 246,627 243,627"/>
            <TextEquiv index="1" conf="0.9997764229774475">
              <Unicode>u</Unicode>
            </TextEquiv>
          </Glyph>
          <Glyph id="w30973g4">
            <Coords points="260,598 263,598 263,627 260,627"/>
            <TextEquiv index="1" conf="0.9999467134475708">
              <Unicode>e</Unicode>
            </TextEquiv>
          </Glyph>
          <Glyph id="w30973g5">
            <Coords points="272,598 275,598 275,627 272,627"/>
            <TextEquiv index="1" conf="0.9984474420547486">
              <Unicode>t</Unicode>
            </TextEquiv>
          </Glyph>
          <TextEquiv index="1" conf="0.9787067382028516">
            <Unicode>feruet</Unicode>
          </TextEquiv>
        </Word>
        <Word id="w30974">
          <Coords points="294,598 371,598 371,627 294,627"/>
          <Glyph id="w30974g0">
            <Coords points="294,598 294,598 294,627 294,627"/>
            <TextEquiv index="1" conf="0.9999860048294068">
              <Unicode>m</Unicode>
            </TextEquiv>
          </Glyph>
          <Glyph id="w30974g1">
            <Coords points="309,598 311,598 311,627 309,627"/>
            <TextEquiv index="1" conf="0.9998624801635742">
              <Unicode>i</Unicode>
            </TextEquiv>
          </Glyph>
          <Glyph id="w30974g2">
            <Coords points="317,598 320,598 320,627 317,627"/>
            <TextEquiv index="1" conf="0.9942052364349365">
              <Unicode>l</Unicode>
            </TextEquiv>
          </Glyph>
          <Glyph id="w30974g3">
            <Coords points="326,598 328,598 328,627 326,627"/>
            <TextEquiv index="1" conf="0.9988247752189636">
              <Unicode>i</Unicode>
            </TextEquiv>
          </Glyph>
          <Glyph id="w30974g4">
            <Coords points="340,598 340,598 340,627 340,627"/>
            <TextEquiv index="1" conf="0.9997441291809083">
              <Unicode>t</Unicode>
            </TextEquiv>
          </Glyph>
          <Glyph id="w30974g5">
            <Coords points="348,598 351,598 351,627 348,627"/>
            <TextEquiv index="1" conf="0.9999510288238527">
              <Unicode>u</Unicode>
            </TextEquiv>
          </Glyph>
          <Glyph id="w30974g6">
            <Coords points="371,598 371,598 371,627 371,627"/>
            <TextEquiv index="1" conf="0.9999941110610963">
              <Unicode>m</Unicode>
            </TextEquiv>
          </Glyph>
          <TextEquiv index="1" conf="0.9925778574500392">
            <Unicode>militum</Unicode>
          </TextEquiv>
        </Word>
        <Word id="w30975">
          <Coords points="396,598 487,598 487,627 396,627"/>
          <Glyph id="w30975g0">
            <Coords points="396,598 399,598 399,627 396,627"/>
            <TextEquiv index="1" conf="0.9998524785041808">
              <Unicode>e</Unicode>
            </TextEquiv>
          </Glyph>
          <Glyph id="w30975g1">
            <Coords points="410,598 413,598 413,627 410,627"/>
            <TextEquiv index="1" conf="0.9987374663352967">
              <Unicode>x</Unicode>
            </TextEquiv>
          </Glyph>
          <Glyph id="w30975g2">
            <Coords points="425,598 427,598 427,627 425,627"/>
            <TextEquiv index="1" conf="0.9691182136535644">
              <Unicode>c</Unicode>
            </TextEquiv>
          </Glyph>
          <Glyph id="w30975g3">
            <Coords points="433,598 436,598 436,627 433,627"/>
            <TextEquiv index="1" conf="0.999872899055481">
              <Unicode>u</Unicode>
            </TextEquiv>
          </Glyph>
          <Glyph id="w30975g4">
            <Coords points="450,598 453,598 453,627 450,627"/>
            <TextEquiv index="1" conf="0.9908185005187988">
              <Unicode>ſ</Unicode>
            </TextEquiv>
          </Glyph>
          <Glyph id="w30975g5">
            <Coords points="459,598 459,598 459,627 459,627"/>
            <TextEquiv index="1" conf="0.9988870859146117">
              <Unicode>ſ</Unicode>
            </TextEquiv>
          </Glyph>
          <Glyph id="w30975g6">
            <Coords points="467,598 467,598 467,627 467,627"/>
            <TextEquiv index="1" conf="0.9949621081352233">
              <Unicode>u</Unicode>
            </TextEquiv>
          </Glyph>
          <Glyph id="w30975g7">
            <Coords points="484,598 487,598 487,627 484,627"/>
            <TextEquiv index="1" conf="0.9995318531990051">
              <Unicode>s</Unicode>
            </TextEquiv>
          </Glyph>
          <TextEquiv index="1" conf="0.9524068461682501">
            <Unicode>excuſſus</Unicode>
          </TextEquiv>
        </Word>
        <Word id="w30976">
          <Coords points="504,598 569,598 569,627 504,627"/>
          <Glyph id="w30976g0">
            <Coords points="504,598 504,598 504,627 504,627"/>
            <TextEquiv index="1" conf="0.9951149821281433">
              <Unicode>f</Unicode>
            </TextEquiv>
          </Glyph>
          <Glyph id="w30976g1">
            <Coords points="512,598 512,598 512,627 512,627"/>
            <TextEquiv index="1" conf="0.9999620914459229">
              <Unicode>u</Unicode>
            </TextEquiv>
          </Glyph>
          <Glyph id="w30976g2">
            <Coords points="529,598 532,598 532,627 529,627"/>
            <TextEquiv index="1" conf="0.9999619960784911">
              <Unicode>r</Unicode>
            </TextEquiv>
          </Glyph>
          <Glyph id="w30976g3">
            <Coords points="544,598 546,598 546,627 544,627"/>
            <TextEquiv index="1" conf="0.9998117089271545">
              <Unicode>o</Unicode>
            </TextEquiv>
          </Glyph>
          <Glyph id="w30976g4">
            <Coords points="558,598 558,598 558,627 558,627"/>
            <TextEquiv index="1" conf="0.999959373474121">
              <Unicode>r</Unicode>
            </TextEquiv>
          </Glyph>
          <Glyph id="w30976g5">
            <Coords points="566,598 569,598 569,627 566,627"/>
            <TextEquiv index="1" conf="0.9924098968505859">
              <Unicode>,</Unicode>
            </TextEquiv>
          </Glyph>
          <TextEquiv index="1" conf="0.9872609443214737">
            <Unicode>furor,</Unicode>
          </TextEquiv>
        </Word>
        <TextEquiv index="1" conf="0.9970782499564319">
          <Unicode>Morare, feruet militum excuſſus furor,</Unicode>
        </TextEquiv>
      </TextLine>
      <TextLine id="r0_l024">
        <Coords points="664,659 664,622 664,621 662,621 661,622 661,633 620,633 619,632 618,632 617,631 616,631 615,632 594,632 593,633 559,633 558,632 548,632 547,633 496,633 495,632 491,632 490,632 490,628 489,626 486,626 485,627 484,627 483,628 482,628 480,630 480,631 479,632 449,632 448,632 448,628 447,626 445,626 443,628 443,632 424,632 423,631 421,631 420,632 391,632 390,632 390,628 390,627 382,627 381,627 381,626 380,624 378,624 375,627 375,632 318,632 317,631 313,631 312,631 312,628 312,627 308,627 307,628 307,632 269,632 268,632 268,629 267,627 264,627 263,628 236,628 234,630 234,636 188,636 187,635 180,635 179,635 179,631 178,629 163,629 162,628 161,628 158,631 158,633 157,634 157,635 122,635 121,635 121,630 121,629 120,629 119,628 114,628 113,627 110,627 109,628 108,628 107,629 108,630 108,648 110,649 111,648 120,648 121,647 158,647 159,648 182,648 182,649 182,655 183,655 185,655 186,656 189,656 189,650 190,649 212,649 213,648 240,648 241,647 311,647 312,646 324,646 348,646 349,647 351,647 352,646 353,646 421,646 422,647 615,647 616,648 617,647 630,647 630,648 630,654 631,654 661,654 661,655 661,659 662,659 664,659"/>
        <Word id="w30977">
          <Coords points="118,621 211,621 211,659 118,659"/>
          <Glyph id="w30977g0">
            <Coords points="118,621 121,621 121,659 118,659"/>
            <TextEquiv index="1" conf="0.9998439788818358">
              <Unicode>L</Unicode>
            </TextEquiv>
          </Glyph>
          <Glyph id="w30977g1">
            <Coords points="127,621 130,621 130,659 127,659"/>
            <TextEquiv index="1" conf="0.9523040533065796">
              <Unicode>a</Unicode>
            </TextEquiv>
          </Glyph>
          <Glyph id="w30977g2">
            <Coords points="145,621 148,621 148,659 145,659"/>
            <TextEquiv index="1" conf="0.998772919178009">
              <Unicode>x</Unicode>
            </TextEquiv>
          </Glyph>
          <Glyph id="w30977g3">
            <Coords points="157,621 157,621 157,659 157,659"/>
            <TextEquiv index="1" conf="0.3691671490669251">
              <Unicode>i</Unicode>
            </TextEquiv>
          </Glyph>
          <Glyph id="w30977g4">
            <Coords points="166,621 169,621 169,659 166,659"/>
            <TextEquiv index="1" conf="0.9932839512825011">
              <Unicode>ſ</Unicode>
            </TextEquiv>
          </Glyph>
          <Glyph id="w30977g5">
            <Coords points="178,621 184,621 184,659 178,659"/>
            <TextEquiv index="1" conf="0.9998193025588988">
              <Unicode>q</Unicode>
            </TextEquiv>
          </Glyph>
          <Glyph id="w30977g6">
            <Coords points="190,621 193,621 193,659 190,659"/>
            <TextEquiv index="1" conf="0.9999713897705078">
              <Unicode>u</Unicode>
            </TextEquiv>
          </Glyph>
          <Glyph id="w30977g7">
            <Coords points="211,621 211,621 211,659 211,659"/>
            <TextEquiv index="1" conf="0.9997304797172546">
              <Unicode>e</Unicode>
            </TextEquiv>
          </Glyph>
          <TextEquiv index="1" conf="0.348548419370154">
            <Unicode>Laxiſque</Unicode>
          </TextEquiv>
        </Word>
        <Word id="w30978">
          <Coords points="235,621 319,621 319,659 235,659"/>
          <Glyph id="w30978g0">
            <Coords points="235,621 235,621 235,659 235,659"/>
            <TextEquiv index="1" conf="0.9997247934341431">
              <Unicode>h</Unicode>
            </TextEquiv>
          </Glyph>
          <Glyph id="w30978g1">
            <Coords points="247,621 250,621 250,659 247,659"/>
            <TextEquiv index="1" conf="0.9998186230659485">
              <Unicode>a</Unicode>
            </TextEquiv>
          </Glyph>
          <Glyph id="w30978g2">
            <Coords points="262,621 265,621 265,659 262,659"/>
            <TextEquiv index="1" conf="0.9994938850402831">
              <Unicode>b</Unicode>
            </TextEquiv>
          </Glyph>
          <Glyph id="w30978g3">
            <Coords points="283,621 283,621 283,659 283,659"/>
            <TextEquiv index="1" conf="0.9998831391334534">
              <Unicode>e</Unicode>
            </TextEquiv>
          </Glyph>
          <Glyph id="w30978g4">
            <Coords points="292,621 292,621 292,659 292,659"/>
            <TextEquiv index="1" conf="0.9997703552246093">
              <Unicode>n</Unicode>
            </TextEquiv>
          </Glyph>
          <Glyph id="w30978g5">
            <Coords points="307,621 307,621 307,659 307,659"/>
            <TextEquiv index="1" conf="0.9908632397651673">
              <Unicode>i</Unicode>
            </TextEquiv>
          </Glyph>
          <Glyph id="w30978g6">
            <Coords points="316,621 319,621 319,659 316,659"/>
            <TextEquiv index="1" conf="0.9582602977752686">
              <Unicode>s</Unicode>
            </TextEquiv>
          </Glyph>
          <TextEquiv index="1" conf="0.948262416365664">
            <Unicode>habenis</Unicode>
          </TextEquiv>
        </Word>
        <Word id="w30979">
          <Coords points="346,621 421,621 421,659 346,659"/>
          <Glyph id="w30979g0">
            <Coords points="346,621 352,621 352,659 346,659"/>
            <TextEquiv index="1" conf="0.9994692802429199">
              <Unicode>v</Unicode>
            </TextEquiv>
          </Glyph>
          <Glyph id="w30979g1">
            <Coords points="364,621 367,621 367,659 364,659"/>
            <TextEquiv index="1" conf="0.9874160885810852">
              <Unicode>o</Unicode>
            </TextEquiv>
          </Glyph>
          <Glyph id="w30979g2">
            <Coords points="376,621 376,621 376,659 376,659"/>
            <TextEquiv index="1" conf="0.9998509645462036">
              <Unicode>l</Unicode>
            </TextEquiv>
          </Glyph>
          <Glyph id="w30979g3">
            <Coords points="385,621 385,621 385,659 385,659"/>
            <TextEquiv index="1" conf="0.9991813540458679">
              <Unicode>i</Unicode>
            </TextEquiv>
          </Glyph>
          <Glyph id="w30979g4">
            <Coords points="397,621 397,621 397,659 397,659"/>
            <TextEquiv index="1" conf="0.9855594038963318">
              <Unicode>t</Unicode>
            </TextEquiv>
          </Glyph>
          <Glyph id="w30979g5">
            <Coords points="403,621 406,621 406,659 403,659"/>
            <TextEquiv index="1" conf="0.9999720573425293">
              <Unicode>a</Unicode>
            </TextEquiv>
          </Glyph>
          <Glyph id="w30979g6">
            <Coords points="418,621 421,621 421,659 418,659"/>
            <TextEquiv index="1" conf="0.9965772986412049">
              <Unicode>t</Unicode>
            </TextEquiv>
          </Glyph>
          <TextEquiv index="1" conf="0.9683467535603664">
            <Unicode>volitat</Unicode>
          </TextEquiv>
        </Word>
        <Word id="w30980">
          <Coords points="442,621 451,621 451,659 442,659"/>
          <Glyph id="w30980g0">
            <Coords points="442,621 442,621 442,659 442,659"/>
            <TextEquiv index="1" conf="0.9982844471931458">
              <Unicode>i</Unicode>
            </TextEquiv>
          </Glyph>
          <Glyph id="w30980g1">
            <Coords points="451,621 451,621 451,659 451,659"/>
            <TextEquiv index="1" conf="0.9999134778976441">
              <Unicode>n</Unicode>
            </TextEquiv>
          </Glyph>
          <TextEquiv index="1" conf="0.9981980735240255">
            <Unicode>in</Unicode>
          </TextEquiv>
        </Word>
        <Word id="w30981">
          <Coords points="478,621 571,621 571,659 478,659"/>
          <Glyph id="w30981g0">
            <Coords points="478,621 478,621 478,659 478,659"/>
            <TextEquiv index="1" conf="0.9273250699043274">
              <Unicode>ſ</Unicode>
            </TextEquiv>
          </Glyph>
          <Glyph id="w30981g1">
            <Coords points="487,621 490,621 490,659 487,659"/>
            <TextEquiv index="1" conf="0.9996374368667602">
              <Unicode>u</Unicode>
            </TextEquiv>
          </Glyph>
          <Glyph id="w30981g2">
            <Coords points="508,621 511,621 511,659 508,659"/>
            <TextEquiv index="1" conf="0.9999863624572755">
              <Unicode>m</Unicode>
            </TextEquiv>
          </Glyph>
          <Glyph id="w30981g3">
            <Coords points="532,621 532,621 532,659 532,659"/>
            <TextEquiv index="1" conf="0.9999890804290772">
              <Unicode>m</Unicode>
            </TextEquiv>
          </Glyph>
          <Glyph id="w30981g4">
            <Coords points="547,621 547,621 547,659 547,659"/>
            <TextEquiv index="1" conf="0.4838687991723418">
              <Unicode>n</Unicode>
            </TextEquiv>
          </Glyph>
          <Glyph id="w30981g5">
            <Coords points="571,621 571,621 571,659 571,659"/>
            <TextEquiv index="1" conf="0.999901854991913">
              <Unicode>m</Unicode>
            </TextEquiv>
          </Glyph>
          <TextEquiv index="1" conf="0.44848594882658915">
            <Unicode>ſummnm</Unicode>
          </TextEquiv>
        </Word>
        <Word id="w30982">
          <Coords points="592,621 628,621 628,659 592,659"/>
          <Glyph id="w30982g0">
            <Coords points="592,621 595,621 595,659 592,659"/>
            <TextEquiv index="1" conf="0.9985689282417297">
              <Unicode>n</Unicode>
            </TextEquiv>
          </Glyph>
          <Glyph id="w30982g1">
            <Coords points="613,621 616,621 616,659 613,659"/>
            <TextEquiv index="1" conf="0.9916852951049804">
              <Unicode>e</Unicode>
            </TextEquiv>
          </Glyph>
          <Glyph id="w30982g2">
            <Coords points="622,621 628,621 628,659 622,659"/>
            <TextEquiv index="1" conf="0.9990305662155151">
              <Unicode>-</Unicode>
            </TextEquiv>
          </Glyph>
          <TextEquiv index="1" conf="0.9893061248514887">
            <Unicode>ne-</Unicode>
          </TextEquiv>
        </Word>
        <TextEquiv index="1" conf="0.9637128716383717">
          <Unicode>Laxiſque habenis volitat in ſummnm ne-</Unicode>
        </TextEquiv>
      </TextLine>
      <TextLine id="r0_l025">
        <Coords points="203,681 203,680 190,680 189,680 189,671 188,669 187,669 186,668 180,668 179,668 179,665 178,664 178,663 178,662 176,662 175,661 158,661 157,661 157,657 156,656 156,655 156,654 153,654 147,660 147,662 146,663 146,680 129,680 128,681 129,681 203,681"/>
        <Word id="w30983">
          <Coords points="145,654 182,654 182,681 145,681"/>
          <Glyph id="w30983g0">
            <Coords points="145,654 148,654 148,681 145,681"/>
            <TextEquiv index="1" conf="0.9988471865653992">
              <Unicode>f</Unicode>
            </TextEquiv>
          </Glyph>
          <Glyph id="w30983g1">
            <Coords points="154,654 157,654 157,681 154,681"/>
            <TextEquiv index="1" conf="0.9999770641326904">
              <Unicode>a</Unicode>
            </TextEquiv>
          </Glyph>
          <Glyph id="w30983g2">
            <Coords points="171,654 171,654 171,681 171,681"/>
            <TextEquiv index="1" conf="0.9991856694221497">
              <Unicode>s</Unicode>
            </TextEquiv>
          </Glyph>
          <Glyph id="w30983g3">
            <Coords points="179,654 182,654 182,681 179,681"/>
            <TextEquiv index="1" conf="0.9941481947898866">
              <Unicode>.</Unicode>
            </TextEquiv>
          </Glyph>
          <TextEquiv index="1" conf="0.9921707385803847">
            <Unicode>fas.</Unicode>
          </TextEquiv>
        </Word>
        <TextEquiv index="1" conf="0.9980395287275314">
          <Unicode>fas.</Unicode>
        </TextEquiv>
      </TextLine>
      <TextLine id="r0_l026">
        <Coords points="190,709 191,708 192,708 195,705 195,702 196,701 230,701 231,702 232,701 286,701 286,702 286,705 287,705 295,705 295,706 295,707 296,707 297,707 298,708 300,708 301,707 303,707 303,703 304,702 335,702 335,703 335,706 336,707 336,708 337,708 345,708 346,707 346,706 347,705 347,704 348,703 348,702 349,701 396,701 397,702 426,702 427,701 499,701 500,702 501,701 541,701 542,702 543,701 577,701 579,699 579,697 577,694 568,694 567,694 567,689 566,687 565,687 564,686 544,686 543,685 542,685 541,686 498,686 497,687 450,687 448,685 447,686 436,686 435,687 391,687 390,686 385,686 384,686 384,681 383,680 383,679 383,678 354,678 352,680 352,681 351,682 351,686 327,686 326,685 325,685 324,686 283,686 282,686 282,678 282,677 281,678 276,678 275,679 241,679 240,680 239,680 238,681 238,687 205,687 204,687 204,682 204,681 200,681 199,682 199,687 187,687 186,688 133,688 132,688 132,682 132,681 121,681 120,680 116,680 115,681 114,681 113,682 111,682 108,685 108,696 107,697 107,700 108,700 109,700 110,701 114,701 115,702 141,702 141,703 141,708 142,708 147,708 148,709 149,708 149,703 150,702 182,702 182,703 182,707 184,708 187,708 188,709 190,709"/>
        <Word id="w30984">
          <Coords points="113,677 128,677 128,709 113,709"/>
          <Glyph id="w30984g0">
            <Coords points="113,677 119,677 119,709 113,709"/>
            <TextEquiv index="1" conf="0.831557071208954">
              <Unicode>S</Unicode>
            </TextEquiv>
          </Glyph>
          <Glyph id="w30984g1">
            <Coords points="125,677 128,677 128,709 125,709"/>
            <TextEquiv index="1" conf="0.9910914659500121">
              <Unicode>i</Unicode>
            </TextEquiv>
          </Glyph>
          <TextEquiv index="1" conf="0.8241491167255808">
            <Unicode>Si</Unicode>
          </TextEquiv>
        </Word>
        <Word id="w30985">
          <Coords points="141,677 210,677 210,709 141,709"/>
          <Glyph id="w30985g0">
            <Coords points="141,677 144,677 144,709 141,709"/>
            <TextEquiv index="1" conf="0.9985141873359681">
              <Unicode>p</Unicode>
            </TextEquiv>
          </Glyph>
          <Glyph id="w30985g1">
            <Coords points="160,677 163,677 163,709 160,709"/>
            <TextEquiv index="1" conf="0.9999462842941285">
              <Unicode>e</Unicode>
            </TextEquiv>
          </Glyph>
          <Glyph id="w30985g2">
            <Coords points="173,677 173,677 173,709 173,709"/>
            <TextEquiv index="1" conf="0.9990755796432496">
              <Unicode>r</Unicode>
            </TextEquiv>
          </Glyph>
          <Glyph id="w30985g3">
            <Coords points="185,677 188,677 188,709 185,709"/>
            <TextEquiv index="1" conf="0.9988372802734374">
              <Unicode>g</Unicode>
            </TextEquiv>
          </Glyph>
          <Glyph id="w30985g4">
            <Coords points="198,677 198,677 198,709 198,709"/>
            <TextEquiv index="1" conf="0.9996274471282959">
              <Unicode>i</Unicode>
            </TextEquiv>
          </Glyph>
          <Glyph id="w30985g5">
            <Coords points="207,677 210,677 210,709 207,709"/>
            <TextEquiv index="1" conf="0.9982995748519896">
              <Unicode>s</Unicode>
            </TextEquiv>
          </Glyph>
          <TextEquiv index="1" conf="0.9943128597272844">
            <Unicode>pergis</Unicode>
          </TextEquiv>
        </Word>
        <Word id="w30986">
          <Coords points="226,677 286,677 286,709 226,709"/>
          <Glyph id="w30986g0">
            <Coords points="226,677 229,677 229,709 226,709"/>
            <TextEquiv index="1" conf="0.9984987854957581">
              <Unicode>v</Unicode>
            </TextEquiv>
          </Glyph>
          <Glyph id="w30986g1">
            <Coords points="239,677 239,677 239,709 239,709"/>
            <TextEquiv index="1" conf="0.7828352868556976">
              <Unicode>l</Unicode>
            </TextEquiv>
          </Glyph>
          <Glyph id="w30986g2">
            <Coords points="248,677 251,677 251,709 248,709"/>
            <TextEquiv index="1" conf="0.9982015252113342">
              <Unicode>t</Unicode>
            </TextEquiv>
          </Glyph>
          <Glyph id="w30986g3">
            <Coords points="261,677 264,677 264,709 261,709"/>
            <TextEquiv index="1" conf="0.9988180756568908">
              <Unicode>r</Unicode>
            </TextEquiv>
          </Glyph>
          <Glyph id="w30986g4">
            <Coords points="270,677 273,677 273,709 270,709"/>
            <TextEquiv index="1" conf="0.9928314328193665">
              <Unicode>à</Unicode>
            </TextEquiv>
          </Glyph>
          <Glyph id="w30986g5">
            <Coords points="283,677 286,677 286,709 283,709"/>
            <TextEquiv index="1" conf="0.85327889919281">
              <Unicode>,</Unicode>
            </TextEquiv>
          </Glyph>
          <TextEquiv index="1" conf="0.6602206157163766">
            <Unicode>vltrà,</Unicode>
          </TextEquiv>
        </Word>
        <Word id="w30987">
          <Coords points="296,677 362,677 362,709 296,709"/>
          <Glyph id="w30987g0">
            <Coords points="296,677 296,677 296,709 296,709"/>
            <TextEquiv index="1" conf="0.9639280080795288">
              <Unicode>p</Unicode>
            </TextEquiv>
          </Glyph>
          <Glyph id="w30987g1">
            <Coords points="311,677 314,677 314,709 311,709"/>
            <TextEquiv index="1" conf="0.9998635649681091">
              <Unicode>e</Unicode>
            </TextEquiv>
          </Glyph>
          <Glyph id="w30987g2">
            <Coords points="324,677 327,677 327,709 324,709"/>
            <TextEquiv index="1" conf="0.9998595237731935">
              <Unicode>r</Unicode>
            </TextEquiv>
          </Glyph>
          <Glyph id="w30987g3">
            <Coords points="340,677 340,677 340,709 340,709"/>
            <TextEquiv index="1" conf="0.8483797132968902">
              <Unicode>g</Unicode>
            </TextEquiv>
          </Glyph>
          <Glyph id="w30987g4">
            <Coords points="349,677 352,677 352,709 349,709"/>
            <TextEquiv index="1" conf="0.9977383971214295">
              <Unicode>i</Unicode>
            </TextEquiv>
          </Glyph>
          <Glyph id="w30987g5">
            <Coords points="362,677 362,677 362,709 362,709"/>
            <TextEquiv index="1" conf="0.9998773097991944">
              <Unicode>s</Unicode>
            </TextEquiv>
          </Glyph>
          <TextEquiv index="1" conf="0.8156014779350549">
            <Unicode>pergis</Unicode>
          </TextEquiv>
        </Word>
        <Word id="w30988">
          <Coords points="374,677 387,677 387,709 374,709"/>
          <Glyph id="w30988g0">
            <Coords points="374,677 378,677 378,709 374,709"/>
            <TextEquiv index="1" conf="0.9738819241523743">
              <Unicode>i</Unicode>
            </TextEquiv>
          </Glyph>
          <Glyph id="w30988g1">
            <Coords points="384,677 387,677 387,709 384,709"/>
            <TextEquiv index="1" conf="0.9984310269355773">
              <Unicode>n</Unicode>
            </TextEquiv>
          </Glyph>
          <TextEquiv index="1" conf="0.9723539296454511">
            <Unicode>in</Unicode>
          </TextEquiv>
        </Word>
        <Word id="w30989">
          <Coords points="409,677 475,677 475,709 409,709"/>
          <Glyph id="w30989g0">
            <Coords points="409,677 409,677 409,709 409,709"/>
            <TextEquiv index="1" conf="0.9971754431724549">
              <Unicode>c</Unicode>
            </TextEquiv>
          </Glyph>
          <Glyph id="w30989g1">
            <Coords points="422,677 422,677 422,709 422,709"/>
            <TextEquiv index="1" conf="0.9998409390449524">
              <Unicode>e</Unicode>
            </TextEquiv>
          </Glyph>
          <Glyph id="w30989g2">
            <Coords points="431,677 434,677 434,709 431,709"/>
            <TextEquiv index="1" conf="0.9999576330184937">
              <Unicode>r</Unicode>
            </TextEquiv>
          </Glyph>
          <Glyph id="w30989g3">
            <Coords points="444,677 447,677 447,709 444,709"/>
            <TextEquiv index="1" conf="0.9995086908340453">
              <Unicode>t</Unicode>
            </TextEquiv>
          </Glyph>
          <Glyph id="w30989g4">
            <Coords points="453,677 456,677 456,709 453,709"/>
            <TextEquiv index="1" conf="0.999979543685913">
              <Unicode>a</Unicode>
            </TextEquiv>
          </Glyph>
          <Glyph id="w30989g5">
            <Coords points="472,677 475,677 475,709 472,709"/>
            <TextEquiv index="1" conf="0.9997523069381714">
              <Unicode>m</Unicode>
            </TextEquiv>
          </Glyph>
          <TextEquiv index="1" conf="0.9962175664261073">
            <Unicode>certam</Unicode>
          </TextEquiv>
        </Word>
        <Word id="w30990">
          <Coords points="494,677 570,677 570,709 494,709"/>
          <Glyph id="w30990g0">
            <Coords points="494,677 494,677 494,709 494,709"/>
            <TextEquiv index="1" conf="0.9988458275794982">
              <Unicode>n</Unicode>
            </TextEquiv>
          </Glyph>
          <Glyph id="w30990g1">
            <Coords points="510,677 513,677 513,709 510,709"/>
            <TextEquiv index="1" conf="0.9961638689041138">
              <Unicode>e</Unicode>
            </TextEquiv>
          </Glyph>
          <Glyph id="w30990g2">
            <Coords points="526,677 526,677 526,709 526,709"/>
            <TextEquiv index="1" conf="0.9997626543045044">
              <Unicode>c</Unicode>
            </TextEquiv>
          </Glyph>
          <Glyph id="w30990g3">
            <Coords points="535,677 538,677 538,709 535,709"/>
            <TextEquiv index="1" conf="0.9998867154121399">
              <Unicode>e</Unicode>
            </TextEquiv>
          </Glyph>
          <Glyph id="w30990g4">
            <Coords points="551,677 554,677 554,709 551,709"/>
            <TextEquiv index="1" conf="0.9998920917510986">
              <Unicode>m</Unicode>
            </TextEquiv>
          </Glyph>
          <Glyph id="w30990g5">
            <Coords points="570,677 570,677 570,709 570,709"/>
            <TextEquiv index="1" conf="0.9903413891792296">
              <Unicode>.</Unicode>
            </TextEquiv>
          </Glyph>
          <TextEquiv index="1" conf="0.9849518880785174">
            <Unicode>necem.</Unicode>
          </TextEquiv>
        </Word>
        <TextEquiv index="1" conf="0.9770294615626334">
          <Unicode>Si pergis vltrà, pergis in certam necem.</Unicode>
        </TextEquiv>
      </TextLine>
      <TextLine id="r0_l027">
        <Coords points="355,736 356,735 440,735 440,730 441,729 452,729 455,726 455,724 454,722 446,722 445,722 445,717 444,716 444,715 444,714 298,714 297,714 297,712 296,710 294,710 292,712 292,713 291,714 291,717 289,719 289,720 288,721 288,723 287,724 287,725 285,727 285,735 284,736 285,736 355,736"/>
        <Word id="w30991">
          <Coords points="286,710 448,710 448,736 286,736"/>
          <Glyph id="w30991g0">
            <Coords points="286,710 289,710 289,736 286,736"/>
            <TextEquiv index="1" conf="0.9996591567993165">
              <Unicode>A</Unicode>
            </TextEquiv>
          </Glyph>
          <Glyph id="w30991g1">
            <Coords points="313,710 320,710 320,736 313,736"/>
            <TextEquiv index="1" conf="0.9952517032623291">
              <Unicode>N</Unicode>
            </TextEquiv>
          </Glyph>
          <Glyph id="w30991g2">
            <Coords points="336,710 336,710 336,736 336,736"/>
            <TextEquiv index="1" conf="0.9976613283157348">
              <Unicode>I</Unicode>
            </TextEquiv>
          </Glyph>
          <Glyph id="w30991g3">
            <Coords points="355,710 358,710 358,736 355,736"/>
            <TextEquiv index="1" conf="0.8107150733470916">
              <Unicode>C</Unicode>
            </TextEquiv>
          </Glyph>
          <Glyph id="w30991g4">
            <Coords points="376,710 379,710 379,736 376,736"/>
            <TextEquiv index="1" conf="0.8397122383117676">
              <Unicode>E</Unicode>
            </TextEquiv>
          </Glyph>
          <Glyph id="w30991g5">
            <Coords points="397,710 397,710 397,736 397,736"/>
            <TextEquiv index="1" conf="0.9981713771820069">
              <Unicode>T</Unicode>
            </TextEquiv>
          </Glyph>
          <Glyph id="w30991g6">
            <Coords points="416,710 418,710 418,736 416,736"/>
            <TextEquiv index="1" conf="0.9435729146003723">
              <Unicode>V</Unicode>
            </TextEquiv>
          </Glyph>
          <Glyph id="w30991g7">
            <Coords points="434,710 437,710 437,736 434,736"/>
            <TextEquiv index="1" conf="0.9434992074966432">
              <Unicode>S</Unicode>
            </TextEquiv>
          </Glyph>
          <Glyph id="w30991g8">
            <Coords points="445,710 448,710 448,736 445,736"/>
            <TextEquiv index="1" conf="0.9917133331298829">
              <Unicode>.</Unicode>
            </TextEquiv>
          </Glyph>
          <TextEquiv index="1" conf="0.5954907458971774">
            <Unicode>ANICETVS.</Unicode>
          </TextEquiv>
        </Word>
        <TextEquiv index="1" conf="0.9466618147161271">
          <Unicode>ANICETVS.</Unicode>
        </TextEquiv>
      </TextLine>
      <TextLine id="r0_l028">
        <Coords points="110,765 111,764 169,764 169,763 170,762 560,762 559,760 509,760 508,760 510,758 510,756 511,755 542,755 544,753 544,752 545,751 544,750 544,743 543,741 530,741 529,741 529,736 528,735 528,733 528,732 527,732 526,731 525,731 523,733 523,734 247,734 246,735 147,735 146,736 108,736 107,737 107,738 108,739 108,765 109,765 110,765"/>
        <Word id="w30992">
          <Coords points="117,731 159,731 159,765 117,765"/>
          <Glyph id="w30992g0">
            <Coords points="117,731 120,731 120,765 117,765"/>
            <TextEquiv index="1" conf="0.4805869047219554">
              <Unicode>o</Unicode>
            </TextEquiv>
          </Glyph>
          <Glyph id="w30992g1">
            <Coords points="129,731 129,731 129,765 129,765"/>
            <TextEquiv index="1" conf="0.9994098901748658">
              <Unicode>u</Unicode>
            </TextEquiv>
          </Glyph>
          <Glyph id="w30992g2">
            <Coords points="144,731 144,731 144,765 144,765"/>
            <TextEquiv index="1" conf="0.9984949111938477">
              <Unicode>i</Unicode>
            </TextEquiv>
          </Glyph>
          <Glyph id="w30992g3">
            <Coords points="156,731 159,731 159,765 156,765"/>
            <TextEquiv index="1" conf="0.9999359130859373">
              <Unicode>d</Unicode>
            </TextEquiv>
          </Glyph>
          <TextEquiv index="1" conf="0.47954967171042984">
            <Unicode>ouid</Unicode>
          </TextEquiv>
        </Word>
        <Word id="w30993">
          <Coords points="180,731 201,731 201,765 180,765"/>
          <Glyph id="w30993g0">
            <Coords points="180,731 183,731 183,765 180,765"/>
            <TextEquiv index="1" conf="0.9998465418815612">
              <Unicode>m</Unicode>
            </TextEquiv>
          </Glyph>
          <Glyph id="w30993g1">
            <Coords points="198,731 201,731 201,765 198,765"/>
            <TextEquiv index="1" conf="0.9980980157852174">
              <Unicode>e</Unicode>
            </TextEquiv>
          </Glyph>
          <TextEquiv index="1" conf="0.9979448495416975">
            <Unicode>me</Unicode>
          </TextEquiv>
        </Word>
        <Word id="w30994">
          <Coords points="216,731 282,731 282,765 216,765"/>
          <Glyph id="w30994g0">
            <Coords points="216,731 219,731 219,765 216,765"/>
            <TextEquiv index="1" conf="0.9999511003494264">
              <Unicode>d</Unicode>
            </TextEquiv>
          </Glyph>
          <Glyph id="w30994g1">
            <Coords points="231,731 234,731 234,765 231,765"/>
            <TextEquiv index="1" conf="0.999776268005371">
              <Unicode>o</Unicode>
            </TextEquiv>
          </Glyph>
          <Glyph id="w30994g2">
            <Coords points="243,731 246,731 246,765 243,765"/>
            <TextEquiv index="1" conf="0.9992400884628296">
              <Unicode>l</Unicode>
            </TextEquiv>
          </Glyph>
          <Glyph id="w30994g3">
            <Coords points="258,731 261,731 261,765 258,765"/>
            <TextEquiv index="1" conf="0.9997617721557618">
              <Unicode>o</Unicode>
            </TextEquiv>
          </Glyph>
          <Glyph id="w30994g4">
            <Coords points="270,731 273,731 273,765 270,765"/>
            <TextEquiv index="1" conf="0.9999739170074462">
              <Unicode>r</Unicode>
            </TextEquiv>
          </Glyph>
          <Glyph id="w30994g5">
            <Coords points="282,731 282,731 282,765 282,765"/>
            <TextEquiv index="1" conf="0.9914782285690309">
              <Unicode>i</Unicode>
            </TextEquiv>
          </Glyph>
          <TextEquiv index="1" conf="0.9901929189766473">
            <Unicode>dolori</Unicode>
          </TextEquiv>
        </Word>
        <Word id="w30995">
          <Coords points="297,731 392,731 392,765 297,765"/>
          <Glyph id="w30995g0">
            <Coords points="297,731 300,731 300,765 297,765"/>
            <TextEquiv index="1" conf="0.99930682182312">
              <Unicode>r</Unicode>
            </TextEquiv>
          </Glyph>
          <Glyph id="w30995g1">
            <Coords points="309,731 312,731 312,765 309,765"/>
            <TextEquiv index="1" conf="0.9999482989311219">
              <Unicode>e</Unicode>
            </TextEquiv>
          </Glyph>
          <Glyph id="w30995g2">
            <Coords points="324,731 327,731 327,765 324,765"/>
            <TextEquiv index="1" conf="0.9997293233871459">
              <Unicode>d</Unicode>
            </TextEquiv>
          </Glyph>
          <Glyph id="w30995g3">
            <Coords points="338,731 341,731 341,765 338,765"/>
            <TextEquiv index="1" conf="0.9966567873954773">
              <Unicode>d</Unicode>
            </TextEquiv>
          </Glyph>
          <Glyph id="w30995g4">
            <Coords points="350,731 350,731 350,765 350,765"/>
            <TextEquiv index="1" conf="0.9997231483459473">
              <Unicode>i</Unicode>
            </TextEquiv>
          </Glyph>
          <Glyph id="w30995g5">
            <Coords points="359,731 362,731 362,765 359,765"/>
            <TextEquiv index="1" conf="0.9992159962654114">
              <Unicode>t</Unicode>
            </TextEquiv>
          </Glyph>
          <Glyph id="w30995g6">
            <Coords points="368,731 371,731 371,765 368,765"/>
            <TextEquiv index="1" conf="0.9997468233108521">
              <Unicode>i</Unicode>
            </TextEquiv>
          </Glyph>
          <Glyph id="w30995g7">
            <Coords points="380,731 380,731 380,765 380,765"/>
            <TextEquiv index="1" conf="0.9654003620147705">
              <Unicode>s</Unicode>
            </TextEquiv>
          </Glyph>
          <Glyph id="w30995g8">
            <Coords points="392,731 392,731 392,765 392,765"/>
            <TextEquiv index="1" conf="0.7510722815990447">
              <Unicode>:</Unicode>
            </TextEquiv>
          </Glyph>
          <TextEquiv index="1" conf="0.7209793208932367">
            <Unicode>redditis:</Unicode>
          </TextEquiv>
        </Word>
        <Word id="w30996">
          <Coords points="404,731 458,731 458,765 404,765"/>
          <Glyph id="w30996g0">
            <Coords points="404,731 404,731 404,765 404,765"/>
            <TextEquiv index="1" conf="0.998078715801239">
              <Unicode>ſ</Unicode>
            </TextEquiv>
          </Glyph>
          <Glyph id="w30996g1">
            <Coords points="410,731 410,731 410,765 410,765"/>
            <TextEquiv index="1" conf="0.9995493769645691">
              <Unicode>i</Unicode>
            </TextEquiv>
          </Glyph>
          <Glyph id="w30996g2">
            <Coords points="416,731 419,731 419,765 416,765"/>
            <TextEquiv index="1" conf="0.9999372243881225">
              <Unicode>n</Unicode>
            </TextEquiv>
          </Glyph>
          <Glyph id="w30996g3">
            <Coords points="431,731 434,731 434,765 431,765"/>
            <TextEquiv index="1" conf="0.9997545599937439">
              <Unicode>i</Unicode>
            </TextEquiv>
          </Glyph>
          <Glyph id="w30996g4">
            <Coords points="443,731 446,731 446,765 443,765"/>
            <TextEquiv index="1" conf="0.9899112820625304">
              <Unicode>t</Unicode>
            </TextEquiv>
          </Glyph>
          <Glyph id="w30996g5">
            <Coords points="455,731 458,731 458,765 455,765"/>
            <TextEquiv index="1" conf="0.999987554550171">
              <Unicode>e</Unicode>
            </TextEquiv>
          </Glyph>
          <TextEquiv index="1" conf="0.9872475069971194">
            <Unicode>ſinite</Unicode>
          </TextEquiv>
        </Word>
        <Word id="w30997">
          <Coords points="476,731 536,731 536,765 476,765"/>
          <Glyph id="w30997g0">
            <Coords points="476,731 482,731 482,765 476,765"/>
            <TextEquiv index="1" conf="0.9986489772796632">
              <Unicode>o</Unicode>
            </TextEquiv>
          </Glyph>
          <Glyph id="w30997g1">
            <Coords points="491,731 494,731 494,765 491,765"/>
            <TextEquiv index="1" conf="0.9988585233688354">
              <Unicode>c</Unicode>
            </TextEquiv>
          </Glyph>
          <Glyph id="w30997g2">
            <Coords points="500,731 506,731 506,765 500,765"/>
            <TextEquiv index="1" conf="0.9569289565086364">
              <Unicode>y</Unicode>
            </TextEquiv>
          </Glyph>
          <Glyph id="w30997g3">
            <Coords points="518,731 518,731 518,765 518,765"/>
            <TextEquiv index="1" conf="0.9950629591941833">
              <Unicode>ù</Unicode>
            </TextEquiv>
          </Glyph>
          <Glyph id="w30997g4">
            <Coords points="533,731 536,731 536,765 533,765"/>
            <TextEquiv index="1" conf="0.998830235004425">
              <Unicode>s</Unicode>
            </TextEquiv>
          </Glyph>
          <TextEquiv index="1" conf="0.948721577412923">
            <Unicode>ocyùs</Unicode>
          </TextEquiv>
        </Word>
        <TextEquiv index="1" conf="0.972183971159026">
          <Unicode>ouid me dolori redditis: ſinite ocyùs</Unicode>
        </TextEquiv>
      </TextLine>
      <TextLine id="r0_l029">
        <Coords points="256,791 256,784 257,783 316,783 317,784 322,784 323,783 421,783 422,784 423,784 424,783 435,783 436,782 492,782 492,783 492,785 493,786 493,787 494,787 497,787 497,783 498,782 524,782 524,783 524,789 525,789 527,789 527,783 528,782 576,782 577,781 588,781 588,780 589,779 589,777 587,774 582,774 581,774 581,770 579,767 561,767 560,767 560,763 560,762 555,762 554,763 554,769 515,769 514,768 494,768 493,768 493,763 493,762 488,762 484,766 483,766 482,767 482,768 442,768 441,768 441,765 440,763 438,763 437,764 434,764 431,767 431,768 422,768 421,769 378,769 377,769 377,767 376,766 376,765 376,764 374,764 373,763 315,763 313,765 312,765 308,769 264,769 263,769 263,765 262,763 257,763 253,767 253,769 222,769 221,770 178,770 177,770 177,765 177,764 168,764 167,765 167,770 129,770 128,770 128,769 127,768 127,767 126,765 121,765 120,764 111,764 110,765 109,765 108,766 108,784 110,785 114,785 115,784 155,784 155,785 155,786 157,787 158,787 161,784 204,784 204,785 204,786 206,787 208,787 212,783 227,783 228,782 252,782 252,783 252,791 253,791 256,791"/>
        <Word id="w30998">
          <Coords points="112,762 154,762 154,791 112,791"/>
          <Glyph id="w30998g0">
            <Coords points="112,762 115,762 115,791 112,791"/>
            <TextEquiv index="1" conf="0.971147072315216">
              <Unicode>I</Unicode>
            </TextEquiv>
          </Glyph>
          <Glyph id="w30998g1">
            <Coords points="142,762 145,762 145,791 142,791"/>
            <TextEquiv index="1" conf="0.9981900811195373">
              <Unicode>o</Unicode>
            </TextEquiv>
          </Glyph>
          <Glyph id="w30998g2">
            <Coords points="154,762 154,762 154,791 154,791"/>
            <TextEquiv index="1" conf="0.9987210988998413">
              <Unicode>,</Unicode>
            </TextEquiv>
          </Glyph>
          <TextEquiv index="1" conf="0.9681496217552934">
            <Unicode>Io,</Unicode>
          </TextEquiv>
        </Word>
        <Word id="w30999">
          <Coords points="163,762 205,762 205,791 163,791"/>
          <Glyph id="w30999g0">
            <Coords points="163,762 163,762 163,791 163,791"/>
            <TextEquiv index="1" conf="0.9993921637535096">
              <Unicode>i</Unicode>
            </TextEquiv>
          </Glyph>
          <Glyph id="w30999g1">
            <Coords points="172,762 172,762 172,791 172,791"/>
            <TextEquiv index="1" conf="0.9999324440956117">
              <Unicode>b</Unicode>
            </TextEquiv>
          </Glyph>
          <Glyph id="w30999g2">
            <Coords points="190,762 196,762 196,791 190,791"/>
            <TextEquiv index="1" conf="0.9987498879432679">
              <Unicode>o</Unicode>
            </TextEquiv>
          </Glyph>
          <Glyph id="w30999g3">
            <Coords points="202,762 205,762 205,791 202,791"/>
            <TextEquiv index="1" conf="0.9105249762535095">
              <Unicode>,</Unicode>
            </TextEquiv>
          </Glyph>
          <TextEquiv index="1" conf="0.9087725626933676">
            <Unicode>ibo,</Unicode>
          </TextEquiv>
        </Word>
        <Word id="w31000">
          <Coords points="217,762 292,762 292,791 217,791"/>
          <Glyph id="w31000g0">
            <Coords points="217,762 220,762 220,791 217,791"/>
            <TextEquiv index="1" conf="0.9998999238014221">
              <Unicode>n</Unicode>
            </TextEquiv>
          </Glyph>
          <Glyph id="w31000g1">
            <Coords points="238,762 241,762 241,791 238,791"/>
            <TextEquiv index="1" conf="0.9999676942825317">
              <Unicode>o</Unicode>
            </TextEquiv>
          </Glyph>
          <Glyph id="w31000g2">
            <Coords points="250,762 250,762 250,791 250,791"/>
            <TextEquiv index="1" conf="0.9996037006378173">
              <Unicode>ſ</Unicode>
            </TextEquiv>
          </Glyph>
          <Glyph id="w31000g3">
            <Coords points="259,762 259,762 259,791 259,791"/>
            <TextEquiv index="1" conf="0.9999846458435058">
              <Unicode>t</Unicode>
            </TextEquiv>
          </Glyph>
          <Glyph id="w31000g4">
            <Coords points="271,762 271,762 271,791 271,791"/>
            <TextEquiv index="1" conf="0.9999954223632812">
              <Unicode>r</Unicode>
            </TextEquiv>
          </Glyph>
          <Glyph id="w31000g5">
            <Coords points="289,762 292,762 292,791 289,791"/>
            <TextEquiv index="1" conf="0.999123501777649">
              <Unicode>æ</Unicode>
            </TextEquiv>
          </Glyph>
          <TextEquiv index="1" conf="0.9985754358078015">
            <Unicode>noſtræ</Unicode>
          </TextEquiv>
        </Word>
        <Word id="w31001">
          <Coords points="316,762 400,762 400,791 316,791"/>
          <Glyph id="w31001g0">
            <Coords points="316,762 319,762 319,791 316,791"/>
            <TextEquiv index="1" conf="0.9995920300483704">
              <Unicode>C</Unicode>
            </TextEquiv>
          </Glyph>
          <Glyph id="w31001g1">
            <Coords points="328,762 328,762 328,791 328,791"/>
            <TextEquiv index="1" conf="0.9978332877159118">
              <Unicode>h</Unicode>
            </TextEquiv>
          </Glyph>
          <Glyph id="w31001g2">
            <Coords points="343,762 346,762 346,791 343,791"/>
            <TextEquiv index="1" conf="0.9999811887741089">
              <Unicode>r</Unicode>
            </TextEquiv>
          </Glyph>
          <Glyph id="w31001g3">
            <Coords points="355,762 355,762 355,791 355,791"/>
            <TextEquiv index="1" conf="0.9992681741714478">
              <Unicode>i</Unicode>
            </TextEquiv>
          </Glyph>
          <Glyph id="w31001g4">
            <Coords points="364,762 364,762 364,791 364,791"/>
            <TextEquiv index="1" conf="0.9995826721191408">
              <Unicode>ſ</Unicode>
            </TextEquiv>
          </Glyph>
          <Glyph id="w31001g5">
            <Coords points="373,762 373,762 373,791 373,791"/>
            <TextEquiv index="1" conf="0.9999970197677613">
              <Unicode>t</Unicode>
            </TextEquiv>
          </Glyph>
          <Glyph id="w31001g6">
            <Coords points="382,762 385,762 385,791 382,791"/>
            <TextEquiv index="1" conf="0.999918806552887">
              <Unicode>u</Unicode>
            </TextEquiv>
          </Glyph>
          <Glyph id="w31001g7">
            <Coords points="400,762 400,762 400,791 400,791"/>
            <TextEquiv index="1" conf="0.9999446392059327">
              <Unicode>s</Unicode>
            </TextEquiv>
          </Glyph>
          <TextEquiv index="1" conf="0.996122561119637">
            <Unicode>Chriſtus</Unicode>
          </TextEquiv>
        </Word>
        <Word id="w31002">
          <Coords points="418,762 439,762 439,791 418,791"/>
          <Glyph id="w31002g0">
            <Coords points="418,762 421,762 421,791 418,791"/>
            <TextEquiv index="1" conf="0.9988797545433044">
              <Unicode>e</Unicode>
            </TextEquiv>
          </Glyph>
          <Glyph id="w31002g1">
            <Coords points="427,762 430,762 430,791 427,791"/>
            <TextEquiv index="1" conf="0.9979468107223511">
              <Unicode>ſ</Unicode>
            </TextEquiv>
          </Glyph>
          <Glyph id="w31002g2">
            <Coords points="436,762 439,762 439,791 436,791"/>
            <TextEquiv index="1" conf="0.9997220754623413">
              <Unicode>t</Unicode>
            </TextEquiv>
          </Glyph>
          <TextEquiv index="1" conf="0.9965518221400905">
            <Unicode>eſt</Unicode>
          </TextEquiv>
        </Word>
        <Word id="w31003">
          <Coords points="451,762 526,762 526,791 451,791"/>
          <Glyph id="w31003g0">
            <Coords points="451,762 454,762 454,791 451,791"/>
            <TextEquiv index="1" conf="0.9999899864196777">
              <Unicode>a</Unicode>
            </TextEquiv>
          </Glyph>
          <Glyph id="w31003g1">
            <Coords points="466,762 466,762 466,791 466,791"/>
            <TextEquiv index="1" conf="0.9996686458587647">
              <Unicode>u</Unicode>
            </TextEquiv>
          </Glyph>
          <Glyph id="w31003g2">
            <Coords points="481,762 481,762 481,791 481,791"/>
            <TextEquiv index="1" conf="0.9997089505195617">
              <Unicode>ſ</Unicode>
            </TextEquiv>
          </Glyph>
          <Glyph id="w31003g3">
            <Coords points="490,762 493,762 493,791 490,791"/>
            <TextEquiv index="1" conf="0.9997651934623719">
              <Unicode>p</Unicode>
            </TextEquiv>
          </Glyph>
          <Glyph id="w31003g4">
            <Coords points="508,762 511,762 511,791 508,791"/>
            <TextEquiv index="1" conf="0.9999818801879883">
              <Unicode>e</Unicode>
            </TextEquiv>
          </Glyph>
          <Glyph id="w31003g5">
            <Coords points="523,762 526,762 526,791 523,791"/>
            <TextEquiv index="1" conf="0.9980271816253662">
              <Unicode>x</Unicode>
            </TextEquiv>
          </Glyph>
          <TextEquiv index="1" conf="0.9971438510222441">
            <Unicode>auſpex</Unicode>
          </TextEquiv>
        </Word>
        <Word id="w31004">
          <Coords points="541,762 583,762 583,791 541,791"/>
          <Glyph id="w31004g0">
            <Coords points="541,762 544,762 544,791 541,791"/>
            <TextEquiv index="1" conf="0.999129605293274">
              <Unicode>v</Unicode>
            </TextEquiv>
          </Glyph>
          <Glyph id="w31004g1">
            <Coords points="553,762 553,762 553,791 553,791"/>
            <TextEquiv index="1" conf="0.7210468649864197">
              <Unicode>ĩ</Unicode>
            </TextEquiv>
          </Glyph>
          <Glyph id="w31004g2">
            <Coords points="571,762 574,762 574,791 571,791"/>
            <TextEquiv index="1" conf="0.9985384583473205">
              <Unicode>æ</Unicode>
            </TextEquiv>
          </Glyph>
          <Glyph id="w31004g3">
            <Coords points="580,762 583,762 583,791 580,791"/>
            <TextEquiv index="1" conf="0.9962527871131898">
              <Unicode>.</Unicode>
            </TextEquiv>
          </Glyph>
          <TextEquiv index="1" conf="0.7166707279966799">
            <Unicode>vĩæ.</Unicode>
          </TextEquiv>
        </Word>
        <TextEquiv index="1" conf="0.9883403560519219">
          <Unicode>Io, ibo, noſtræ Chriſtus eſt auſpex vĩæ.</Unicode>
        </TextEquiv>
      </TextLine>
      <TextLine id="r0_l030">
        <Coords points="248,854 249,853 667,853 667,852 666,851 666,792 665,791 665,779 665,778 145,778 144,779 144,791 116,791 115,792 114,792 110,796 110,804 108,806 108,809 110,810 111,810 112,811 146,811 146,812 146,813 148,815 148,816 149,817 149,818 150,819 150,820 151,821 151,822 152,823 152,824 153,825 153,826 154,827 154,828 155,829 155,830 156,831 156,832 158,834 158,835 159,836 159,837 160,838 160,839 161,840 161,841 162,842 162,843 163,844 163,845 164,846 164,847 165,848 165,849 166,850 166,851 167,852 167,853 248,854"/>
        <TextEquiv index="1" conf="0.0">
          <Unicode></Unicode>
        </TextEquiv>
      </TextLine>
      <TextLine id="r0_l031">
        <Coords points="137,837 214,837 214,817 137,817 137,837"/>
        <Word id="w31005">
          <Coords points="136,817 165,817 165,837 136,837"/>
          <Glyph id="w31005g0">
            <Coords points="136,817 138,817 138,837 136,837"/>
            <TextEquiv index="1" conf="0.994172990322113">
              <Unicode>f</Unicode>
            </TextEquiv>
          </Glyph>
          <Glyph id="w31005g1">
            <Coords points="145,817 147,817 147,837 145,837"/>
            <TextEquiv index="1" conf="0.9970979690551758">
              <Unicode>u</Unicode>
            </TextEquiv>
          </Glyph>
          <Glyph id="w31005g2">
            <Coords points="162,817 165,817 165,837 162,837"/>
            <TextEquiv index="1" conf="0.9074507236480713">
              <Unicode>r</Unicode>
            </TextEquiv>
          </Glyph>
          <TextEquiv index="1" conf="0.8995448945573464">
            <Unicode>fur</Unicode>
          </TextEquiv>
        </Word>
        <Word id="w31006">
          <Coords points="177,817 201,817 201,837 177,837"/>
          <Glyph id="w31006g0">
            <Coords points="177,817 182,817 182,837 177,837"/>
            <TextEquiv index="1" conf="0.9981004953384399">
              <Unicode>o</Unicode>
            </TextEquiv>
          </Glyph>
          <Glyph id="w31006g1">
            <Coords points="189,817 192,817 192,837 189,837"/>
            <TextEquiv index="1" conf="0.9958853006362914">
              <Unicode>r</Unicode>
            </TextEquiv>
          </Glyph>
          <Glyph id="w31006g2">
            <Coords points="201,817 201,817 201,837 201,837"/>
            <TextEquiv index="1" conf="0.5356077015399933">
              <Unicode>?</Unicode>
            </TextEquiv>
          </Glyph>
          <TextEquiv index="1" conf="0.5323906337966382">
            <Unicode>or?</Unicode>
          </TextEquiv>
        </Word>
        <TextEquiv index="1" conf="0.8856738107545034">
          <Unicode>fur or?</Unicode>
        </TextEquiv>
      </TextLine>
      <TextLine id="r0_l032">
        <Coords points="267,870 267,869 268,868 287,868 290,865 290,864 291,863 362,863 362,864 362,867 363,867 365,867 367,865 367,864 368,863 403,863 404,864 437,864 438,863 471,863 472,864 476,864 477,863 515,863 516,864 523,864 524,865 526,865 527,864 536,864 537,863 591,863 592,864 595,864 597,862 597,860 594,856 586,856 584,855 584,851 583,849 560,849 559,848 534,848 533,848 533,844 533,843 532,843 531,842 475,842 474,842 474,841 474,840 473,840 472,841 471,841 470,842 469,842 468,843 437,843 436,842 433,842 432,843 432,848 404,848 403,849 335,849 334,849 334,844 334,843 333,843 332,842 277,842 276,843 276,849 233,849 232,849 232,845 231,843 213,843 211,845 211,849 183,849 182,848 181,849 169,849 168,850 135,850 134,850 134,845 134,844 110,844 108,846 108,847 109,848 109,864 111,865 134,865 135,864 168,864 169,865 174,865 175,864 220,864 221,865 223,865 224,864 258,864 258,865 258,870 259,870 267,870"/>
        <Word id="w31007">
          <Coords points="110,840 196,840 196,870 110,870"/>
          <Glyph id="w31007g0">
            <Coords points="110,840 129,840 129,870 110,870"/>
            <TextEquiv index="1" conf="0.9440342664718628">
              <Unicode>M</Unicode>
            </TextEquiv>
          </Glyph>
          <Glyph id="w31007g1">
            <Coords points="136,840 139,840 139,870 136,870"/>
            <TextEquiv index="1" conf="0.9999832868576051">
              <Unicode>a</Unicode>
            </TextEquiv>
          </Glyph>
          <Glyph id="w31007g2">
            <Coords points="148,840 152,840 152,870 148,870"/>
            <TextEquiv index="1" conf="0.9999320030212402">
              <Unicode>n</Unicode>
            </TextEquiv>
          </Glyph>
          <Glyph id="w31007g3">
            <Coords points="167,840 171,840 171,870 167,870"/>
            <TextEquiv index="1" conf="0.9999355673789978">
              <Unicode>e</Unicode>
            </TextEquiv>
          </Glyph>
          <Glyph id="w31007g4">
            <Coords points="180,840 180,840 180,870 180,870"/>
            <TextEquiv index="1" conf="0.9998707294464112">
              <Unicode>t</Unicode>
            </TextEquiv>
          </Glyph>
          <Glyph id="w31007g5">
            <Coords points="193,840 196,840 196,870 193,870"/>
            <TextEquiv index="1" conf="0.9997607827186584">
              <Unicode>e</Unicode>
            </TextEquiv>
          </Glyph>
          <TextEquiv index="1" conf="0.9435456927631134">
            <Unicode>Manete</Unicode>
          </TextEquiv>
        </Word>
        <Word id="w31008">
          <Coords points="221,840 284,840 284,870 221,870"/>
          <Glyph id="w31008g0">
            <Coords points="221,840 224,840 224,870 221,870"/>
            <TextEquiv index="1" conf="0.9535647988319397">
              <Unicode>V</Unicode>
            </TextEquiv>
          </Glyph>
          <Glyph id="w31008g1">
            <Coords points="237,840 237,840 237,870 237,870"/>
            <TextEquiv index="1" conf="0.9999505996704102">
              <Unicode>e</Unicode>
            </TextEquiv>
          </Glyph>
          <Glyph id="w31008g2">
            <Coords points="246,840 250,840 250,870 246,870"/>
            <TextEquiv index="1" conf="0.9999680519104004">
              <Unicode>r</Unicode>
            </TextEquiv>
          </Glyph>
          <Glyph id="w31008g3">
            <Coords points="259,840 262,840 262,870 259,870"/>
            <TextEquiv index="1" conf="0.9755799651145936">
              <Unicode>p</Unicode>
            </TextEquiv>
          </Glyph>
          <Glyph id="w31008g4">
            <Coords points="275,840 275,840 275,870 275,870"/>
            <TextEquiv index="1" conf="0.9964786648750306">
              <Unicode>i</Unicode>
            </TextEquiv>
          </Glyph>
          <Glyph id="w31008g5">
            <Coords points="281,840 284,840 284,870 281,870"/>
            <TextEquiv index="1" conf="0.9974967002868653">
              <Unicode>,</Unicode>
            </TextEquiv>
          </Glyph>
          <TextEquiv index="1" conf="0.9246071040155182">
            <Unicode>Verpi,</Unicode>
          </TextEquiv>
        </Word>
        <Word id="w31009">
          <Coords points="294,840 360,840 360,870 294,870"/>
          <Glyph id="w31009g0">
            <Coords points="294,840 294,840 294,870 294,870"/>
            <TextEquiv index="1" conf="0.9962942242622376">
              <Unicode>ſ</Unicode>
            </TextEquiv>
          </Glyph>
          <Glyph id="w31009g1">
            <Coords points="300,840 300,840 300,870 300,870"/>
            <TextEquiv index="1" conf="0.9906029462814332">
              <Unicode>i</Unicode>
            </TextEquiv>
          </Glyph>
          <Glyph id="w31009g2">
            <Coords points="310,840 313,840 313,870 310,870"/>
            <TextEquiv index="1" conf="0.9960298180580138">
              <Unicode>ſ</Unicode>
            </TextEquiv>
          </Glyph>
          <Glyph id="w31009g3">
            <Coords points="319,840 319,840 319,870 319,870"/>
            <TextEquiv index="1" conf="0.9990281581878663">
              <Unicode>t</Unicode>
            </TextEquiv>
          </Glyph>
          <Glyph id="w31009g4">
            <Coords points="329,840 329,840 329,870 329,870"/>
            <TextEquiv index="1" conf="0.9996578454971312">
              <Unicode>i</Unicode>
            </TextEquiv>
          </Glyph>
          <Glyph id="w31009g5">
            <Coords points="338,840 341,840 341,870 338,870"/>
            <TextEquiv index="1" conf="0.9991283893585206">
              <Unicode>t</Unicode>
            </TextEquiv>
          </Glyph>
          <Glyph id="w31009g6">
            <Coords points="351,840 354,840 354,870 351,870"/>
            <TextEquiv index="1" conf="0.999679470062256">
              <Unicode>e</Unicode>
            </TextEquiv>
          </Glyph>
          <Glyph id="w31009g7">
            <Coords points="360,840 360,840 360,870 360,870"/>
            <TextEquiv index="1" conf="0.999827754497528">
              <Unicode>,</Unicode>
            </TextEquiv>
          </Glyph>
          <TextEquiv index="1" conf="0.9803833723449568">
            <Unicode>ſiſtite,</Unicode>
          </TextEquiv>
        </Word>
        <Word id="w31010">
          <Coords points="370,840 401,840 401,870 370,870"/>
          <Glyph id="w31010g0">
            <Coords points="370,840 370,840 370,870 370,870"/>
            <TextEquiv index="1" conf="0.9993723630905151">
              <Unicode>a</Unicode>
            </TextEquiv>
          </Glyph>
          <Glyph id="w31010g1">
            <Coords points="386,840 386,840 386,870 386,870"/>
            <TextEquiv index="1" conf="0.995747971534729">
              <Unicode>u</Unicode>
            </TextEquiv>
          </Glyph>
          <Glyph id="w31010g2">
            <Coords points="401,840 401,840 401,870 401,870"/>
            <TextEquiv index="1" conf="0.9952165365219117">
              <Unicode>t</Unicode>
            </TextEquiv>
          </Glyph>
          <TextEquiv index="1" conf="0.9903628688124938">
            <Unicode>aut</Unicode>
          </TextEquiv>
        </Word>
        <Word id="w31011">
          <Coords points="420,840 480,840 480,870 420,870"/>
          <Glyph id="w31011g0">
            <Coords points="420,840 423,840 423,870 420,870"/>
            <TextEquiv index="1" conf="0.9613208174705505">
              <Unicode>v</Unicode>
            </TextEquiv>
          </Glyph>
          <Glyph id="w31011g1">
            <Coords points="430,840 433,840 433,870 430,870"/>
            <TextEquiv index="1" conf="0.992321002483368">
              <Unicode>i</Unicode>
            </TextEquiv>
          </Glyph>
          <Glyph id="w31011g2">
            <Coords points="439,840 442,840 442,870 439,870"/>
            <TextEquiv index="1" conf="0.9999850511550904">
              <Unicode>n</Unicode>
            </TextEquiv>
          </Glyph>
          <Glyph id="w31011g3">
            <Coords points="458,840 458,840 458,870 458,870"/>
            <TextEquiv index="1" conf="0.9503553867340088">
              <Unicode>c</Unicode>
            </TextEquiv>
          </Glyph>
          <Glyph id="w31011g4">
            <Coords points="468,840 471,840 471,870 468,870"/>
            <TextEquiv index="1" conf="0.9995186924934387">
              <Unicode>l</Unicode>
            </TextEquiv>
          </Glyph>
          <Glyph id="w31011g5">
            <Coords points="474,840 480,840 480,870 474,870"/>
            <TextEquiv index="1" conf="0.9999803066253662">
              <Unicode>a</Unicode>
            </TextEquiv>
          </Glyph>
          <TextEquiv index="1" conf="0.9061131778524388">
            <Unicode>vincla</Unicode>
          </TextEquiv>
        </Word>
        <Word id="w31012">
          <Coords points="496,840 591,840 591,870 496,870"/>
          <Glyph id="w31012g0">
            <Coords points="496,840 496,840 496,870 496,870"/>
            <TextEquiv index="1" conf="0.9597004652023315">
              <Unicode>i</Unicode>
            </TextEquiv>
          </Glyph>
          <Glyph id="w31012g1">
            <Coords points="503,840 506,840 506,870 503,870"/>
            <TextEquiv index="1" conf="0.9994282007217408">
              <Unicode>n</Unicode>
            </TextEquiv>
          </Glyph>
          <Glyph id="w31012g2">
            <Coords points="521,840 521,840 521,870 521,870"/>
            <TextEquiv index="1" conf="0.9998196125030517">
              <Unicode>ſ</Unicode>
            </TextEquiv>
          </Glyph>
          <Glyph id="w31012g3">
            <Coords points="531,840 534,840 534,870 531,870"/>
            <TextEquiv index="1" conf="0.9984020233154296">
              <Unicode>e</Unicode>
            </TextEquiv>
          </Glyph>
          <Glyph id="w31012g4">
            <Coords points="544,840 547,840 547,870 544,870"/>
            <TextEquiv index="1" conf="0.9997644662857055">
              <Unicode>r</Unicode>
            </TextEquiv>
          </Glyph>
          <Glyph id="w31012g5">
            <Coords points="553,840 553,840 553,870 553,870"/>
            <TextEquiv index="1" conf="0.9999027013778687">
              <Unicode>a</Unicode>
            </TextEquiv>
          </Glyph>
          <Glyph id="w31012g6">
            <Coords points="572,840 575,840 575,870 572,870"/>
            <TextEquiv index="1" conf="0.9999536514282226">
              <Unicode>m</Unicode>
            </TextEquiv>
          </Glyph>
          <Glyph id="w31012g7">
            <Coords points="588,840 591,840 591,870 588,870"/>
            <TextEquiv index="1" conf="0.993323290348053">
              <Unicode>.</Unicode>
            </TextEquiv>
          </Glyph>
          <TextEquiv index="1" conf="0.9506930889587508">
            <Unicode>inſeram.</Unicode>
          </TextEquiv>
        </Word>
        <TextEquiv index="1" conf="0.992516740446999">
          <Unicode>Manete Verpi, ſiſtite, aut vincla inſeram.</Unicode>
        </TextEquiv>
      </TextLine>
      <TextLine id="r0_l033">
        <Coords points="349,898 350,897 449,897 449,896 350,896 349,896 349,892 350,891 415,891 416,890 435,890 436,889 446,889 447,888 447,886 445,883 439,883 438,883 438,879 437,877 435,877 434,876 396,876 395,875 332,875 327,871 327,870 327,869 308,869 306,871 304,871 303,872 302,872 300,874 300,875 298,877 298,880 297,881 297,882 298,883 298,884 299,885 299,886 301,888 301,889 302,889 303,889 304,890 306,890 307,891 324,891 324,892 324,895 349,898"/>
        <Word id="w31013">
          <Coords points="308,869 440,869 440,898 308,898"/>
          <Glyph id="w31013g0">
            <Coords points="308,869 311,869 311,898 308,898"/>
            <TextEquiv index="1" conf="0.9996521353721618">
              <Unicode>C</Unicode>
            </TextEquiv>
          </Glyph>
          <Glyph id="w31013g1">
            <Coords points="329,869 332,869 332,898 329,898"/>
            <TextEquiv index="1" conf="0.7709142684936524">
              <Unicode>R</Unicode>
            </TextEquiv>
          </Glyph>
          <Glyph id="w31013g2">
            <Coords points="350,869 350,869 350,898 350,898"/>
            <TextEquiv index="1" conf="0.8261685222387314">
              <Unicode>I</Unicode>
            </TextEquiv>
          </Glyph>
          <Glyph id="w31013g3">
            <Coords points="368,869 371,869 371,898 368,898"/>
            <TextEquiv index="1" conf="0.920734667778015">
              <Unicode>S</Unicode>
            </TextEquiv>
          </Glyph>
          <Glyph id="w31013g4">
            <Coords points="389,869 392,869 392,898 389,898"/>
            <TextEquiv index="1" conf="0.8382989764213562">
              <Unicode>P</Unicode>
            </TextEquiv>
          </Glyph>
          <Glyph id="w31013g5">
            <Coords points="413,869 413,869 413,898 413,898"/>
            <TextEquiv index="1" conf="0.8149965286254882">
              <Unicode>V</Unicode>
            </TextEquiv>
          </Glyph>
          <Glyph id="w31013g6">
            <Coords points="431,869 431,869 431,898 431,898"/>
            <TextEquiv index="1" conf="0.9772908687591553">
              <Unicode>S</Unicode>
            </TextEquiv>
          </Glyph>
          <Glyph id="w31013g7">
            <Coords points="440,869 440,869 440,898 440,898"/>
            <TextEquiv index="1" conf="0.990242874622345">
              <Unicode>.</Unicode>
            </TextEquiv>
          </Glyph>
          <TextEquiv index="1" conf="0.38759519403057313">
            <Unicode>CRISPVS.</Unicode>
          </TextEquiv>
        </Word>
        <TextEquiv index="1" conf="0.8922873552888632">
          <Unicode>CRISPVS.</Unicode>
        </TextEquiv>
      </TextLine>
      <TextLine id="r0_l034">
        <Coords points="187,926 187,920 188,919 196,919 197,918 302,918 303,917 331,917 331,918 331,925 332,925 336,925 336,918 337,917 409,917 409,918 409,921 410,921 411,921 415,917 483,917 483,918 483,924 484,924 486,924 486,918 487,917 509,917 510,916 586,916 586,917 586,920 588,921 589,921 590,920 591,920 593,918 593,917 594,916 594,913 592,910 584,910 583,910 583,904 583,903 582,903 581,902 534,902 533,902 533,896 533,895 531,895 530,894 528,896 528,902 451,902 450,902 450,898 450,897 447,897 446,898 446,903 401,903 400,904 362,904 361,903 355,903 354,903 354,897 353,895 350,895 349,896 344,896 343,897 342,897 339,900 339,901 338,902 338,903 284,903 283,902 282,902 281,903 269,903 268,904 214,904 213,904 213,899 213,898 212,898 211,897 208,897 207,898 206,898 202,902 202,904 156,904 155,905 131,905 130,905 130,901 129,899 127,899 126,898 121,898 120,899 118,899 117,900 115,900 113,902 113,903 110,906 110,913 111,914 111,915 112,915 113,915 117,919 123,919 124,920 125,920 126,919 171,919 171,920 171,924 172,924 174,924 175,925 182,925 183,926 187,926"/>
        <Word id="w31014">
          <Coords points="122,894 226,894 226,926 122,926"/>
          <Glyph id="w31014g0">
            <Coords points="122,894 125,894 125,926 122,926"/>
            <TextEquiv index="1" conf="0.9980839014053344">
              <Unicode>C</Unicode>
            </TextEquiv>
          </Glyph>
          <Glyph id="w31014g1">
            <Coords points="136,894 139,894 139,926 136,926"/>
            <TextEquiv index="1" conf="0.9999606847763061">
              <Unicode>o</Unicode>
            </TextEquiv>
          </Glyph>
          <Glyph id="w31014g2">
            <Coords points="156,894 156,894 156,926 156,926"/>
            <TextEquiv index="1" conf="0.9999249815940858">
              <Unicode>m</Unicode>
            </TextEquiv>
          </Glyph>
          <Glyph id="w31014g3">
            <Coords points="170,894 172,894 172,926 170,926"/>
            <TextEquiv index="1" conf="0.9995871186256409">
              <Unicode>p</Unicode>
            </TextEquiv>
          </Glyph>
          <Glyph id="w31014g4">
            <Coords points="189,894 192,894 192,926 189,926"/>
            <TextEquiv index="1" conf="0.9976920723915099">
              <Unicode>e</Unicode>
            </TextEquiv>
          </Glyph>
          <Glyph id="w31014g5">
            <Coords points="201,894 201,894 201,926 201,926"/>
            <TextEquiv index="1" conf="0.9992725491523743">
              <Unicode>ſ</Unicode>
            </TextEquiv>
          </Glyph>
          <Glyph id="w31014g6">
            <Coords points="212,894 212,894 212,926 212,926"/>
            <TextEquiv index="1" conf="0.9999490737915039">
              <Unicode>c</Unicode>
            </TextEquiv>
          </Glyph>
          <Glyph id="w31014g7">
            <Coords points="223,894 226,894 226,926 223,926"/>
            <TextEquiv index="1" conf="0.9998105049133301">
              <Unicode>e</Unicode>
            </TextEquiv>
          </Glyph>
          <TextEquiv index="1" conf="0.9942923592229436">
            <Unicode>Compeſce</Unicode>
          </TextEquiv>
        </Word>
        <Word id="w31015">
          <Coords points="246,894 308,894 308,926 246,926"/>
          <Glyph id="w31015g0">
            <Coords points="246,894 246,894 246,926 246,926"/>
            <TextEquiv index="1" conf="0.9999892711639404">
              <Unicode>m</Unicode>
            </TextEquiv>
          </Glyph>
          <Glyph id="w31015g1">
            <Coords points="263,894 268,894 268,926 263,926"/>
            <TextEquiv index="1" conf="0.9989295005798339">
              <Unicode>o</Unicode>
            </TextEquiv>
          </Glyph>
          <Glyph id="w31015g2">
            <Coords points="280,894 280,894 280,926 280,926"/>
            <TextEquiv index="1" conf="0.9971014142036438">
              <Unicode>t</Unicode>
            </TextEquiv>
          </Glyph>
          <Glyph id="w31015g3">
            <Coords points="288,894 291,894 291,926 288,926"/>
            <TextEquiv index="1" conf="0.9990408062934876">
              <Unicode>u</Unicode>
            </TextEquiv>
          </Glyph>
          <Glyph id="w31015g4">
            <Coords points="305,894 308,894 308,926 305,926"/>
            <TextEquiv index="1" conf="0.998780870437622">
              <Unicode>s</Unicode>
            </TextEquiv>
          </Glyph>
          <TextEquiv index="1" conf="0.993854835364151">
            <Unicode>motus</Unicode>
          </TextEquiv>
        </Word>
        <Word id="w31016">
          <Coords points="325,894 407,894 407,926 325,926"/>
          <Glyph id="w31016g0">
            <Coords points="325,894 328,894 328,926 325,926"/>
            <TextEquiv index="1" conf="0.9998351335525512">
              <Unicode>e</Unicode>
            </TextEquiv>
          </Glyph>
          <Glyph id="w31016g1">
            <Coords points="333,894 336,894 336,926 333,926"/>
            <TextEquiv index="1" conf="0.8884200215339662">
              <Unicode>f</Unicode>
            </TextEquiv>
          </Glyph>
          <Glyph id="w31016g2">
            <Coords points="342,894 342,894 342,926 342,926"/>
            <TextEquiv index="1" conf="0.9964428544044495">
              <Unicode>f</Unicode>
            </TextEquiv>
          </Glyph>
          <Glyph id="w31016g3">
            <Coords points="353,894 356,894 356,926 353,926"/>
            <TextEquiv index="1" conf="0.9995903253555298">
              <Unicode>e</Unicode>
            </TextEquiv>
          </Glyph>
          <Glyph id="w31016g4">
            <Coords points="367,894 367,894 367,926 367,926"/>
            <TextEquiv index="1" conf="0.9999311327934266">
              <Unicode>r</Unicode>
            </TextEquiv>
          </Glyph>
          <Glyph id="w31016g5">
            <Coords points="378,894 384,894 384,926 378,926"/>
            <TextEquiv index="1" conf="0.9991095542907713">
              <Unicode>o</Unicode>
            </TextEquiv>
          </Glyph>
          <Glyph id="w31016g6">
            <Coords points="395,894 398,894 398,926 395,926"/>
            <TextEquiv index="1" conf="0.9995959758758544">
              <Unicode>s</Unicode>
            </TextEquiv>
          </Glyph>
          <Glyph id="w31016g7">
            <Coords points="404,894 407,894 407,926 404,926"/>
            <TextEquiv index="1" conf="0.9952835798263551">
              <Unicode>,</Unicode>
            </TextEquiv>
          </Glyph>
          <TextEquiv index="1" conf="0.8793782354914947">
            <Unicode>efferos,</Unicode>
          </TextEquiv>
        </Word>
        <Word id="w31017">
          <Coords points="412,894 497,894 497,926 412,926"/>
          <Glyph id="w31017g0">
            <Coords points="412,894 415,894 415,926 412,926"/>
            <TextEquiv index="1" conf="0.999573302268982">
              <Unicode>a</Unicode>
            </TextEquiv>
          </Glyph>
          <Glyph id="w31017g1">
            <Coords points="426,894 429,894 429,926 426,926"/>
            <TextEquiv index="1" conf="0.9999042749404907">
              <Unicode>n</Unicode>
            </TextEquiv>
          </Glyph>
          <Glyph id="w31017g2">
            <Coords points="440,894 443,894 443,926 440,926"/>
            <TextEquiv index="1" conf="0.9996209621429444">
              <Unicode>i</Unicode>
            </TextEquiv>
          </Glyph>
          <Glyph id="w31017g3">
            <Coords points="457,894 460,894 460,926 457,926"/>
            <TextEquiv index="1" conf="0.9990999698638916">
              <Unicode>m</Unicode>
            </TextEquiv>
          </Glyph>
          <Glyph id="w31017g4">
            <Coords points="474,894 474,894 474,926 474,926"/>
            <TextEquiv index="1" conf="0.9998451948165894">
              <Unicode>u</Unicode>
            </TextEquiv>
          </Glyph>
          <Glyph id="w31017g5">
            <Coords points="497,894 497,894 497,926 497,926"/>
            <TextEquiv index="1" conf="0.999973726272583">
              <Unicode>m</Unicode>
            </TextEquiv>
          </Glyph>
          <TextEquiv index="1" conf="0.9980188103623053">
            <Unicode>animum</Unicode>
          </TextEquiv>
        </Word>
        <Word id="w31018">
          <Coords points="522,894 584,894 584,926 522,926"/>
          <Glyph id="w31018g0">
            <Coords points="522,894 525,894 525,926 522,926"/>
            <TextEquiv index="1" conf="0.9999748945236206">
              <Unicode>d</Unicode>
            </TextEquiv>
          </Glyph>
          <Glyph id="w31018g1">
            <Coords points="536,894 542,894 542,926 536,926"/>
            <TextEquiv index="1" conf="0.9977793574333191">
              <Unicode>o</Unicode>
            </TextEquiv>
          </Glyph>
          <Glyph id="w31018g2">
            <Coords points="556,894 556,894 556,926 556,926"/>
            <TextEquiv index="1" conf="0.9999898195266723">
              <Unicode>m</Unicode>
            </TextEquiv>
          </Glyph>
          <Glyph id="w31018g3">
            <Coords points="570,894 570,894 570,926 570,926"/>
            <TextEquiv index="1" conf="0.9989989519119261">
              <Unicode>a</Unicode>
            </TextEquiv>
          </Glyph>
          <Glyph id="w31018g4">
            <Coords points="581,894 584,894 584,926 581,926"/>
            <TextEquiv index="1" conf="0.9921276926994325">
              <Unicode>,</Unicode>
            </TextEquiv>
          </Glyph>
          <TextEquiv index="1" conf="0.9888986744461868">
            <Unicode>doma,</Unicode>
          </TextEquiv>
        </Word>
        <TextEquiv index="1" conf="0.9956262211004897">
          <Unicode>Compeſce motus efferos, animum doma,</Unicode>
        </TextEquiv>
      </TextLine>
      <TextLine id="r0_l035">
        <Coords points="321,951 322,950 487,950 487,945 488,944 589,944 590,943 668,943 668,939 669,938 669,913 669,912 668,912 667,913 667,917 666,918 666,922 438,922 437,923 436,923 435,924 434,924 433,925 233,925 232,926 112,926 110,928 111,929 111,944 112,944 113,944 114,945 175,945 176,946 254,946 256,948 317,948 317,949 317,951 318,951 321,951"/>
        <Word id="w31019">
          <Coords points="113,912 125,912 125,951 113,951"/>
          <Glyph id="w31019g0">
            <Coords points="113,912 125,912 125,951 113,951"/>
            <TextEquiv index="1" conf="0.9843011021614075">
              <Unicode>N</Unicode>
            </TextEquiv>
          </Glyph>
          <TextEquiv index="1" conf="0.9843011021614075">
            <Unicode>N</Unicode>
          </TextEquiv>
        </Word>
        <Word id="w31020">
          <Coords points="139,912 153,912 153,951 139,951"/>
          <Glyph id="w31020g0">
            <Coords points="139,912 142,912 142,951 139,951"/>
            <TextEquiv index="1" conf="0.9943831205368043">
              <Unicode>o</Unicode>
            </TextEquiv>
          </Glyph>
          <Glyph id="w31020g1">
            <Coords points="150,912 153,912 153,951 150,951"/>
            <TextEquiv index="1" conf="0.9998732566833496">
              <Unicode>n</Unicode>
            </TextEquiv>
          </Glyph>
          <TextEquiv index="1" conf="0.9942570891220863">
            <Unicode>on</Unicode>
          </TextEquiv>
        </Word>
        <Word id="w31021">
          <Coords points="176,912 252,912 252,951 176,951"/>
          <Glyph id="w31021g0">
            <Coords points="176,912 176,912 176,951 176,951"/>
            <TextEquiv index="1" conf="0.9856375455856322">
              <Unicode>f</Unicode>
            </TextEquiv>
          </Glyph>
          <Glyph id="w31021g1">
            <Coords points="184,912 187,912 187,951 184,951"/>
            <TextEquiv index="1" conf="0.9754239082336426">
              <Unicode>r</Unicode>
            </TextEquiv>
          </Glyph>
          <Glyph id="w31021g2">
            <Coords points="195,912 198,912 198,951 195,951"/>
            <TextEquiv index="1" conf="0.99997661113739">
              <Unicode>a</Unicode>
            </TextEquiv>
          </Glyph>
          <Glyph id="w31021g3">
            <Coords points="209,912 209,912 209,951 209,951"/>
            <TextEquiv index="1" conf="0.9810289978981017">
              <Unicode>u</Unicode>
            </TextEquiv>
          </Glyph>
          <Glyph id="w31021g4">
            <Coords points="226,912 232,912 232,951 226,951"/>
            <TextEquiv index="1" conf="0.9998836398124695">
              <Unicode>d</Unicode>
            </TextEquiv>
          </Glyph>
          <Glyph id="w31021g5">
            <Coords points="241,912 243,912 243,951 241,951"/>
            <TextEquiv index="1" conf="0.9998603343963623">
              <Unicode>e</Unicode>
            </TextEquiv>
          </Glyph>
          <Glyph id="w31021g6">
            <Coords points="249,912 252,912 252,951 249,951"/>
            <TextEquiv index="1" conf="0.9949069619178772">
              <Unicode>,</Unicode>
            </TextEquiv>
          </Glyph>
          <TextEquiv index="1" conf="0.9381096293493991">
            <Unicode>fraude,</Unicode>
          </TextEquiv>
        </Word>
        <Word id="w31022">
          <Coords points="260,912 294,912 294,951 260,951"/>
          <Glyph id="w31022g0">
            <Coords points="260,912 263,912 263,951 260,951"/>
            <TextEquiv index="1" conf="0.9997933506965637">
              <Unicode>n</Unicode>
            </TextEquiv>
          </Glyph>
          <Glyph id="w31022g1">
            <Coords points="280,912 283,912 283,951 280,951"/>
            <TextEquiv index="1" conf="0.9931240081787109">
              <Unicode>o</Unicode>
            </TextEquiv>
          </Glyph>
          <Glyph id="w31022g2">
            <Coords points="291,912 294,912 294,951 291,951"/>
            <TextEquiv index="1" conf="0.9994880199432374">
              <Unicode>n</Unicode>
            </TextEquiv>
          </Glyph>
          <TextEquiv index="1" conf="0.9924104251809553">
            <Unicode>non</Unicode>
          </TextEquiv>
        </Word>
        <Word id="w31023">
          <Coords points="317,912 337,912 337,951 317,951"/>
          <Glyph id="w31023g0">
            <Coords points="317,912 320,912 320,951 317,951"/>
            <TextEquiv index="1" conf="0.999255084991455">
              <Unicode>v</Unicode>
            </TextEquiv>
          </Glyph>
          <Glyph id="w31023g1">
            <Coords points="328,912 331,912 331,951 328,951"/>
            <TextEquiv index="1" conf="0.9849140644073486">
              <Unicode>i</Unicode>
            </TextEquiv>
          </Glyph>
          <Glyph id="w31023g2">
            <Coords points="337,912 337,912 337,951 337,951"/>
            <TextEquiv index="1" conf="0.9978750705718995">
              <Unicode>,</Unicode>
            </TextEquiv>
          </Glyph>
          <TextEquiv index="1" conf="0.9820890732714543">
            <Unicode>vi,</Unicode>
          </TextEquiv>
        </Word>
        <Word id="w31024">
          <Coords points="345,912 379,912 379,951 345,951"/>
          <Glyph id="w31024g0">
            <Coords points="345,912 348,912 348,951 345,951"/>
            <TextEquiv index="1" conf="0.9995214223861694">
              <Unicode>n</Unicode>
            </TextEquiv>
          </Glyph>
          <Glyph id="w31024g1">
            <Coords points="365,912 371,912 371,951 365,951"/>
            <TextEquiv index="1" conf="0.9992655515670776">
              <Unicode>o</Unicode>
            </TextEquiv>
          </Glyph>
          <Glyph id="w31024g2">
            <Coords points="379,912 379,912 379,951 379,951"/>
            <TextEquiv index="1" conf="0.9999665260314942">
              <Unicode>n</Unicode>
            </TextEquiv>
          </Glyph>
          <TextEquiv index="1" conf="0.9987538920683496">
            <Unicode>non</Unicode>
          </TextEquiv>
        </Word>
        <Word id="w31025">
          <Coords points="399,912 492,912 492,951 399,951"/>
          <Glyph id="w31025g0">
            <Coords points="399,912 402,912 402,951 399,951"/>
            <TextEquiv index="1" conf="0.9991629600524903">
              <Unicode>n</Unicode>
            </TextEquiv>
          </Glyph>
          <Glyph id="w31025g1">
            <Coords points="419,912 422,912 422,951 419,951"/>
            <TextEquiv index="1" conf="0.999856460094452">
              <Unicode>e</Unicode>
            </TextEquiv>
          </Glyph>
          <Glyph id="w31025g2">
            <Coords points="430,912 430,912 430,951 430,951"/>
            <TextEquiv index="1" conf="0.9989989876747132">
              <Unicode>f</Unicode>
            </TextEquiv>
          </Glyph>
          <Glyph id="w31025g3">
            <Coords points="436,912 439,912 439,951 436,951"/>
            <TextEquiv index="1" conf="0.9997700333595276">
              <Unicode>a</Unicode>
            </TextEquiv>
          </Glyph>
          <Glyph id="w31025g4">
            <Coords points="450,912 453,912 453,951 450,951"/>
            <TextEquiv index="1" conf="0.9999656438827514">
              <Unicode>n</Unicode>
            </TextEquiv>
          </Glyph>
          <Glyph id="w31025g5">
            <Coords points="470,912 473,912 473,951 470,951"/>
            <TextEquiv index="1" conf="0.9998281002044679">
              <Unicode>d</Unicode>
            </TextEquiv>
          </Glyph>
          <Glyph id="w31025g6">
            <Coords points="478,912 481,912 481,951 478,951"/>
            <TextEquiv index="1" conf="0.9947811722755432">
              <Unicode>i</Unicode>
            </TextEquiv>
          </Glyph>
          <Glyph id="w31025g7">
            <Coords points="489,912 492,912 492,951 489,951"/>
            <TextEquiv index="1" conf="0.9996809601783753">
              <Unicode>s</Unicode>
            </TextEquiv>
          </Glyph>
          <TextEquiv index="1" conf="0.9920613758382658">
            <Unicode>nefandis</Unicode>
          </TextEquiv>
        </Word>
        <Word id="w31026">
          <Coords points="504,912 586,912 586,951 504,951"/>
          <Glyph id="w31026g0">
            <Coords points="504,912 506,912 506,951 504,951"/>
            <TextEquiv index="1" conf="0.9999724388122558">
              <Unicode>a</Unicode>
            </TextEquiv>
          </Glyph>
          <Glyph id="w31026g1">
            <Coords points="521,912 521,912 521,951 521,951"/>
            <TextEquiv index="1" conf="0.9998986601829528">
              <Unicode>r</Unicode>
            </TextEquiv>
          </Glyph>
          <Glyph id="w31026g2">
            <Coords points="532,912 532,912 532,951 532,951"/>
            <TextEquiv index="1" conf="0.9940227270126343">
              <Unicode>t</Unicode>
            </TextEquiv>
          </Glyph>
          <Glyph id="w31026g3">
            <Coords points="540,912 540,912 540,951 540,951"/>
            <TextEquiv index="1" conf="0.9997856140136718">
              <Unicode>i</Unicode>
            </TextEquiv>
          </Glyph>
          <Glyph id="w31026g4">
            <Coords points="549,912 552,912 552,951 549,951"/>
            <TextEquiv index="1" conf="0.9974516034126282">
              <Unicode>b</Unicode>
            </TextEquiv>
          </Glyph>
          <Glyph id="w31026g5">
            <Coords points="566,912 566,912 566,951 566,951"/>
            <TextEquiv index="1" conf="0.9792392730712891">
              <Unicode>u</Unicode>
            </TextEquiv>
          </Glyph>
          <Glyph id="w31026g6">
            <Coords points="583,912 586,912 586,951 583,951"/>
            <TextEquiv index="1" conf="0.9791942477226258">
              <Unicode>s</Unicode>
            </TextEquiv>
          </Glyph>
          <TextEquiv index="1" conf="0.9503787633444822">
            <Unicode>artibus</Unicode>
          </TextEquiv>
        </Word>
        <TextEquiv index="1" conf="0.9888189241653537">
          <Unicode>N on fraude, non vi, non nefandis artibus</Unicode>
        </TextEquiv>
      </TextLine>
      <TextLine id="r0_l036">
        <Coords points="440,978 440,971 441,970 525,970 526,969 563,969 564,968 564,966 563,964 556,964 555,964 555,961 552,957 551,957 550,956 538,956 537,956 537,950 536,948 535,948 534,949 533,949 531,951 531,956 488,956 487,956 487,951 487,950 463,950 462,950 462,949 462,948 459,948 457,950 440,950 439,951 408,951 407,952 407,957 323,957 322,957 322,952 322,951 318,951 317,952 317,957 287,957 286,957 286,953 285,952 285,951 285,950 284,950 283,951 282,951 281,952 281,957 237,957 236,957 236,954 235,953 235,952 235,951 233,951 232,952 230,952 226,956 226,957 192,957 191,957 191,952 191,951 188,951 186,953 186,958 141,958 140,957 131,957 130,957 130,954 130,953 119,953 118,952 113,952 112,951 111,951 108,954 108,970 110,971 322,971 323,970 383,970 383,971 383,978 384,978 400,978 400,972 401,971 436,971 436,972 436,978 437,978 440,978"/>
        <Word id="w31027">
          <Coords points="111,948 156,948 156,978 111,978"/>
          <Glyph id="w31027g0">
            <Coords points="111,948 123,948 123,978 111,978"/>
            <TextEquiv index="1" conf="0.9902137756347656">
              <Unicode>H</Unicode>
            </TextEquiv>
          </Glyph>
          <Glyph id="w31027g1">
            <Coords points="139,948 142,948 142,978 139,978"/>
            <TextEquiv index="1" conf="0.9999301195144654">
              <Unicode>æ</Unicode>
            </TextEquiv>
          </Glyph>
          <Glyph id="w31027g2">
            <Coords points="156,948 156,948 156,978 156,978"/>
            <TextEquiv index="1" conf="0.714478774368763">
              <Unicode>c</Unicode>
            </TextEquiv>
          </Glyph>
          <TextEquiv index="1" conf="0.7074372852627557">
            <Unicode>Hæc</Unicode>
          </TextEquiv>
        </Word>
        <Word id="w31028">
          <Coords points="173,948 176,948 176,978 173,978"/>
          <Glyph id="w31028g0">
            <Coords points="173,948 176,948 176,978 173,978"/>
            <TextEquiv index="1" conf="0.9980937123298645">
              <Unicode>c</Unicode>
            </TextEquiv>
          </Glyph>
          <TextEquiv index="1" conf="0.9980937123298645">
            <Unicode>c</Unicode>
          </TextEquiv>
        </Word>
        <Word id="w31029">
          <Coords points="185,948 252,948 252,978 185,978"/>
          <Glyph id="w31029g0">
            <Coords points="185,948 185,948 185,978 185,978"/>
            <TextEquiv index="1" conf="0.9888052344322205">
              <Unicode>l</Unicode>
            </TextEquiv>
          </Glyph>
          <Glyph id="w31029g1">
            <Coords points="193,948 193,948 193,978 193,978"/>
            <TextEquiv index="1" conf="0.9776140451431276">
              <Unicode>a</Unicode>
            </TextEquiv>
          </Glyph>
          <Glyph id="w31029g2">
            <Coords points="207,948 207,948 207,978 207,978"/>
            <TextEquiv index="1" conf="0.9686615109443666">
              <Unicode>u</Unicode>
            </TextEquiv>
          </Glyph>
          <Glyph id="w31029g3">
            <Coords points="221,948 224,948 224,978 221,978"/>
            <TextEquiv index="1" conf="0.9998939275741577">
              <Unicode>ſ</Unicode>
            </TextEquiv>
          </Glyph>
          <Glyph id="w31029g4">
            <Coords points="230,948 233,948 233,978 230,978"/>
            <TextEquiv index="1" conf="0.9993718624114989">
              <Unicode>t</Unicode>
            </TextEquiv>
          </Glyph>
          <Glyph id="w31029g5">
            <Coords points="241,948 244,948 244,978 241,978"/>
            <TextEquiv index="1" conf="0.9981142520904541">
              <Unicode>r</Unicode>
            </TextEquiv>
          </Glyph>
          <Glyph id="w31029g6">
            <Coords points="250,948 252,948 252,978 250,978"/>
            <TextEquiv index="1" conf="0.9999394536018371">
              <Unicode>a</Unicode>
            </TextEquiv>
          </Glyph>
          <TextEquiv index="1" conf="0.9338674589704582">
            <Unicode>lauſtra</Unicode>
          </TextEquiv>
        </Word>
        <Word id="w31030">
          <Coords points="275,948 314,948 314,978 275,978"/>
          <Glyph id="w31030g0">
            <Coords points="275,948 281,948 281,978 275,978"/>
            <TextEquiv index="1" conf="0.999967384338379">
              <Unicode>d</Unicode>
            </TextEquiv>
          </Glyph>
          <Glyph id="w31030g1">
            <Coords points="286,948 289,948 289,978 286,978"/>
            <TextEquiv index="1" conf="0.9995903134346009">
              <Unicode>u</Unicode>
            </TextEquiv>
          </Glyph>
          <Glyph id="w31030g2">
            <Coords points="303,948 306,948 306,978 303,978"/>
            <TextEquiv index="1" conf="0.999504542350769">
              <Unicode>r</Unicode>
            </TextEquiv>
          </Glyph>
          <Glyph id="w31030g3">
            <Coords points="312,948 314,948 314,978 312,978"/>
            <TextEquiv index="1" conf="0.9985838294029235">
              <Unicode>i</Unicode>
            </TextEquiv>
          </Glyph>
          <TextEquiv index="1" conf="0.9976476297229796">
            <Unicode>duri</Unicode>
          </TextEquiv>
        </Word>
        <Word id="w31031">
          <Coords points="331,948 416,948 416,978 331,978"/>
          <Glyph id="w31031g0">
            <Coords points="331,948 334,948 334,978 331,978"/>
            <TextEquiv index="1" conf="0.9991312146186828">
              <Unicode>c</Unicode>
            </TextEquiv>
          </Glyph>
          <Glyph id="w31031g1">
            <Coords points="340,948 343,948 343,978 340,978"/>
            <TextEquiv index="1" conf="0.9998885989189148">
              <Unicode>a</Unicode>
            </TextEquiv>
          </Glyph>
          <Glyph id="w31031g2">
            <Coords points="357,948 357,948 357,978 357,978"/>
            <TextEquiv index="1" conf="0.9998273611068725">
              <Unicode>r</Unicode>
            </TextEquiv>
          </Glyph>
          <Glyph id="w31031g3">
            <Coords points="368,948 371,948 371,978 368,978"/>
            <TextEquiv index="1" conf="0.9990091323852539">
              <Unicode>c</Unicode>
            </TextEquiv>
          </Glyph>
          <Glyph id="w31031g4">
            <Coords points="379,948 382,948 382,978 379,978"/>
            <TextEquiv index="1" conf="0.9997411727905274">
              <Unicode>e</Unicode>
            </TextEquiv>
          </Glyph>
          <Glyph id="w31031g5">
            <Coords points="393,948 393,948 393,978 393,978"/>
            <TextEquiv index="1" conf="0.9930263042449952">
              <Unicode>r</Unicode>
            </TextEquiv>
          </Glyph>
          <Glyph id="w31031g6">
            <Coords points="402,948 405,948 405,978 402,978"/>
            <TextEquiv index="1" conf="0.9998083949089049">
              <Unicode>i</Unicode>
            </TextEquiv>
          </Glyph>
          <Glyph id="w31031g7">
            <Coords points="413,948 416,948 416,978 413,978"/>
            <TextEquiv index="1" conf="0.9914529204368592">
              <Unicode>s</Unicode>
            </TextEquiv>
          </Glyph>
          <TextEquiv index="1" conf="0.9819871973624392">
            <Unicode>carceris</Unicode>
          </TextEquiv>
        </Word>
        <Word id="w31032">
          <Coords points="430,948 481,948 481,978 430,978"/>
          <Glyph id="w31032g0">
            <Coords points="430,948 430,948 430,978 430,978"/>
            <TextEquiv index="1" conf="0.9992544531822205">
              <Unicode>ſ</Unicode>
            </TextEquiv>
          </Glyph>
          <Glyph id="w31032g1">
            <Coords points="441,948 444,948 444,978 441,978"/>
            <TextEquiv index="1" conf="0.9979309558868409">
              <Unicode>o</Unicode>
            </TextEquiv>
          </Glyph>
          <Glyph id="w31032g2">
            <Coords points="453,948 455,948 455,978 453,978"/>
            <TextEquiv index="1" conf="0.9994711995124816">
              <Unicode>l</Unicode>
            </TextEquiv>
          </Glyph>
          <Glyph id="w31032g3">
            <Coords points="464,948 467,948 467,978 464,978"/>
            <TextEquiv index="1" conf="0.9999556064605712">
              <Unicode>u</Unicode>
            </TextEquiv>
          </Glyph>
          <Glyph id="w31032g4">
            <Coords points="478,948 481,948 481,978 478,978"/>
            <TextEquiv index="1" conf="0.9977383136749267">
              <Unicode>i</Unicode>
            </TextEquiv>
          </Glyph>
          <TextEquiv index="1" conf="0.9943613620364673">
            <Unicode>ſolui</Unicode>
          </TextEquiv>
        </Word>
        <Word id="w31033">
          <Coords points="501,948 554,948 554,978 501,978"/>
          <Glyph id="w31033g0">
            <Coords points="501,948 503,948 503,978 501,978"/>
            <TextEquiv index="1" conf="0.9997064590454103">
              <Unicode>v</Unicode>
            </TextEquiv>
          </Glyph>
          <Glyph id="w31033g1">
            <Coords points="518,948 520,948 520,978 518,978"/>
            <TextEquiv index="1" conf="0.9994711399078369">
              <Unicode>o</Unicode>
            </TextEquiv>
          </Glyph>
          <Glyph id="w31033g2">
            <Coords points="529,948 532,948 532,978 529,978"/>
            <TextEquiv index="1" conf="0.9984226107597352">
              <Unicode>l</Unicode>
            </TextEquiv>
          </Glyph>
          <Glyph id="w31033g3">
            <Coords points="543,948 546,948 546,978 543,978"/>
            <TextEquiv index="1" conf="0.9495221614837646">
              <Unicode>o</Unicode>
            </TextEquiv>
          </Glyph>
          <Glyph id="w31033g4">
            <Coords points="554,948 554,948 554,978 554,978"/>
            <TextEquiv index="1" conf="0.9939658880233764">
              <Unicode>.</Unicode>
            </TextEquiv>
          </Glyph>
          <TextEquiv index="1" conf="0.9415291046473958">
            <Unicode>volo.</Unicode>
          </TextEquiv>
        </Word>
        <TextEquiv index="1" conf="0.9856777123788484">
          <Unicode>Hæc c lauſtra duri carceris ſolui volo.</Unicode>
        </TextEquiv>
      </TextLine>
      <TextLine id="r0_l037">
        <Coords points="482,1004 483,1003 486,1003 488,1001 604,1001 607,998 666,998 666,992 667,991 667,988 668,987 668,985 669,984 669,982 670,981 670,976 669,975 669,974 666,971 666,966 666,965 665,965 664,966 663,966 661,968 662,969 662,974 577,974 575,976 453,976 452,977 278,977 277,978 118,978 117,979 116,979 115,980 113,980 112,981 112,982 111,983 111,994 114,996 115,996 116,997 239,997 240,998 241,998 242,999 475,999 475,1000 475,1001 476,1002 476,1003 478,1004 482,1004"/>
        <Word id="w31034">
          <Coords points="113,965 205,965 205,1004 113,1004"/>
          <Glyph id="w31034g0">
            <Coords points="113,965 120,965 120,1004 113,1004"/>
            <TextEquiv index="1" conf="0.9714339256286622">
              <Unicode>S</Unicode>
            </TextEquiv>
          </Glyph>
          <Glyph id="w31034g1">
            <Coords points="129,965 132,965 132,1004 129,1004"/>
            <TextEquiv index="1" conf="0.9196017622947692">
              <Unicode>A</Unicode>
            </TextEquiv>
          </Glyph>
          <Glyph id="w31034g2">
            <Coords points="151,965 151,965 151,1004 151,1004"/>
            <TextEquiv index="1" conf="0.7665568739175797">
              <Unicode>T</Unicode>
            </TextEquiv>
          </Glyph>
          <Glyph id="w31034g3">
            <Coords points="164,965 164,965 164,1004 164,1004"/>
            <TextEquiv index="1" conf="0.9744366526603699">
              <Unicode>E</Unicode>
            </TextEquiv>
          </Glyph>
          <Glyph id="w31034g4">
            <Coords points="180,965 180,965 180,1004 180,1004"/>
            <TextEquiv index="1" conf="0.8998144388198853">
              <Unicode>L</Unicode>
            </TextEquiv>
          </Glyph>
          <Glyph id="w31034g5">
            <Coords points="196,965 196,965 196,1004 196,1004"/>
            <TextEquiv index="1" conf="0.7150188237428665">
              <Unicode>L</Unicode>
            </TextEquiv>
          </Glyph>
          <Glyph id="w31034g6">
            <Coords points="202,965 205,965 205,1004 202,1004"/>
            <TextEquiv index="1" conf="0.9840766549110412">
              <Unicode>.</Unicode>
            </TextEquiv>
          </Glyph>
          <TextEquiv index="1" conf="0.4224841467689319">
            <Unicode>SATELL.</Unicode>
          </TextEquiv>
        </Word>
        <Word id="w31035">
          <Coords points="240,965 250,965 250,1004 240,1004"/>
          <Glyph id="w31035g0">
            <Coords points="240,965 250,965 250,1004 240,1004"/>
            <TextEquiv index="1" conf="0.997563123703003">
              <Unicode>O</Unicode>
            </TextEquiv>
          </Glyph>
          <TextEquiv index="1" conf="0.997563123703003">
            <Unicode>O</Unicode>
          </TextEquiv>
        </Word>
        <Word id="w31036">
          <Coords points="278,965 382,965 382,1004 278,1004"/>
          <Glyph id="w31036g0">
            <Coords points="278,965 281,965 281,1004 278,1004"/>
            <TextEquiv index="1" conf="0.9990020036697387">
              <Unicode>C</Unicode>
            </TextEquiv>
          </Glyph>
          <Glyph id="w31036g1">
            <Coords points="291,965 291,965 291,1004 291,1004"/>
            <TextEquiv index="1" conf="0.9930122375488281">
              <Unicode>h</Unicode>
            </TextEquiv>
          </Glyph>
          <Glyph id="w31036g2">
            <Coords points="306,965 310,965 310,1004 306,1004"/>
            <TextEquiv index="1" conf="0.9999701976776123">
              <Unicode>r</Unicode>
            </TextEquiv>
          </Glyph>
          <Glyph id="w31036g3">
            <Coords points="316,965 319,965 319,1004 316,1004"/>
            <TextEquiv index="1" conf="0.9900392055511473">
              <Unicode>i</Unicode>
            </TextEquiv>
          </Glyph>
          <Glyph id="w31036g4">
            <Coords points="329,965 329,965 329,1004 329,1004"/>
            <TextEquiv index="1" conf="0.7995238403479258">
              <Unicode>ſ</Unicode>
            </TextEquiv>
          </Glyph>
          <Glyph id="w31036g5">
            <Coords points="335,965 335,965 335,1004 335,1004"/>
            <TextEquiv index="1" conf="0.9999409079551698">
              <Unicode>t</Unicode>
            </TextEquiv>
          </Glyph>
          <Glyph id="w31036g6">
            <Coords points="344,965 344,965 344,1004 344,1004"/>
            <TextEquiv index="1" conf="0.9990992426872254">
              <Unicode>i</Unicode>
            </TextEquiv>
          </Glyph>
          <Glyph id="w31036g7">
            <Coords points="351,965 354,965 354,1004 351,1004"/>
            <TextEquiv index="1" conf="0.9990130543708802">
              <Unicode>a</Unicode>
            </TextEquiv>
          </Glyph>
          <Glyph id="w31036g8">
            <Coords points="367,965 367,965 367,1004 367,1004"/>
            <TextEquiv index="1" conf="0.9999690294265747">
              <Unicode>n</Unicode>
            </TextEquiv>
          </Glyph>
          <Glyph id="w31036g9">
            <Coords points="379,965 382,965 382,1004 379,1004"/>
            <TextEquiv index="1" conf="0.8204625725746155">
              <Unicode>i</Unicode>
            </TextEquiv>
          </Glyph>
          <TextEquiv index="1" conf="0.642970845128735">
            <Unicode>Chriſtiani</Unicode>
          </TextEquiv>
        </Word>
        <Word id="w31037">
          <Coords points="395,965 455,965 455,1004 395,1004"/>
          <Glyph id="w31037g0">
            <Coords points="395,965 395,965 395,1004 395,1004"/>
            <TextEquiv index="1" conf="0.9991352319717408">
              <Unicode>i</Unicode>
            </TextEquiv>
          </Glyph>
          <Glyph id="w31037g1">
            <Coords points="405,965 405,965 405,1004 405,1004"/>
            <TextEquiv index="1" conf="0.999974274635315">
              <Unicode>n</Unicode>
            </TextEquiv>
          </Glyph>
          <Glyph id="w31037g2">
            <Coords points="420,965 420,965 420,1004 420,1004"/>
            <TextEquiv index="1" conf="0.9999319314956666">
              <Unicode>u</Unicode>
            </TextEquiv>
          </Glyph>
          <Glyph id="w31037g3">
            <Coords points="433,965 436,965 436,1004 433,1004"/>
            <TextEquiv index="1" conf="0.999353015422821">
              <Unicode>i</Unicode>
            </TextEquiv>
          </Glyph>
          <Glyph id="w31037g4">
            <Coords points="446,965 446,965 446,1004 446,1004"/>
            <TextEquiv index="1" conf="0.9996470212936401">
              <Unicode>ſ</Unicode>
            </TextEquiv>
          </Glyph>
          <Glyph id="w31037g5">
            <Coords points="452,965 455,965 455,1004 452,1004"/>
            <TextEquiv index="1" conf="0.9900246381759642">
              <Unicode>a</Unicode>
            </TextEquiv>
          </Glyph>
          <TextEquiv index="1" conf="0.9880869067854298">
            <Unicode>inuiſa</Unicode>
          </TextEquiv>
        </Word>
        <Word id="w31038">
          <Coords points="481,965 522,965 522,1004 481,1004"/>
          <Glyph id="w31038g0">
            <Coords points="481,965 481,965 481,1004 481,1004"/>
            <TextEquiv index="1" conf="0.960512387752533">
              <Unicode>g</Unicode>
            </TextEquiv>
          </Glyph>
          <Glyph id="w31038g1">
            <Coords points="493,965 496,965 496,1004 493,1004"/>
            <TextEquiv index="1" conf="0.9548038244247437">
              <Unicode>e</Unicode>
            </TextEquiv>
          </Glyph>
          <Glyph id="w31038g2">
            <Coords points="503,965 503,965 503,1004 503,1004"/>
            <TextEquiv index="1" conf="0.995954692363739">
              <Unicode>n</Unicode>
            </TextEquiv>
          </Glyph>
          <Glyph id="w31038g3">
            <Coords points="522,965 522,965 522,1004 522,1004"/>
            <TextEquiv index="1" conf="0.99830162525177">
              <Unicode>s</Unicode>
            </TextEquiv>
          </Glyph>
          <TextEquiv index="1" conf="0.9118396658366082">
            <Unicode>gens</Unicode>
          </TextEquiv>
        </Word>
        <Word id="w31039">
          <Coords points="541,965 601,965 601,1004 541,1004"/>
          <Glyph id="w31039g0">
            <Coords points="541,965 544,965 544,1004 541,1004"/>
            <TextEquiv index="1" conf="0.9937650680541992">
              <Unicode>c</Unicode>
            </TextEquiv>
          </Glyph>
          <Glyph id="w31039g1">
            <Coords points="563,965 566,965 566,1004 563,1004"/>
            <TextEquiv index="1" conf="0.9956984519958496">
              <Unicode>œ</Unicode>
            </TextEquiv>
          </Glyph>
          <Glyph id="w31039g2">
            <Coords points="575,965 575,965 575,1004 575,1004"/>
            <TextEquiv index="1" conf="0.9998993873596191">
              <Unicode>l</Unicode>
            </TextEquiv>
          </Glyph>
          <Glyph id="w31039g3">
            <Coords points="588,965 591,965 591,1004 588,1004"/>
            <TextEquiv index="1" conf="0.9949079632759095">
              <Unicode>o</Unicode>
            </TextEquiv>
          </Glyph>
          <Glyph id="w31039g4">
            <Coords points="598,965 601,965 601,1004 598,1004"/>
            <TextEquiv index="1" conf="0.9983035326004027">
              <Unicode>,</Unicode>
            </TextEquiv>
          </Glyph>
          <TextEquiv index="1" conf="0.9826828480785588">
            <Unicode>cœlo,</Unicode>
          </TextEquiv>
        </Word>
        <Word id="w31040">
          <Coords points="610,965 623,965 623,1004 610,1004"/>
          <Glyph id="w31040g0">
            <Coords points="610,965 623,965 623,1004 610,1004"/>
            <TextEquiv index="1" conf="0.748360738158226">
              <Unicode>&amp;</Unicode>
            </TextEquiv>
          </Glyph>
          <TextEquiv index="1" conf="0.748360738158226">
            <Unicode>&amp;</Unicode>
          </TextEquiv>
        </Word>
        <TextEquiv index="1" conf="0.9588174527386825">
          <Unicode>SATELL. O Chriſtiani inuiſa gens cœlo, &amp;</Unicode>
        </TextEquiv>
      </TextLine>
      <TextLine id="r0_l038">
        <Coords points="135,1025 193,1025 193,1004 135,1004 135,1025"/>
        <Word id="w31041">
          <Coords points="134,1004 187,1004 187,1025 134,1025"/>
          <Glyph id="w31041g0">
            <Coords points="134,1004 136,1004 136,1025 134,1025"/>
            <TextEquiv index="1" conf="0.45411152839660646">
              <Unicode>ſ</Unicode>
            </TextEquiv>
          </Glyph>
          <Glyph id="w31041g1">
            <Coords points="145,1004 175,1004 175,1025 145,1025"/>
            <TextEquiv index="1" conf="0.9069293022155761">
              <Unicode>o</Unicode>
            </TextEquiv>
          </Glyph>
          <Glyph id="w31041g2">
            <Coords points="157,1004 160,1004 160,1025 157,1025"/>
            <TextEquiv index="1" conf="0.9982049067815144">
              <Unicode>l</Unicode>
            </TextEquiv>
          </Glyph>
          <Glyph id="w31041g3">
            <Coords points="172,1004 175,1004 175,1025 172,1025"/>
            <TextEquiv index="1" conf="0.999171257019043">
              <Unicode>o</Unicode>
            </TextEquiv>
          </Glyph>
          <Glyph id="w31041g4">
            <Coords points="184,1004 187,1004 187,1025 184,1025"/>
            <TextEquiv index="1" conf="0.9996907353401184">
              <Unicode>:</Unicode>
            </TextEquiv>
          </Glyph>
          <TextEquiv index="1" conf="0.4106400093366149">
            <Unicode>ſolo:</Unicode>
          </TextEquiv>
        </Word>
        <TextEquiv index="1" conf="0.8716215459505717">
          <Unicode>ſolo:</Unicode>
        </TextEquiv>
      </TextLine>
      <TextLine id="r0_l039">
        <Coords points="226,1059 226,1052 227,1051 227,1052 227,1055 229,1056 230,1056 234,1052 276,1052 276,1053 276,1058 277,1058 284,1058 284,1053 285,1052 352,1052 353,1051 356,1051 386,1051 387,1052 390,1052 392,1050 431,1050 432,1051 434,1051 435,1050 477,1050 478,1051 481,1051 482,1050 492,1050 494,1048 494,1046 493,1045 493,1044 492,1042 486,1042 485,1042 485,1038 484,1036 483,1036 482,1035 462,1035 461,1035 461,1032 460,1031 460,1030 460,1029 455,1029 454,1030 448,1030 446,1032 445,1032 444,1033 444,1034 443,1035 443,1036 408,1036 407,1036 407,1030 407,1029 406,1029 405,1028 403,1028 402,1029 400,1029 397,1032 397,1033 396,1034 396,1036 356,1036 355,1037 341,1037 340,1037 340,1032 339,1030 337,1030 336,1029 335,1030 334,1030 333,1031 333,1037 324,1037 323,1038 308,1038 307,1038 307,1037 307,1036 306,1037 306,1038 283,1038 282,1037 243,1037 242,1037 242,1032 241,1030 239,1030 238,1031 238,1034 215,1034 213,1036 191,1036 190,1036 190,1031 190,1030 163,1030 162,1031 162,1037 134,1037 133,1037 133,1034 133,1033 129,1033 128,1032 127,1032 126,1031 125,1031 124,1031 124,1028 124,1027 120,1027 119,1028 117,1028 116,1029 115,1029 114,1030 112,1030 110,1032 110,1050 111,1050 168,1050 168,1051 168,1056 170,1057 175,1057 176,1056 177,1056 177,1052 178,1051 223,1051 223,1052 223,1059 224,1059 226,1059"/>
        <Word id="w31042">
          <Coords points="122,1027 226,1027 226,1059 122,1059"/>
          <Glyph id="w31042g0">
            <Coords points="122,1027 125,1027 125,1059 122,1059"/>
            <TextEquiv index="1" conf="0.9407245874404908">
              <Unicode>D</Unicode>
            </TextEquiv>
          </Glyph>
          <Glyph id="w31042g1">
            <Coords points="138,1027 138,1027 138,1059 138,1059"/>
            <TextEquiv index="1" conf="0.9843855738639831">
              <Unicode>e</Unicode>
            </TextEquiv>
          </Glyph>
          <Glyph id="w31042g2">
            <Coords points="150,1027 150,1027 150,1059 150,1059"/>
            <TextEquiv index="1" conf="0.9880050659179687">
              <Unicode>c</Unicode>
            </TextEquiv>
          </Glyph>
          <Glyph id="w31042g3">
            <Coords points="160,1027 160,1027 160,1059 160,1059"/>
            <TextEquiv index="1" conf="0.9969890356063843">
              <Unicode>i</Unicode>
            </TextEquiv>
          </Glyph>
          <Glyph id="w31042g4">
            <Coords points="169,1027 172,1027 172,1059 169,1059"/>
            <TextEquiv index="1" conf="0.8684652805328368">
              <Unicode>p</Unicode>
            </TextEquiv>
          </Glyph>
          <Glyph id="w31042g5">
            <Coords points="185,1027 185,1027 185,1059 185,1059"/>
            <TextEquiv index="1" conf="0.9999573707580567">
              <Unicode>i</Unicode>
            </TextEquiv>
          </Glyph>
          <Glyph id="w31042g6">
            <Coords points="195,1027 198,1027 198,1059 195,1059"/>
            <TextEquiv index="1" conf="0.9938760638237">
              <Unicode>t</Unicode>
            </TextEquiv>
          </Glyph>
          <Glyph id="w31042g7">
            <Coords points="204,1027 207,1027 207,1059 204,1059"/>
            <TextEquiv index="1" conf="0.5641731262207031">
              <Unicode>i</Unicode>
            </TextEquiv>
          </Glyph>
          <Glyph id="w31042g8">
            <Coords points="217,1027 217,1027 217,1059 217,1059"/>
            <TextEquiv index="1" conf="0.9989856481552123">
              <Unicode>s</Unicode>
            </TextEquiv>
          </Glyph>
          <Glyph id="w31042g9">
            <Coords points="226,1027 226,1027 226,1059 226,1059"/>
            <TextEquiv index="1" conf="0.9089581966400146">
              <Unicode>;</Unicode>
            </TextEquiv>
          </Glyph>
          <TextEquiv index="1" conf="0.4033286028717428">
            <Unicode>Decipitis;</Unicode>
          </TextEquiv>
        </Word>
        <Word id="w31043">
          <Coords points="236,1027 261,1027 261,1059 236,1059"/>
          <Glyph id="w31043g0">
            <Coords points="236,1027 239,1027 239,1059 236,1059"/>
            <TextEquiv index="1" conf="0.9662273526191711">
              <Unicode>i</Unicode>
            </TextEquiv>
          </Glyph>
          <Glyph id="w31043g1">
            <Coords points="248,1027 248,1027 248,1059 248,1059"/>
            <TextEquiv index="1" conf="0.48869294859468937">
              <Unicode>t</Unicode>
            </TextEquiv>
          </Glyph>
          <Glyph id="w31043g2">
            <Coords points="261,1027 261,1027 261,1059 261,1059"/>
            <TextEquiv index="1" conf="0.9999183654785158">
              <Unicode>e</Unicode>
            </TextEquiv>
          </Glyph>
          <TextEquiv index="1" conf="0.47214994708254826">
            <Unicode>ite</Unicode>
          </TextEquiv>
        </Word>
        <Word id="w31044">
          <Coords points="277,1027 374,1027 374,1059 277,1059"/>
          <Glyph id="w31044g0">
            <Coords points="277,1027 280,1027 280,1059 277,1059"/>
            <TextEquiv index="1" conf="0.9997053027153014">
              <Unicode>p</Unicode>
            </TextEquiv>
          </Glyph>
          <Glyph id="w31044g1">
            <Coords points="292,1027 296,1027 296,1059 292,1059"/>
            <TextEquiv index="1" conf="0.9999715089797974">
              <Unicode>r</Unicode>
            </TextEquiv>
          </Glyph>
          <Glyph id="w31044g2">
            <Coords points="308,1027 311,1027 311,1059 308,1059"/>
            <TextEquiv index="1" conf="0.9991560220718384">
              <Unicode>o</Unicode>
            </TextEquiv>
          </Glyph>
          <Glyph id="w31044g3">
            <Coords points="321,1027 324,1027 324,1059 321,1059"/>
            <TextEquiv index="1" conf="0.990155303478241">
              <Unicode>t</Unicode>
            </TextEquiv>
          </Glyph>
          <Glyph id="w31044g4">
            <Coords points="330,1027 333,1027 333,1059 330,1059"/>
            <TextEquiv index="1" conf="0.9891160488128663">
              <Unicode>i</Unicode>
            </TextEquiv>
          </Glyph>
          <Glyph id="w31044g5">
            <Coords points="340,1027 340,1027 340,1059 340,1059"/>
            <TextEquiv index="1" conf="0.9830568194389342">
              <Unicode>n</Unicode>
            </TextEquiv>
          </Glyph>
          <Glyph id="w31044g6">
            <Coords points="355,1027 359,1027 359,1059 355,1059"/>
            <TextEquiv index="1" conf="0.9107301592826844">
              <Unicode>u</Unicode>
            </TextEquiv>
          </Glyph>
          <Glyph id="w31044g7">
            <Coords points="374,1027 374,1027 374,1059 374,1059"/>
            <TextEquiv index="1" conf="0.9999064683914185">
              <Unicode>s</Unicode>
            </TextEquiv>
          </Glyph>
          <TextEquiv index="1" conf="0.8757319921868799">
            <Unicode>protinus</Unicode>
          </TextEquiv>
        </Word>
        <Word id="w31045">
          <Coords points="384,1027 384,1027 384,1059 384,1059"/>
          <Glyph id="w31045g0">
            <Coords points="384,1027 384,1027 384,1059 384,1059"/>
            <TextEquiv index="1" conf="0.9125185370445252">
              <Unicode>,</Unicode>
            </TextEquiv>
          </Glyph>
          <TextEquiv index="1" conf="0.9125185370445252">
            <Unicode>,</Unicode>
          </TextEquiv>
        </Word>
        <Word id="w31046">
          <Coords points="393,1027 488,1027 488,1059 393,1059"/>
          <Glyph id="w31046g0">
            <Coords points="393,1027 397,1027 397,1059 393,1059"/>
            <TextEquiv index="1" conf="0.9919458389282227">
              <Unicode>f</Unicode>
            </TextEquiv>
          </Glyph>
          <Glyph id="w31046g1">
            <Coords points="400,1027 403,1027 403,1059 400,1059"/>
            <TextEquiv index="1" conf="0.999475646018982">
              <Unicode>a</Unicode>
            </TextEquiv>
          </Glyph>
          <Glyph id="w31046g2">
            <Coords points="419,1027 419,1027 419,1059 419,1059"/>
            <TextEquiv index="1" conf="0.9999857902526855">
              <Unicode>c</Unicode>
            </TextEquiv>
          </Glyph>
          <Glyph id="w31046g3">
            <Coords points="431,1027 431,1027 431,1059 431,1059"/>
            <TextEquiv index="1" conf="0.9997731566429138">
              <Unicode>e</Unicode>
            </TextEquiv>
          </Glyph>
          <Glyph id="w31046g4">
            <Coords points="441,1027 441,1027 441,1059 441,1059"/>
            <TextEquiv index="1" conf="0.9839924573898315">
              <Unicode>ſ</Unicode>
            </TextEquiv>
          </Glyph>
          <Glyph id="w31046g5">
            <Coords points="447,1027 447,1027 447,1059 447,1059"/>
            <TextEquiv index="1" conf="0.9873520135879517">
              <Unicode>ſ</Unicode>
            </TextEquiv>
          </Glyph>
          <Glyph id="w31046g6">
            <Coords points="453,1027 453,1027 453,1059 453,1059"/>
            <TextEquiv index="1" conf="0.9581469178199769">
              <Unicode>i</Unicode>
            </TextEquiv>
          </Glyph>
          <Glyph id="w31046g7">
            <Coords points="463,1027 463,1027 463,1059 463,1059"/>
            <TextEquiv index="1" conf="0.9929527759552002">
              <Unicode>t</Unicode>
            </TextEquiv>
          </Glyph>
          <Glyph id="w31046g8">
            <Coords points="475,1027 479,1027 479,1059 475,1059"/>
            <TextEquiv index="1" conf="0.9994164228439331">
              <Unicode>e</Unicode>
            </TextEquiv>
          </Glyph>
          <Glyph id="w31046g9">
            <Coords points="485,1027 488,1027 488,1059 485,1059"/>
            <TextEquiv index="1" conf="0.9982394814491271">
              <Unicode>.</Unicode>
            </TextEquiv>
          </Glyph>
          <TextEquiv index="1" conf="0.9140315529770229">
            <Unicode>faceſſite.</Unicode>
          </TextEquiv>
        </Word>
        <TextEquiv index="1" conf="0.9436593771360265">
          <Unicode>Decipitis; ite protinus , faceſſite.</Unicode>
        </TextEquiv>
      </TextLine>
      <TextLine id="r0_l040">
        <Coords points="668,1092 668,1075 668,1074 628,1074 627,1074 627,1071 626,1070 626,1061 627,1060 627,1058 626,1056 625,1056 624,1057 624,1059 625,1060 625,1069 619,1069 618,1069 618,1064 617,1062 533,1062 532,1061 497,1061 496,1061 496,1060 496,1059 383,1059 382,1058 373,1058 372,1057 369,1057 367,1059 367,1061 243,1061 242,1061 242,1060 242,1059 241,1059 240,1058 204,1058 203,1057 125,1057 124,1056 123,1057 121,1057 120,1058 119,1058 118,1059 117,1059 112,1064 112,1071 113,1072 113,1073 114,1074 114,1075 115,1076 115,1077 116,1077 117,1077 118,1078 119,1078 121,1081 110,1081 109,1082 110,1082 146,1082 146,1083 146,1086 147,1086 287,1086 288,1087 290,1087 291,1088 293,1088 294,1087 296,1087 297,1086 297,1084 298,1083 310,1083 311,1082 357,1082 358,1081 476,1081 477,1080 666,1080 666,1081 666,1091 668,1092"/>
        <Word id="w31047">
          <Coords points="118,1056 191,1056 191,1092 118,1092"/>
          <Glyph id="w31047g0">
            <Coords points="118,1056 118,1056 118,1092 118,1092"/>
            <TextEquiv index="1" conf="0.49440014362335205">
              <Unicode>c</Unicode>
            </TextEquiv>
          </Glyph>
          <Glyph id="w31047g1">
            <Coords points="127,1056 127,1056 127,1092 127,1092"/>
            <TextEquiv index="1" conf="0.362722784280777">
              <Unicode>C</Unicode>
            </TextEquiv>
          </Glyph>
          <Glyph id="w31047g2">
            <Coords points="187,1056 191,1056 191,1092 187,1092"/>
            <TextEquiv index="1" conf="0.9159098863601685">
              <Unicode>.</Unicode>
            </TextEquiv>
          </Glyph>
          <TextEquiv index="1" conf="0.16425030002904123">
            <Unicode>cC.</Unicode>
          </TextEquiv>
        </Word>
        <Word id="w31048">
          <Coords points="210,1056 273,1056 273,1092 210,1092"/>
          <Glyph id="w31048g0">
            <Coords points="210,1056 210,1056 210,1092 210,1092"/>
            <TextEquiv index="1" conf="0.9028854727745056">
              <Unicode>V</Unicode>
            </TextEquiv>
          </Glyph>
          <Glyph id="w31048g1">
            <Coords points="219,1056 222,1056 222,1092 219,1092"/>
            <TextEquiv index="1" conf="0.9997553825378417">
              <Unicode>i</Unicode>
            </TextEquiv>
          </Glyph>
          <Glyph id="w31048g2">
            <Coords points="235,1056 238,1056 238,1092 235,1092"/>
            <TextEquiv index="1" conf="0.9468491315841675">
              <Unicode>d</Unicode>
            </TextEquiv>
          </Glyph>
          <Glyph id="w31048g3">
            <Coords points="248,1056 248,1056 248,1092 248,1092"/>
            <TextEquiv index="1" conf="0.43038285275300336">
              <Unicode>e</Unicode>
            </TextEquiv>
          </Glyph>
          <Glyph id="w31048g4">
            <Coords points="260,1056 260,1056 260,1092 260,1092"/>
            <TextEquiv index="1" conf="0.9290221810340882">
              <Unicode>r</Unicode>
            </TextEquiv>
          </Glyph>
          <Glyph id="w31048g5">
            <Coords points="273,1056 273,1056 273,1092 273,1092"/>
            <TextEquiv index="1" conf="0.9861713290214539">
              <Unicode>e</Unicode>
            </TextEquiv>
          </Glyph>
          <TextEquiv index="1" conf="0.3370083153451806">
            <Unicode>Videre</Unicode>
          </TextEquiv>
        </Word>
        <Word id="w31049">
          <Coords points="289,1056 317,1056 317,1092 289,1092"/>
          <Glyph id="w31049g0">
            <Coords points="289,1056 292,1056 292,1092 289,1092"/>
            <TextEquiv index="1" conf="0.5613986148188512">
              <Unicode>ꝑ</Unicode>
            </TextEquiv>
          </Glyph>
          <Glyph id="w31049g1">
            <Coords points="304,1056 308,1056 308,1092 304,1092"/>
            <TextEquiv index="1" conf="0.9901906847953796">
              <Unicode>e</Unicode>
            </TextEquiv>
          </Glyph>
          <Glyph id="w31049g2">
            <Coords points="317,1056 317,1056 317,1092 317,1092"/>
            <TextEquiv index="1" conf="0.5240767247974872">
              <Unicode>t</Unicode>
            </TextEquiv>
          </Glyph>
          <TextEquiv index="1" conf="0.2913298903942283">
            <Unicode>ꝑet</Unicode>
          </TextEquiv>
        </Word>
        <Word id="w31050">
          <Coords points="342,1056 342,1056 342,1092 342,1092"/>
          <Glyph id="w31050g0">
            <Coords points="342,1056 342,1056 342,1092 342,1092"/>
            <TextEquiv index="1" conf="0.9961851000785827">
              <Unicode>t</Unicode>
            </TextEquiv>
          </Glyph>
          <TextEquiv index="1" conf="0.9961851000785827">
            <Unicode>t</Unicode>
          </TextEquiv>
        </Word>
        <Word id="w31051">
          <Coords points="368,1056 428,1056 428,1092 368,1092"/>
          <Glyph id="w31051g0">
            <Coords points="368,1056 368,1056 368,1092 368,1092"/>
            <TextEquiv index="1" conf="0.9989127159118651">
              <Unicode>l</Unicode>
            </TextEquiv>
          </Glyph>
          <Glyph id="w31051g1">
            <Coords points="377,1056 377,1056 377,1092 377,1092"/>
            <TextEquiv index="1" conf="0.9988120317459106">
              <Unicode>i</Unicode>
            </TextEquiv>
          </Glyph>
          <Glyph id="w31051g2">
            <Coords points="390,1056 390,1056 390,1092 390,1092"/>
            <TextEquiv index="1" conf="0.999199068546295">
              <Unicode>c</Unicode>
            </TextEquiv>
          </Glyph>
          <Glyph id="w31051g3">
            <Coords points="399,1056 403,1056 403,1092 399,1092"/>
            <TextEquiv index="1" conf="0.7963843941688538">
              <Unicode>e</Unicode>
            </TextEquiv>
          </Glyph>
          <Glyph id="w31051g4">
            <Coords points="409,1056 412,1056 412,1092 409,1092"/>
            <TextEquiv index="1" conf="0.9990920782089233">
              <Unicode>a</Unicode>
            </TextEquiv>
          </Glyph>
          <Glyph id="w31051g5">
            <Coords points="425,1056 428,1056 428,1092 425,1092"/>
            <TextEquiv index="1" conf="0.9909037113189698">
              <Unicode>t</Unicode>
            </TextEquiv>
          </Glyph>
          <TextEquiv index="1" conf="0.7860008920694348">
            <Unicode>liceat</Unicode>
          </TextEquiv>
        </Word>
        <Word id="w31052">
          <Coords points="444,1056 548,1056 548,1092 444,1092"/>
          <Glyph id="w31052g0">
            <Coords points="444,1056 444,1056 444,1092 444,1092"/>
            <TextEquiv index="1" conf="0.4990765750408172">
              <Unicode>e</Unicode>
            </TextEquiv>
          </Glyph>
          <Glyph id="w31052g1">
            <Coords points="456,1056 460,1056 460,1092 456,1092"/>
            <TextEquiv index="1" conf="0.9950765371322632">
              <Unicode>x</Unicode>
            </TextEquiv>
          </Glyph>
          <Glyph id="w31052g2">
            <Coords points="469,1056 469,1056 469,1092 469,1092"/>
            <TextEquiv index="1" conf="0.9982673048973083">
              <Unicode>t</Unicode>
            </TextEquiv>
          </Glyph>
          <Glyph id="w31052g3">
            <Coords points="482,1056 482,1056 482,1092 482,1092"/>
            <TextEquiv index="1" conf="0.9358662247657775">
              <Unicode>r</Unicode>
            </TextEquiv>
          </Glyph>
          <Glyph id="w31052g4">
            <Coords points="491,1056 494,1056 494,1092 491,1092"/>
            <TextEquiv index="1" conf="0.8913130015134811">
              <Unicode>u</Unicode>
            </TextEquiv>
          </Glyph>
          <Glyph id="w31052g5">
            <Coords points="510,1056 510,1056 510,1092 510,1092"/>
            <TextEquiv index="1" conf="0.992253839969635">
              <Unicode>m</Unicode>
            </TextEquiv>
          </Glyph>
          <Glyph id="w31052g6">
            <Coords points="523,1056 526,1056 526,1092 523,1092"/>
            <TextEquiv index="1" conf="0.9969084024429321">
              <Unicode>u</Unicode>
            </TextEquiv>
          </Glyph>
          <Glyph id="w31052g7">
            <Coords points="545,1056 548,1056 548,1092 545,1092"/>
            <TextEquiv index="1" conf="0.9998368263244628">
              <Unicode>m</Unicode>
            </TextEquiv>
          </Glyph>
          <TextEquiv index="1" conf="0.4089984938065427">
            <Unicode>extrumum</Unicode>
          </TextEquiv>
        </Word>
        <Word id="w31053">
          <Coords points="567,1056 621,1056 621,1092 567,1092"/>
          <Glyph id="w31053g0">
            <Coords points="567,1056 570,1056 570,1092 567,1092"/>
            <TextEquiv index="1" conf="0.9905682682991027">
              <Unicode>r</Unicode>
            </TextEquiv>
          </Glyph>
          <Glyph id="w31053g1">
            <Coords points="580,1056 583,1056 583,1092 580,1092"/>
            <TextEquiv index="1" conf="0.9163416981697081">
              <Unicode>e</Unicode>
            </TextEquiv>
          </Glyph>
          <Glyph id="w31053g2">
            <Coords points="596,1056 599,1056 599,1092 596,1092"/>
            <TextEquiv index="1" conf="0.9770562648773193">
              <Unicode>o</Unicode>
            </TextEquiv>
          </Glyph>
          <Glyph id="w31053g3">
            <Coords points="608,1056 611,1056 611,1092 608,1092"/>
            <TextEquiv index="1" conf="0.6116892645756403">
              <Unicode>s</Unicode>
            </TextEquiv>
          </Glyph>
          <Glyph id="w31053g4">
            <Coords points="618,1056 621,1056 621,1092 618,1092"/>
            <TextEquiv index="1" conf="0.8110697150230408">
              <Unicode>.</Unicode>
            </TextEquiv>
          </Glyph>
          <TextEquiv index="1" conf="0.43999777362065384">
            <Unicode>reos.</Unicode>
          </TextEquiv>
        </Word>
        <TextEquiv index="1" conf="0.8663337282738404">
          <Unicode>cC. Videre ꝑet t liceat extrumum reos.</Unicode>
        </TextEquiv>
      </TextLine>
    </TextRegion>
  </Page>
</PcGts>
