675 1222
216 51 443 85 TRAGOEDIA.

576 59 605 92 a231

95 77 180 111 Auferte
194 77 287 111 Iuuenum
307 77 403 111 corpora,
417 77 428 111 &
448 77 558 111 producite

1 105 174 144 Ternos
193 105 287 144 minores.
316 105 354 144 FEL.
379 105 467 144 Eſferam,
477 105 540 144 ſinite,
556 105 600 144 eſfe-

133 139 180 155 rami.

93 159 141 192 Satis
159 159 258 192 ſuperque
276 159 357 192 virium,
375 159 429 192 dulce
447 159 468 192 eſt
486 159 534 192 onus

91 186 119 212 Sua
139 186 190 212 ferre
204 186 284 212 tumulo
301 186 380 212 viſcera.

84 214 192 243 MART.--

255 216 337 244 Obſecro
351 216 416 244 indica

95 240 197 274 Genitrix,
212 240 239 274 vbi
254 240 326 274 fratres
346 240 388 274 mei?
412 240 421 274 F.
448 240 493 274 Tuto
511 240 523 274 in
544 240 598 274 locuo,

94 266 133 304 Fili.
142 266 205 304 ALE.
217 266 268 304 Beati
280 266 348 304 nempè
363 266 393 304 iam
414 266 483 304 cœlum
504 266 582 304 tenent.

90 293 108 325 Et
123 293 159 325 nos
174 293 189 325 re
201 293 243 325 licti
261 293 360 325 gemimus
372 293 456 325 inuiſum
477 293 534 325 diem.

85 319 151 357 AVR.
175 319 274 357 Omiſera,
283 319 343 357 teſtor
355 319 433 357 aureum
454 319 514 357 lumen
535 319 589 357 poli.

79 347 113 384 Me
127 347 246 384 vulneraſti,
260 347 291 384 non
311 347 336 384 fer
345 347 364 384 us
381 347 427 384 ſum,
444 347 455 384 &
472 347 559 384 ferreus,

89 373 146 404 Vtme
166 373 293 404 dolOreSnn
331 373 496 404 TuentaTintuI.

88 401 181 437 Felicitas
199 401 253 437 dulce
271 401 292 437 eſt
304 401 388 437 ſapere,
421 401 472 437 quod
490 401 589 437 perditum

44 427 131 457 0eſt

88 455 139 486 Omit
148 455 172 486 te,
190 455 265 486 cuſtodi
280 455 334 486 haſce
349 455 454 486 relliqums
475 455 553 486 domus.

84 481 121 516 Ego
135 481 180 516 iuſta
197 481 271 516 reddam
299 481 381 516 mortuis
407 481 497 516 ſummum
529 481 591 516 decus.

88 507 158 540 Vtinam
181 507 215 540 refr
224 507 252 540 act
266 507 269 540 o
289 507 331 540 ditis
345 507 453 540 adamante
470 507 529 540 ocyus

80 533 93 566 In
115 533 184 566 templa
203 533 254 566 lucis
270 533 393 566 ſurgerent,
409 533 457 566 illos
482 533 514 566 ſinu

78 561 158 595 Noſtro
172 561 273 595 fouerem,
296 561 401 595 gloriaque
412 561 457 595 auct
469 561 486 595 os
500 561 559 595 noua,

78 587 89 621 In
106 587 154 621 aſtra
174 587 230 621 cunct
242 587 259 621 os
276 587 357 621 paribus
374 587 470 621 eueherem
493 587 552 621 rotis.

72 615 96 649 At
111 615 144 649 qui
156 615 261 649 ſuperſunt
288 615 335 649 regia
356 615 446 649 excipiam
467 615 536 649 domo,

74 642 116 676 Nut
128 642 152 676 rix
167 642 248 676 fouebit
257 642 298 676 aula
322 642 430 676 generoſos
451 642 514 676 duces,

75 668 194 701 Noſtroque
211 668 299 701 creſcent
318 668 386 701 murice
398 668 420 701 ad
429 668 514 701 ſummas
530 668 587 701 opes.

80 695 156 729 LaIgire
176 695 204 729 mea
224 695 264 729 lux,
278 695 326 729 iſtud
343 695 464 729 extremum,
484 695 532 729 rogo

73 723 124 756 Satis
138 723 237 756 ſuperque
252 723 356 756 funerum,
376 723 452 756 mentem
475 723 540 756 doma,

71 750 170 776 Medicina
197 750 266 776 miſeris
283 750 334 776 velle
346 750 406 776 ſanari
421 750 466 776 fuit.

79 776 164 807 FELIC.
189 776 202 807 Tu
230 776 344 807 manſueſcis
376 776 448 807 Cæſar,
461 776 480 807 at
496 776 581 807 crudeli-

105 811 140 827 ter.

81 831 125 865 Quid
141 831 246 865 orbitatem
265 831 341 865 feminæ
357 831 445 865 aictus
464 831 522 865 gemis

77 860 122 892 Quam
143 860 155 892 tu
176 860 281 892 intuliſti?
311 860 344 892 nec
362 860 419 892 tamen
443 860 512 892 poſſum
536 860 581 892 que-

96 888 114 914 ri.

104 913 127 951 ixa
153 913 223 951 Chriſto
240 913 326 951 liberos,
349 913 422 951 Chriſto
442 913 488 951 dedi.

95 940 137 975 Hæc
152 940 170 975 eſt
185 940 236 975 beata
257 940 317 975 dulcis
335 940 374 975 hæc
386 940 521 975 fœcunditas,

77 967 152 998 ,Cœlo
170 967 233 998 creare
247 967 331 998 liberos,
349 967 364 998 &
382 967 472 998 reddere.

70 993 94 1029 Ad
109 993 181 1029 templa
199 993 202 1029 c
223 993 244 1029 œli
262 993 349 1029 quaruor
364 993 424 1029 natos
442 993 514 1029 parens

74 1019 161 1050 Præmiſi,
176 1019 188 1050 &
200 1019 230 1050 illi
251 1019 269 1050 me
284 1019 386 1050 beatorum
407 1019 425 1050 ex
443 1019 503 1050 choro

67 1046 121 1078 Nunc
135 1046 254 1078 intuentur,
271 1046 285 1078 &
299 1046 341 1078 poli
353 1046 446 1078 ſternunt
460 1046 505 1078 iter-

76 1072 126 1109 Lenit
146 1072 232 1109 dolorem
259 1072 296 1109 hoc
319 1072 372 1109 dulce
389 1072 472 1109 ſolamen
509 1072 575 1109 meum,

379 1106 379 1137 P
403 1106 431 1137 iiii
