1188 1984
229 158 838 216 02 SEVNACHERI
538 249 705 293 AS AR.
671 329 1055 379 Alia tibi mens erit,
180 379 980 439 Mors mea furore utrinque ſuccenſos ubi
181 433 1039 489 Sedarit animos. Quod licet natu minor,
189 481 1009 535 Tabulis ſupremis primus ad regnum vocer
175 528 1026 591 am ſcriptus hæres, æmulum pectus fodit.
181 579 943 633 Deſicrit odii cauſa, tunc ambo ſtatim
184 629 1059 689 Obſcquia repetent: tuque in amplexus rues.
401 710 853 758 SENNACHERIB.
184 779 1185 847 Quod paribus humeris pondus innixum velim
31 833 945 902 jRegni labantis, itanc perverſle dolent
31 885 1049 942 ! An jura condant, nulla qucis virtus, amor
188 934 1013 987 Recti nec ullus, quosque transverſos agit
32 984 1025 1111 Demens cupido, Fræna qui regni manu
192 1031 1185 1090 ,Verſare debet, antequam populo imperet,
190 1083 647 1141 ,,Sibi imperare diſcat.
554 1170 713 1213 ASAR.
785 1218 1185 1274 ,,Ignorat ſuos
193 1271 1186 1334 , Mens ægra morbos... At Sacrum haud
737 1325 1032 1375 (longas moras
195 1371 1048 1434 Patitur. Quid hæres dubius? Hac ipſa dic
198 1427 540 1483 Peragenda res eſt.
416 1505 856 1553 SENNACHERIB.
602 1574 1185 1627 Noſtta ſi placidum ratis
197 1626 1010 1683 Sulcaret æquor, vela nec raperent Notis
198 1676 1086 1733 Vis nulla patrium claudere ad regnum viam,
198 1727 1026 1783 Nulla tibi poſſet fraus. At.. infelix puer?
975 1776 1039 1826 Ia:
