585 959
218 27 399 56 , (0 I
107 58 549 88 Vir Sanctus eſt? osmi. adore, uem diο
130 85 227 107 xi, ſacro
108 109 576 137 Eſt ebrius. Compellet omui, aua poteſt
107 134 494 159 Suada potenti civinm Corda hactenus
107 159 549 182 Immota. Cras movebit in Terram ſneram
111 184 505 212 Grbs tots Dilitgana cum Sancto Viro.
83 215 545 245 AMops. Vir Sintus ergo pariter in Terram Sa.
132 247 180 261 cram
107 267 580 295 Abibit om. ttique erit ille dux, ego
133 291 241 318 Comes
108 315 582 347 Scri Agiτis. Mope. qd denique in
132 341 243 361 Terra ſacra
51 372 546 400 Facietis om. expellemus inde Barbaros,
108 397 492 425 Sacri ſepulehri vindices, ant Martyres.
83 427 582 463 Mops. Domi maeto Eosmule, es parvus
130 454 183 473 nimis
107 474 582 507 Pro milite, & pro Martyre. os. haud
132 504 271 528 parvus nimis,
109 528 582 554 Cui fortis amplo in pectore ebullit cruor.
83 562 581 591 Intra ſcenom audiuntur tympana & Tibicen.
84 589 501 616 nsm. Qid aodiol triumphat eloquentia
109 614 499 637 San ti Patris; devicit animos civium.
108 639 542 670 Non tympana audis Mopſule? imo per Ne-
133 671 172 684 mus
108 689 567 717 Vexilla jam propinqua non vides ? trahit
108 714 581 744 Vit netupe ſanctus omuia ad hella. Aop.
131 739 187 763 Fugio
108 764 540 790 Igitur. os. doere deſine, Saei milites
107 790 539 816 Sunt, qui proplnquant. nuntina he Pago tuo,
107 814 526 841 Ft ruſticos ſors civium exemplum trahet
107 838 538 866 A bella ſacra. Mops. dubito valde; ſed
127 869 187 883 tamen
463 893 583 912 Anun-
