574 961
149 28 357 62 G0 I
32 61 415 89 Vo fortiter cum Ioſue pugnabltis,
66 87 496 113 Cum Moyſe ſtans in τonte ego orabo piè.
41 113 496 140 Colon. Ioſue imitabore nempe ſi Craſtie dies
65 139 440 165 ad proterendos Barbaros oo ſufficit,
66 165 467 190 iubebo ſolem ſtre: abit Eosmulus
170 218 374 255 Scena Quarta.
63 262 489 293 Perſonæ quæ prius excepto oſmulo.
46 306 497 333 Rympanotribo.- Nos etiam ſatis
65 333 499 359 Di ſtetimus in ordine. Colon. ergo Solvito
67 357 417 381 Tantiſper ordmes, & inter arbores
21 381 498 409 Curate feſſa corpora. Decur, tamen nollius
19 407 515 444 Eſt vulneratum Cστpos; ad quid ergo opus
67 437 450 459 Curatione Colon. militares terminos
69 468 497 499 Decurio ignoras? Decur. quid ergo eſt
90 499 168 518 corpora
70 520 499 548 Curare? Ct. nempe Corpus & potu &
94 549 137 566 cibo
70 577 500 602 Reficere. Decur. capio terminos, eſt vhi
95 604 145 621 cibus
28 629 501 658 Potusque ? Fer i. me reficiat aſſata hæe
96 664 148 679 cato,
72 688 501 713 Subducta matri providè ante abitum menn.
96 713 498 734 ad arma Saera. Puer . veſculum hoe
94 739 256 759 vino ebrium.
72 759 481 790 Miraque partum induſtria quam Martios
52 787 501 813 Accendit in me ſpiritus Puer I. de
97 815 166 833 Martio
74 837 452 864 Iiquore partem cede; cedam de mea
76 861 502 883 Tibi viciſſim carne. Decur. ſed veſter
455 887 502 905 Dec-
74 891 171 914 quoque
