683 1272
238 29 551 54 DIONVSII ETAVII
128 31 159 53 11t
169 50 658 80 Quâ populus amnem. Quidquid opponas, parum eſ
169 75 605 105 Victo liracli. une quod mn dominum ferunt
170 97 592 127 Neſcio quid auſos ſtruere, uec dociles regi,
171 119 563 148 Abſente Siſar; ſummus anteactis labor
131 144 580 171 20 Iungatur. Huc me Marte diſtractum extero
168 167 617 193 Trans ferre Princeps ama quamprimum jubet.
167 188 632 217 Maliſq́ue fractos premere ; quâ vetera excidant,
167 211 556 236 Animoſq́ue præſens rapiat in ſeſe dolor.
144 232 583 265 Proio de rebelli gente, dum ferrum calet,
128 257 600 289 115 Properanda pœna eſt. Miles ad nutum ſubit,
165 281 605 309 Mecum arma capere ſuetus, imperium ſequi,
163 303 654 331 Tot vincere annos; victus aut numquam, aut duce
164 326 524 352 Devictus alio. Sigua vel contra Deos,
134 349 535 376 .Ductore Siſarâi, juſus extemplo feret.
124 372 608 401 1po0 Nunc ille prædâ onuſtus hoſtiles greges
167 396 523 422 Poſt me catenâ victor impoſitâ rapit.
163 417 552 447 Populoſq́ue jactans viribus fractos ſuis,
162 442 571 469 Quos dives Arabum collis oppoſitos tegit,
163 464 563 492 Graditur tritmphi more. Condixi locum
126 488 591 514 135Valle in propinquâ, quâ rapax curtit Ciſon.
162 510 593 537 Nihil moræ eſſe credo: nec quemquam fore
162 533 541 560 Si ſaræ ut reſiſtat: cujus exanimis metu
163 557 554 582 Nec ſtricta fixis tela luminibus feret;
162 579 566 605 Contra feroces pavidus, in pavidos ferox.
119 602 646 628 2140 Semel aggredi armis, vincere eſt. Sed quid ſtruat
153 625 570 647 Hebræa ſoboles, fare: cur tanto fuit
160 648 645 675 Revocandus opere miles? IER. Imperinm palùm
158 669 540 697 Et pacta capitis pretia non ultra ferunt.
160 693 591 719 SIS. Quæ ſpes novis oblata confiliis movet?
117 714 645 745 245 IER. Nihit malis jam deeſſe, quod gravius luant.
160 738 658 765 SIS. Quid levias antè fucrat? IER. His ſaltâ mod
160 761 539 787 Sperare tatis: longa quod minuit dies.
160 783 659 811 SIS. Mileſne ad arma ſcriptus? an nondum coiit?
159 807 578 833 IER. Et caſtra vallo cominus jacto inſidet:
118 830 597 857 215 Quâ celſum in auras culmen attollit Thabor.
159 853 575 877 Lectum omne gentis robur hac fortis tenet
157 876 591 902 Statione Debora. SIS. Digna degeneri Duce
160 898 585 927 Plebs ſervituti nata. Vecordes Tribus
159 922 518 950 Vilis coœrcet mmler. En qui ſe maris
120 945 566 973 255 Frænaſſe jactant ſpatia: qui mundi jubar,
158 967 523 995 Ioſumue medio ſiſtere in curſu diem
160 991 517 1018 Vulgi feruntur: rore deciduo ferax,
159 1013 623 1042 Quos nimbus aluit, noſtra qui regna occupant.
159 1036 595 1065 Quorum arma utrique proximus ſenſit freto.
113 1057 502 1086 Hs ſaga nutu femina imbelli repit,
158 1080 547 1109 Et jura populis reddit. En laudum ſeges
156 1101 553 1133 Immenſa Siſaræ: mole vincendum arduâ
154 1123 583 1156 uliebre rognum reſat. Ergo hoſtis pudet;
613 1155 658 1177 Quo
1 1203 38 1228 r
