651 1274
197 34 512 54 0IONYSII PETAVII
78 36 115 56 315
78 56 553 83 00 Chananæa tunxit; noltra ut in tuto domus,
129 80 509 100 Et ſortis exrra damna communis foret.
128 104 524 129 Te magne teſtor generis Hebræi parens;
128 126 528 151 Non me ulla populi fata, non ſævas vices
128 148 497 173 Fugiſle patri. Nullus ignavum timor
95 171 493 197 5 Ad hææ ſubegit jura: ſed gentis ſalus
128 193 484 219 Pietaſq́ue, durâ ſorte perculſis opem
125 217 503 242 Clam Rege volui ferre. Nec me conſili
123 238 568 266 Hucuſque pigitum eſt. Supplices quoties lare
123 262 489 289 Protegere fido licuit; inſontes Iabin
91 284 571 314 50 Quoſcumque ſævus preſſit? Innumeris fugam
124 308 564 335 Vox hæc, neceḿue repulit. Haud aliter ſuis
125 331 490 363 Præmiſſus iſtinc Iſaci Pharium nepos
123 354 556 381 Flexit Tyrannum: ſede cum patriâ morens,
75 378 474 405 Niliaca regna plebe natorum parens
93 401 538 427 5 Comitate petiit. Sed mali expertem licet
58 425 507 451 Aliena tangunt damna. Me ſummi fides
122 449 506 474 Numinis, & Arcæ cura captiv movet.
120 471 487 497 Illam profanis harbarus miles trahens
122 495 496 519 Luſtrabit oculis? clara tot ſignis ovans
90 516 522 543 0 Monimenta pictis lætus appendet tholis?
122 540 491 565 Et hoc tueri cogar? Hanc oculis ſeram
119 560 563 587 Speciem? Quid ultrà ſpiritum infelix traho
117 583 589 609 Ad quæ reſervor tempora? Hoc ipſum, pius
118 606 503 632 Quod eſſe videor. ſeœdere ex illo, perit.
88 627 507 654 â5 Iam nil meis prodeſſe, nec triſtes queam
114 652 490 673 Levare caſus. Funditùs cuucta obruet:
114 676 454 702 Vt me ſuperſtes nullus excepto, piâ
114 700 569 725 De gente maneat. Me quid exceptum loquor ?
115 721 489 747 Eadem ſubibo fata: poſt alios cadam:
85 746 547 772 90 Hoc gravius aliis, clade quod tantum hi ſuâ,
115 769 567 794 Ego omnium unus concidam. Hoc ſolùm nece
114 792 490 818 Servare poſſet qualibet gravius, nefas:
111 815 497 839 i patria Baalis ſacra poſlhabeam focis,
114 838 517 864 Huc me Iabinus ſæpè nequidquam prece,
86 861 485 886 5 Pretioq́ue trahere nixus. Eluſi preces;
114 884 498 910 Oblam ſprevi dona. Nunc coget palm,
112 908 605 935 Vimq́ue admovebit. IAH. O mnihi luce hac magia
113 931 488 956 ,,Dilecte conjux: pectore iuvicto pati
112 954 607 980 , Quidvis priâs conſueſce, quam Regi obſequens
71 977 550 1003 100, In patria pecces jura: ſeu mortem inferat,
112 1000 579 1026 ,,Obeunda mors eſt: ſeu fugam intentet, fuge
110 1022 583 1049 ,, Ad uſque pelagi extrema. Tecum adeò comues
108 1045 529 1071 Aut moriar, aut extorris hinc quovis ferar.
109 1067 621 1094 ,,HEB. Ocaſta thalami ſocia! Macte animo:docet
68 1089 526 1116 r05,, Sic ire fata contra, & intrepidum malis
107 1111 536 1139 ,,Firmare pectus. Mitte quam pro me geris
106 1132 564 1163 Sollicita curam. Noſtr, quemcumque exitum
529 1160 623 1180 Fortnn
