683 1270
221 49 540 73 DIONYSII PETAVII
107 50 142 72 36s
151 71 572 99 Quaoue adits Trihubus terta bis ſenis patet
150 94 601 123 Cis ſluvium & ultra arte prâ Superi! jacet
150 117 560 144 Perculſus uno Parta jam patriæ ultio eſt
150 140 557 166 Conctde vitam. Cur malis prohibes frui:
108 163 563 189 5155 Adimiſíue morte, mille cur mortes velit?
147 186 551 212 Sed bellas vereor. Regeret acceptam illico
146 208 531 235 Cladem, & turori fræna laxabit dolor;
147 231 557 260 Pudorq́ue ſtimulos addet. Vt rigidos aper
143 253 555 281 Trajectus armos frendet, & pavidum trnci
102 277 528 305 co Per tela præceps dente venantem petit.
144 301 556 329 Aec ingere animo: forſan hoc magno velis
142 322 609 352 Olim redemptum. Quid quod hoc ipſum ſat eſ
141 346 597 374 Vnde ille poœnam expendat, & ferrum imbuat,
145 369 581 396 Quod fecit, & quod voluit? An, ſifors daret
100 391 590 421 155 Illi, occidiſſem ? nuſquam ego infelix forem:
140 416 609 443 Nuſquam Iſraclis nomen? huic, quoniam licet.
140 440 603 468 Non paria referam? non meos, non me impetu
141 461 507 490 Vlciſcar uno? Cætera ut cefſent, age.
140 485 572 512 Linques inultum Numen? Ille, ille imperat,
101 508 551 534 5oHoc qui futurum cecinit. An non hoc rear
140 531 555 556 Ceciniſſe? Quid nunc majus extincto potes
89 554 543 577 Aſtruere Siſara ?Funus extremum impius
137 576 567 602 Per me hoſtis habeat: ſæva prærepto cadent
137 600 563 623 Duce bells. Eatur. Fata decretum eſt ſequi.
94 622 600 647 255 Quanam exequemur? Quod genus lethi placet?
135 645 601 672 Virſne dapibus miſceam? an laqueo premam?
134 668 487 694 Invade faciuus ſola. Femineos Siſar
132 691 527 716 Iterum triumphos decoret. Inveni viam,
131 713 506 739 Proviſo rerum quid agat, & teli genus
90 737 608 763 50 Scrutabor omne. CHO. Video quò vergat furor.
112 760 574 784 Mactare Siſaram ſtatuit. Atque utinam Baras
130 782 533 808 Fortiſve adefſet Debora I Tam læra edere
131 806 517 831 Indicia geſtit animus. O quantum ferat
130 829 547 855 Vox illa pretii! Sed gradu attonito redit
27 842 538 897 15 Ceu cùm furentem pectore excepit Deum,
129 875 546 902 Inſana rapitur Mænas. Hic quorſum tudes!
130 899 443 924 Clavuſq́ue? quid molitur?
172 937 576 971 Siſaram clavo per tempora adacto
319 970 431 996 obrramncat
320 1008 426 1028 IAHEL.
353 1032 537 1063 Ecuſſi omnia:
126 1059 544 1086 Nihil repertum eſt, præſtet hic teli vicem,
125 1081 560 1117 Capirque adactus, qus necis præſens via eſt,
30 1099 499 1131 150 Et mollis aditus, tempus affigat ſolo
124 1126 544 1153 Vtrumque: captu facilis, atque arcto jaco
32 1140 73 1166 5
119 1147 479 1176 Somno ſepultus, Aperit inſidiis vlam
524 1175 617 1199 Fortun.
1 1195 57 1232 4
