<PcGts xmlns="http://schema.primaresearch.org/PAGE/gts/pagecontent/2019-07-15" xmlns:xsi="http://www.w3.org/2001/XMLSchema-instance" xsi:schemaLocation="http://schema.primaresearch.org/PAGE/gts/pagecontent/2019-07-15 http://schema.primaresearch.org/PAGE/gts/pagecontent/2019-07-15/pagecontent.xsd"><Metadata><Creator>User123</Creator><Created>2022-01-24T17:19:38</Created><LastChange>2022-01-24T17:19:38</LastChange></Metadata><Page imageFilename="0365.png" imageHeight="1265" imageWidth="684"><TextRegion id="r0" type="paragraph"><Coords points="1,1 682,1 682,1263 1,1263"/><TextLine id="r0_l001"><Coords points="264,69 265,69 265,64 266,63 377,63 377,64 377,68 378,68 378,64 379,63 406,63 407,62 551,62 551,63 551,66 540,66 539,67 538,67 537,68 538,68 541,68 542,67 556,67 557,66 580,66 583,63 583,56 584,55 584,54 586,52 586,51 584,48 575,48 574,47 489,47 488,47 488,46 488,45 468,45 467,44 420,44 419,45 269,45 268,46 157,46 156,47 139,47 136,50 136,62 137,62 138,62 140,64 263,64 263,65 263,69 264,69"/><TextEquiv index="1"><Unicode>ISARAS TRAGOEDIA. 365</Unicode></TextEquiv></TextLine><TextLine id="r0_l002"><Coords points="57,93 60,93 60,92 61,91 61,89 63,87 91,87 92,86 139,86 140,85 166,85 166,86 166,88 167,88 170,88 172,86 243,86 243,87 243,90 244,90 246,90 246,86 247,85 249,85 249,86 249,92 250,92 252,92 252,86 253,85 283,85 283,86 283,90 285,91 287,91 288,90 288,86 289,85 316,85 317,84 342,84 343,85 382,85 382,86 382,90 383,90 389,90 390,91 392,91 392,86 393,85 424,85 425,84 435,84 435,85 435,91 436,91 438,91 438,85 439,84 485,84 486,85 487,84 516,84 516,85 516,91 517,91 519,91 519,85 520,84 546,84 547,85 551,85 552,84 552,83 551,82 551,75 550,73 548,73 547,72 542,72 541,72 541,69 541,68 534,68 533,67 530,67 529,68 529,72 476,72 475,73 446,73 445,72 443,72 442,73 400,73 399,73 399,69 399,68 365,68 361,72 361,74 317,74 316,73 281,73 280,73 280,69 279,67 276,67 275,68 274,68 273,69 263,69 262,70 262,74 228,74 227,74 227,71 226,69 223,69 222,70 222,74 186,74 185,74 185,71 184,69 182,69 181,70 181,75 154,75 153,74 148,74 147,74 147,71 146,69 138,69 137,68 136,69 136,73 99,73 98,73 98,72 97,70 86,70 85,71 85,76 47,76 46,77 45,77 43,79 43,88 46,90 56,90 56,91 56,93 57,93"/><TextEquiv index="1"><Unicode>o Extulit ; haud quiſquam veſtigia certa tetendit</Unicode></TextEquiv></TextLine><TextLine id="r0_l003"><Coords points="281,115 284,115 284,112 285,111 296,111 296,110 298,108 346,108 346,109 346,111 348,112 351,112 352,111 352,109 353,108 438,108 438,109 438,114 439,114 440,114 440,109 441,108 471,108 472,107 532,107 532,108 532,110 534,111 536,109 537,109 537,105 536,103 530,103 529,103 529,97 528,95 520,95 519,95 519,92 519,91 517,91 516,92 516,95 489,95 488,96 446,96 445,96 445,94 444,93 444,92 444,91 436,91 435,92 435,96 400,96 399,96 399,92 399,91 389,91 388,92 387,92 386,93 386,94 384,96 384,97 353,97 352,97 352,94 351,92 350,92 347,95 347,96 310,96 309,96 309,93 308,91 307,91 306,92 306,96 277,96 276,97 253,97 252,97 252,93 252,92 250,92 249,93 249,96 238,96 237,97 164,97 163,96 162,97 140,97 139,97 139,93 138,91 136,91 135,92 133,92 132,93 131,94 131,96 130,97 103,97 102,97 102,96 101,95 101,94 101,93 97,93 96,92 95,92 94,93 92,93 91,94 90,94 88,96 88,97 87,98 87,100 86,101 86,105 90,108 91,108 92,109 111,109 112,108 197,108 198,109 209,109 209,110 209,112 211,113 212,113 212,110 214,108 280,108 280,109 280,115 281,115"/><TextEquiv index="1"><Unicode>Conſuetum per iter: lateque ſilentibus arvis,</Unicode></TextEquiv></TextLine><TextLine id="r0_l004"><Coords points="320,138 405,138 406,137 426,137 427,136 544,136 544,135 507,135 506,135 506,131 507,130 537,130 539,128 539,127 539,126 530,126 529,126 529,120 529,119 528,119 527,118 499,118 498,118 498,114 498,113 422,113 421,114 323,114 322,115 156,115 155,114 154,114 153,115 88,115 86,117 87,118 87,131 89,132 140,132 141,131 319,131 319,132 319,138 320,138"/><TextEquiv index="1"><Unicode>Per calles tentata via eſt, &amp; inhoſpita teſqua.</Unicode></TextEquiv></TextLine><TextLine id="r0_l005"><Coords points="232,161 234,161 234,155 235,154 278,154 279,155 280,155 281,154 357,154 358,155 366,155 366,156 366,157 368,158 369,157 369,155 370,154 451,154 451,155 451,160 452,160 453,160 453,158 454,157 456,157 456,155 457,154 478,154 479,153 519,153 519,154 519,159 520,159 521,159 521,154 522,153 542,153 543,152 555,152 555,145 556,144 556,142 554,139 546,139 545,139 545,137 545,136 537,136 536,135 514,135 510,139 510,140 509,141 495,141 494,142 458,142 457,142 457,139 457,138 450,138 449,138 449,137 449,136 445,136 442,139 442,140 441,141 441,142 435,142 434,143 406,143 405,143 405,139 405,138 403,138 402,139 402,143 385,143 384,142 382,142 381,143 337,143 336,142 335,143 322,143 321,143 321,139 321,138 320,138 319,139 319,143 279,143 278,143 278,139 277,137 258,137 256,139 256,143 229,143 228,143 228,139 228,138 223,138 222,139 218,139 217,140 217,141 216,141 215,142 199,142 198,143 165,143 164,142 163,143 109,143 108,143 108,139 107,137 105,137 104,138 104,139 86,139 84,141 85,142 85,154 86,154 91,154 92,155 93,154 130,154 130,155 130,160 131,160 148,160 149,161 154,161 154,155 155,154 181,154 181,155 181,159 183,160 184,160 185,159 185,155 186,154 215,154 216,155 217,154 231,154 231,155 231,161 232,161"/><TextEquiv index="1"><Unicode>Hinc compreſſa virum virtus, animuſcue reſedit</Unicode></TextEquiv></TextLine><TextLine id="r0_l006"><Coords points="332,184 334,184 334,178 335,177 356,177 357,178 382,178 382,179 382,182 384,183 386,183 387,182 387,178 388,177 469,177 470,178 471,178 472,177 505,177 506,176 547,176 549,174 550,174 550,173 551,172 551,168 550,166 549,166 548,165 538,165 537,165 537,160 536,158 528,158 527,159 500,159 499,160 499,161 488,161 487,162 487,163 486,164 486,165 454,165 453,165 453,161 453,160 440,160 439,159 437,159 436,160 412,160 411,159 410,159 409,160 408,160 407,161 407,166 365,166 364,166 364,163 364,162 357,162 356,163 356,166 303,166 302,166 302,161 302,160 278,160 275,163 275,164 274,165 274,166 241,166 240,165 235,165 234,165 234,162 234,161 231,161 230,162 230,166 198,166 197,167 173,167 172,166 155,166 154,166 154,162 154,161 144,161 143,160 108,160 107,159 105,159 104,160 87,160 86,161 86,163 87,164 87,176 88,176 89,176 90,177 141,177 141,178 141,183 142,183 142,178 143,177 184,177 184,178 184,180 185,180 187,180 189,178 200,178 201,177 301,177 302,178 307,178 308,177 331,177 331,178 331,184 332,184"/><TextEquiv index="1"><Unicode>Iſacidum excita eſt donec Lapidothis. Ab illo</Unicode></TextEquiv></TextLine><TextLine id="r0_l007"><Coords points="61,211 62,211 63,210 73,210 74,209 76,209 77,208 77,206 78,205 78,204 82,200 133,200 133,201 133,206 134,206 149,206 149,201 150,200 340,200 341,201 357,201 357,202 357,203 359,204 360,203 360,202 362,200 397,200 398,201 399,200 512,200 513,199 550,199 551,200 564,200 564,201 564,203 566,204 567,204 568,203 570,203 571,202 571,201 572,200 572,199 573,198 575,198 575,197 572,197 571,197 571,191 570,189 569,189 568,188 554,188 553,187 547,187 546,187 546,183 546,182 539,182 538,181 533,181 529,185 529,188 503,188 502,187 495,187 494,187 494,184 493,182 491,182 489,184 489,188 457,188 456,188 456,186 456,185 455,185 453,187 453,189 414,189 413,188 387,188 386,188 386,186 386,185 372,185 371,186 371,188 335,188 334,188 334,185 334,184 332,184 331,185 331,189 302,189 301,189 301,185 300,183 269,183 267,185 267,189 184,189 183,188 144,188 143,188 143,184 143,183 140,183 139,184 139,188 105,188 102,185 101,185 100,184 95,184 94,185 93,185 92,186 91,186 89,188 89,189 88,190 88,194 54,194 53,193 50,193 49,194 48,194 46,196 46,207 47,207 50,207 51,208 59,208 59,209 59,210 60,210 61,211"/><TextEquiv index="1"><Unicode>p Gnnipotens nova bella ciet, Martemue laceſſit</Unicode></TextEquiv></TextLine><TextLine id="r0_l008"><Coords points="418,230 419,230 419,224 420,223 489,223 489,224 489,229 490,229 495,229 496,228 498,228 498,224 499,223 537,223 539,221 538,220 538,219 538,218 530,218 529,218 529,213 528,211 511,211 510,212 480,212 479,211 474,211 473,211 473,207 473,206 460,206 459,205 457,205 456,206 454,206 452,208 452,211 433,211 432,212 401,212 400,212 400,209 400,208 393,208 392,208 392,206 392,205 388,205 385,208 385,210 384,211 361,211 360,212 311,212 310,212 310,210 307,206 306,206 305,207 305,212 281,212 280,212 280,208 279,206 278,206 275,209 275,210 274,211 274,212 235,212 234,211 193,211 192,211 192,207 192,206 179,206 178,205 177,205 176,204 175,205 173,205 172,206 134,206 133,207 133,211 105,211 102,208 101,208 100,207 95,207 94,208 92,208 89,211 89,212 88,213 88,214 87,215 87,218 88,219 88,220 92,223 93,223 94,224 107,224 107,225 107,228 109,229 110,229 111,228 124,228 124,223 125,222 130,222 143,222 143,223 143,229 144,229 155,229 155,223 156,222 170,222 171,223 265,223 266,224 267,224 268,223 299,223 300,224 317,224 317,225 317,226 318,226 330,226 330,227 330,229 331,229 334,229 334,225 335,224 348,224 349,223 385,223 386,225 386,230 387,230 387,228 388,227 401,227 401,225 402,224 417,224 417,225 417,230 418,230"/><TextEquiv index="1"><Unicode>Oppida ſubvertens latè, portaſq́ue refringens.</Unicode></TextEquiv></TextLine><TextLine id="r0_l009"><Coords points="240,253 242,253 242,248 243,247 267,247 268,246 311,246 312,247 313,247 314,246 364,246 364,247 364,252 365,252 368,252 368,248 369,247 387,247 388,246 461,246 462,247 463,247 464,246 550,246 551,245 551,237 550,235 549,235 548,234 530,234 529,233 519,233 518,233 518,232 517,231 517,230 517,229 487,229 485,231 485,235 455,235 454,234 450,234 449,234 449,231 447,228 446,229 425,229 424,230 418,230 417,231 417,235 388,235 387,235 387,231 387,230 385,230 384,231 384,235 349,235 348,234 308,234 307,234 307,233 306,232 306,231 305,229 302,229 301,230 301,234 277,234 276,235 234,235 233,235 233,230 233,229 232,229 231,230 231,235 190,235 189,234 166,234 165,233 158,233 157,233 157,231 156,229 143,229 142,230 142,233 139,233 138,234 110,234 108,232 99,232 98,232 98,231 98,230 97,230 96,229 95,230 94,230 92,232 92,234 91,235 91,236 90,237 90,238 89,239 89,240 88,241 88,242 87,242 86,243 86,244 85,245 87,246 120,246 120,247 120,251 121,251 123,251 124,250 124,246 125,245 151,245 152,246 172,246 172,247 172,248 173,248 174,248 174,247 175,246 209,246 209,247 209,252 210,252 213,252 214,251 214,248 215,247 239,247 239,248 239,253 240,253"/><TextEquiv index="1"><Unicode>At priùs, ecquis erat de tot qui millibus haſtam</Unicode></TextEquiv></TextLine><TextLine id="r0_l010"><Coords points="282,276 284,276 284,271 285,270 288,270 289,269 384,269 384,270 384,275 385,275 388,275 388,271 389,270 417,270 418,269 497,269 498,268 503,268 549,268 550,269 580,269 580,262 581,261 582,261 582,260 583,259 583,256 584,255 584,254 584,253 582,253 581,252 579,252 578,251 577,252 576,252 574,254 574,256 543,256 542,256 542,254 542,253 512,253 511,253 511,252 511,251 509,251 508,252 483,252 482,253 482,257 431,257 430,257 430,254 429,252 425,252 424,253 423,253 421,255 421,257 402,257 401,258 359,258 358,258 358,253 358,252 354,252 353,253 352,253 351,254 351,255 350,256 350,257 346,257 345,258 317,258 316,258 316,254 315,252 313,252 312,253 287,253 286,254 282,254 280,256 280,258 243,258 242,258 242,254 242,253 240,253 239,254 239,256 216,256 215,257 179,257 178,256 100,256 99,256 99,255 98,254 98,253 98,252 90,252 88,254 88,255 87,256 87,263 84,263 83,264 83,265 84,265 85,265 88,268 90,268 91,269 100,269 100,270 100,272 102,273 103,273 104,274 105,273 105,269 106,268 132,268 132,269 132,273 134,274 138,274 139,275 140,275 140,273 141,272 142,272 143,271 143,269 144,268 175,268 175,269 175,275 176,275 178,275 178,273 179,272 187,272 188,271 188,270 189,269 229,269 230,270 243,270 243,271 243,276 244,276 247,276 248,275 262,275 262,271 263,270 281,270 281,271 281,276 282,276"/><TextEquiv index="1"><Unicode>Spargeret;aut clypeû adverſos præferret in hoſtesV</Unicode></TextEquiv></TextLine><TextLine id="r0_l011"><Coords points="295,298 444,298 445,297 563,297 563,296 445,296 444,296 444,293 445,292 553,292 555,290 556,290 557,289 557,288 558,287 558,285 557,284 557,283 556,281 555,281 554,280 542,280 541,279 476,279 475,279 475,278 473,275 470,275 469,276 469,277 285,277 284,276 179,276 178,275 130,275 129,274 88,274 86,276 86,290 88,291 123,291 124,292 237,292 238,293 293,293 293,294 293,297 295,298"/><TextEquiv index="1"><Unicode>Macti animo Hebræi proceres ! Vos pectore toto</Unicode></TextEquiv></TextLine><TextLine id="r0_l012"><Coords points="457,321 458,321 458,316 459,315 472,315 473,314 502,314 503,315 576,315 576,316 576,317 577,317 581,317 583,315 587,315 587,313 587,312 584,312 583,312 583,310 581,307 575,307 574,307 574,303 574,302 573,302 572,301 565,301 564,301 564,298 564,297 560,297 559,298 533,298 532,297 529,297 528,298 528,303 481,303 480,303 480,299 480,298 433,298 432,297 427,297 426,298 408,298 407,299 407,304 377,304 376,303 364,303 363,303 363,300 361,297 360,298 344,298 343,299 343,300 312,300 311,300 311,299 311,298 292,298 290,300 290,304 254,304 253,303 236,303 235,303 235,301 234,299 232,299 231,300 221,300 220,301 220,303 180,303 179,303 179,301 177,298 176,298 175,297 153,297 152,296 151,296 149,298 149,303 121,303 120,302 103,302 102,302 102,299 101,297 92,297 88,301 88,302 87,303 60,303 57,306 50,306 47,309 47,315 45,317 45,318 48,320 64,320 65,319 74,319 75,318 77,318 79,316 79,315 80,314 136,314 136,315 136,320 137,320 141,320 141,315 142,314 178,314 179,315 180,315 181,314 207,314 208,315 225,315 226,316 227,316 228,315 269,315 269,316 269,321 270,321 273,321 274,320 274,316 275,315 309,315 309,316 309,320 311,321 333,321 333,316 334,315 411,315 411,316 411,321 412,321 412,316 413,315 456,315 456,316 456,321 457,321"/><TextEquiv index="1"><Unicode>2o Complector. Vos qui ſpo:è hæc diſcrimina adiſtis,</Unicode></TextEquiv></TextLine><TextLine id="r0_l013"><Coords points="374,344 425,344 425,339 426,338 452,338 453,337 477,337 479,337 480,338 481,337 506,337 514,337 515,338 527,338 528,337 528,336 526,334 526,322 526,321 518,321 517,320 495,320 494,321 493,321 491,323 491,325 490,326 466,326 465,326 465,323 465,322 460,322 459,321 457,321 456,322 456,326 420,326 419,326 419,325 419,324 415,324 414,324 414,322 414,321 411,321 410,322 410,326 335,326 334,326 334,322 334,321 306,321 305,322 304,322 300,326 300,327 268,327 267,326 240,326 239,326 239,325 239,324 238,324 236,322 227,322 226,323 226,326 203,326 202,325 172,325 171,325 171,322 170,320 152,320 151,321 141,321 140,322 140,326 121,326 120,325 104,325 103,325 103,321 103,320 91,320 90,321 87,321 86,322 87,323 87,325 89,327 89,329 90,330 90,334 91,335 91,336 93,337 228,337 229,338 288,338 289,339 311,339 312,340 317,340 318,341 321,341 322,342 331,342 331,343 331,344 332,344 333,344 333,339 334,338 370,338 370,339 370,343 371,343 373,343 374,344"/><TextEquiv index="1"><Unicode>Vot celebrate Deum. Qui terga nitenis aſelli</Unicode></TextEquiv></TextLine><TextLine id="r0_l014"><Coords points="471,367 485,367 485,361 486,360 522,360 523,361 524,361 525,362 527,360 527,358 526,356 518,356 517,356 517,351 516,349 441,349 440,349 440,345 440,344 361,344 360,343 359,343 358,344 324,344 322,346 322,349 224,349 223,349 223,345 222,343 219,343 218,344 196,344 193,347 193,349 167,349 166,349 166,344 166,343 140,343 139,344 139,348 99,348 98,348 98,345 97,343 92,343 91,344 90,344 88,346 88,347 87,348 87,358 88,358 89,358 90,359 92,359 93,360 180,360 180,361 180,362 181,363 182,363 183,363 183,362 184,361 208,361 209,360 236,360 236,361 236,364 239,366 244,366 246,364 246,361 247,360 272,360 272,361 272,366 273,366 300,366 301,365 302,365 302,361 303,360 340,360 341,361 342,360 355,360 355,361 355,367 356,367 358,367 358,361 359,360 445,360 446,361 470,361 470,362 470,367 471,367"/><TextEquiv index="1"><Unicode>Scanditis, &amp; leges populis deſcribitis æquas.</Unicode></TextEquiv></TextLine><TextLine id="r0_l015"><Coords points="647,346 647,374 677,374 677,346 647,346"/><TextEquiv index="1"><Unicode></Unicode></TextEquiv></TextLine><TextLine id="r0_l016"><Coords points="444,389 446,389 447,388 459,388 459,384 460,383 513,383 514,384 573,384 573,385 573,386 574,386 575,386 576,387 578,387 580,385 581,385 581,383 582,382 584,382 584,381 583,381 582,381 582,380 580,378 580,373 579,371 577,371 576,370 568,370 567,371 539,371 538,372 495,372 494,371 486,371 485,371 485,368 485,367 470,367 469,368 469,372 423,372 422,371 359,371 358,371 358,368 358,367 356,367 355,368 355,371 348,371 347,372 323,372 322,371 294,371 293,372 266,372 265,371 221,371 220,370 219,370 218,371 167,371 166,371 166,368 165,366 139,366 138,365 134,365 132,367 131,367 130,368 130,371 104,371 103,371 103,370 101,367 100,367 99,366 96,366 95,365 94,365 93,366 90,366 86,370 86,377 89,379 90,379 91,380 92,380 93,381 94,381 95,382 96,382 97,383 99,383 100,384 103,384 104,385 107,385 108,386 112,386 113,385 113,383 114,382 132,382 133,383 143,383 143,384 143,386 144,386 163,386 164,387 166,385 166,383 167,382 231,382 231,383 231,387 233,388 233,387 234,386 234,383 235,382 264,382 265,383 283,383 283,384 283,389 284,389 286,389 286,384 287,383 292,383 292,384 292,387 294,388 296,388 297,387 297,384 298,383 334,383 334,384 334,388 335,388 336,388 337,389 341,389 343,387 343,386 344,385 344,384 345,383 391,383 391,384 391,387 393,388 396,388 396,384 397,383 442,383 442,384 442,388 444,389"/><TextEquiv index="1"><Unicode>Quoſq́, juvant partæ peregrina per oppida merces;</Unicode></TextEquiv></TextLine><TextLine id="r0_l017"><Coords points="509,412 510,412 510,407 511,406 520,406 521,405 520,404 520,403 520,402 512,402 511,402 511,397 510,395 504,395 503,394 429,394 428,394 428,390 428,389 414,389 413,390 413,392 412,393 378,393 377,393 377,390 376,388 374,388 372,390 372,394 343,394 342,394 342,392 341,391 341,390 341,389 339,389 338,390 338,394 314,394 313,393 287,393 286,393 286,390 286,389 277,389 276,388 274,390 274,393 246,393 245,393 245,392 244,391 244,390 243,388 217,388 214,391 214,392 213,393 175,393 174,393 174,390 173,388 158,388 155,391 155,392 136,392 134,394 106,394 105,394 105,391 105,390 104,390 103,389 89,389 87,391 87,393 88,394 88,404 90,405 94,405 95,404 101,404 121,404 122,405 157,405 157,406 157,411 158,411 159,411 159,406 160,405 174,405 175,404 213,404 214,405 320,405 321,406 323,406 324,408 324,409 325,409 327,409 328,408 328,407 329,406 376,406 377,405 391,405 471,405 472,406 474,406 475,405 502,405 503,406 508,406 508,407 508,412 509,412"/><TextEquiv index="1"><Unicode>Nec tectis refdre licet; laudate Tonanten.</Unicode></TextEquiv></TextLine><TextLine id="r0_l018"><Coords points="340,435 362,435 362,434 363,433 489,433 490,432 490,431 491,430 511,430 511,429 513,427 550,427 550,426 513,426 511,425 511,413 511,412 395,412 394,411 243,411 242,410 111,410 110,409 107,409 105,411 92,411 91,412 89,412 88,413 88,414 64,414 63,415 62,415 60,417 60,418 53,418 52,419 50,419 48,421 48,429 47,430 47,432 48,432 50,432 51,433 71,433 73,435 75,435 77,433 78,433 78,432 79,431 79,429 80,428 325,428 325,429 325,431 326,431 339,431 339,432 339,435 340,435"/><TextEquiv index="1"><Unicode>, Hlc ubi confracti currus, vaſtaq́ue perempti</Unicode></TextEquiv></TextLine><TextLine id="r0_l019"><Coords points="439,457 441,457 441,452 442,451 456,451 457,450 479,450 484,450 485,451 514,451 515,450 515,444 517,442 517,440 516,438 491,438 490,439 459,439 458,440 434,440 433,439 388,439 387,438 383,438 382,438 382,436 381,434 363,434 362,435 340,435 339,436 339,440 306,440 305,440 305,439 303,436 300,436 299,435 291,435 290,436 290,439 254,439 253,439 253,438 252,437 252,436 251,434 250,434 249,433 248,434 222,434 221,433 219,433 218,434 218,438 158,438 157,438 157,436 156,434 132,434 131,433 128,433 127,434 96,434 95,435 93,435 92,436 91,436 89,438 89,439 88,440 88,447 92,450 93,450 94,451 95,451 96,452 99,452 100,451 129,451 129,452 129,457 130,457 146,457 146,451 147,450 153,450 153,451 153,454 154,454 155,454 155,453 156,452 156,451 157,450 160,450 180,450 180,451 180,457 181,457 183,457 183,451 184,450 189,450 279,450 279,451 279,454 280,454 281,454 282,453 282,452 283,451 375,451 376,450 409,450 410,451 438,451 438,452 438,457 439,457"/><TextEquiv index="1"><Unicode>Cæde jacent hoſtes, Domini ſincera canatur</Unicode></TextEquiv></TextLine><TextLine id="r0_l020"><Coords points="463,480 464,480 465,479 468,479 470,477 470,475 471,474 536,474 538,472 538,471 537,469 531,469 529,468 529,467 528,466 528,464 527,462 497,462 496,461 495,462 450,462 449,461 442,461 441,461 441,458 441,457 439,457 438,458 438,461 431,461 430,462 376,462 375,462 375,457 375,456 372,456 371,457 371,462 344,462 343,462 343,458 343,457 336,457 335,456 333,456 332,457 304,457 303,456 299,456 295,460 295,462 250,462 249,462 249,457 248,455 246,455 245,456 244,456 241,459 241,460 240,461 209,461 208,461 208,458 208,457 180,457 179,458 179,461 147,461 146,461 146,458 146,457 130,457 129,456 118,456 117,457 89,457 87,459 87,460 88,461 88,473 90,474 122,474 123,473 167,473 167,474 167,477 168,477 169,477 171,475 171,474 172,473 190,473 190,474 190,480 191,480 192,480 192,474 193,473 203,473 203,474 203,477 204,477 208,477 209,476 209,474 210,473 217,473 251,473 252,474 357,474 357,475 357,480 358,480 376,480 376,475 377,474 426,474 427,473 460,473 460,474 460,479 461,479 462,479 463,480"/><TextEquiv index="1"><Unicode>Iuſtitia, inq́ue ſnam facilis clementia gentem.</Unicode></TextEquiv></TextLine><TextLine id="r0_l021"><Coords points="537,503 539,503 539,497 540,496 576,496 576,497 576,499 578,500 579,500 580,499 580,498 581,497 581,492 581,491 577,491 576,491 576,488 572,483 550,483 549,484 538,484 537,485 490,485 489,484 483,484 482,484 482,480 482,479 479,479 478,480 477,480 474,483 474,484 441,484 440,485 432,485 431,485 431,482 430,480 409,480 407,482 407,485 378,485 377,485 377,481 377,480 352,480 351,479 349,479 347,481 347,484 326,484 325,485 266,485 265,485 265,482 264,480 262,480 261,481 261,485 223,485 222,484 200,484 199,483 194,483 193,483 193,481 193,480 191,480 190,481 190,485 161,485 160,484 158,484 157,485 122,485 121,484 102,484 99,481 96,481 95,480 87,480 86,481 86,483 88,485 88,497 89,497 134,497 134,498 134,503 135,503 136,502 137,502 137,497 138,496 158,496 231,496 232,497 233,497 234,496 269,496 270,497 271,497 272,498 277,498 277,499 277,502 278,502 279,502 280,503 285,503 288,500 314,500 314,499 316,497 332,497 332,498 332,503 333,503 335,503 335,498 336,497 384,497 384,498 384,503 385,503 387,503 387,498 388,497 407,497 407,498 407,499 408,499 409,499 410,500 425,500 426,501 428,501 430,499 430,497 431,496 441,496 441,497 441,503 442,503 444,503 444,497 445,496 492,496 493,497 506,497 506,498 506,502 507,502 510,502 510,497 511,496 536,496 536,497 536,503 537,503"/><TextEquiv index="1"><Unicode>Pe5 quam iterum leges, redivivaq́; jura frequentes,</Unicode></TextEquiv></TextLine><TextLine id="r0_l022"><Coords points="525,526 529,526 529,520 530,519 575,519 576,520 578,520 579,519 579,517 578,515 572,515 571,515 571,509 570,507 540,507 539,507 539,504 539,503 537,503 536,504 536,508 470,508 468,507 468,504 468,503 442,503 441,504 441,507 434,507 433,508 389,508 388,508 388,504 388,503 385,503 384,504 384,507 350,507 349,507 349,505 348,504 348,503 348,502 345,502 344,503 332,503 331,504 331,508 246,508 245,508 245,504 244,502 241,502 240,503 240,507 210,507 209,507 209,505 208,503 196,503 195,502 192,502 190,504 190,508 106,508 105,508 105,506 104,504 103,504 102,503 101,503 100,502 96,502 95,501 94,501 93,502 93,504 92,505 91,505 89,507 89,508 88,509 88,515 90,517 90,518 91,518 92,518 94,520 113,520 114,519 141,519 141,520 141,524 143,525 145,525 146,524 146,520 147,519 192,519 193,520 212,520 212,521 212,523 213,523 214,523 215,522 215,520 216,519 252,519 252,520 252,525 253,525 256,525 257,524 257,521 258,520 310,520 311,519 344,519 345,520 371,520 371,521 371,523 372,523 373,523 376,520 402,520 402,521 402,526 403,526 405,526 406,525 413,525 413,520 414,519 466,519 466,520 466,521 468,522 470,520 502,520 502,521 502,524 504,525 524,525 525,526"/><TextEquiv index="1"><Unicode>Ceu quondâ, ad portas videt, imperioq́ue potitur.</Unicode></TextEquiv></TextLine><TextLine id="r0_l023"><Coords points="163,550 165,550 166,549 201,549 202,548 276,548 280,544 378,544 378,545 378,547 380,548 381,548 382,547 382,546 384,544 414,544 415,543 579,543 581,541 582,541 582,532 581,530 570,530 569,529 550,529 549,529 549,526 549,525 458,525 457,524 456,524 455,525 434,525 433,526 325,526 324,525 322,525 321,526 321,527 227,527 226,527 226,526 226,525 223,525 221,527 221,530 124,530 123,530 123,527 123,526 122,526 121,527 116,527 115,528 114,528 112,530 77,530 76,531 65,531 64,532 50,532 49,533 48,533 47,534 47,543 46,544 47,545 47,546 48,546 60,546 62,548 64,548 65,547 66,547 67,546 146,546 147,547 148,547 149,548 151,548 152,549 162,549 163,550"/><TextEquiv index="1"><Unicode>240 Surge agedum, Debora, &amp; dulci miodulare</Unicode></TextEquiv></TextLine><TextLine id="r0_l024"><Coords points="147,572 148,572 148,566 149,565 170,565 171,566 200,566 200,567 200,569 199,570 199,571 200,571 203,571 203,567 205,565 238,565 239,566 242,566 244,564 244,563 245,562 245,556 244,554 218,554 217,554 217,550 216,548 215,548 213,550 213,554 166,554 165,554 165,551 165,550 163,550 162,551 162,554 147,554 146,553 145,553 142,556 142,557 143,558 143,565 144,565 147,565 147,566 147,572"/><TextEquiv index="1"><Unicode>triumphos</Unicode></TextEquiv></TextLine><TextLine id="r0_l025"><Coords points="272,595 274,595 274,589 275,588 306,588 306,589 306,593 308,594 309,594 310,593 310,589 311,588 348,588 349,587 393,587 394,588 395,587 446,587 446,588 446,591 448,592 449,591 449,589 451,587 477,587 478,588 493,588 493,589 493,594 494,594 496,594 496,588 497,587 541,587 542,588 543,588 544,587 544,584 544,583 539,583 538,583 538,577 538,576 537,576 536,575 508,575 507,574 489,574 488,574 488,573 486,570 476,570 474,572 474,575 451,575 450,574 435,574 434,574 434,571 432,568 430,568 429,569 395,569 394,568 369,568 368,569 352,569 351,570 320,570 319,571 319,572 268,572 267,571 266,571 265,570 262,570 261,571 261,572 260,573 260,574 259,575 259,577 229,577 228,577 228,573 228,572 203,572 202,571 201,572 190,572 188,574 188,577 151,577 150,577 150,573 150,572 147,572 146,573 146,576 105,576 103,575 103,573 103,572 101,572 100,571 95,571 94,572 92,572 87,577 87,580 86,581 86,583 87,584 87,585 88,586 88,587 89,587 90,587 91,588 92,588 93,589 97,589 98,590 99,589 102,589 103,588 153,588 154,589 176,589 177,590 178,590 180,588 207,588 208,589 223,589 223,590 223,592 225,593 228,593 229,592 229,590 230,589 264,589 265,588 271,588 271,589 271,595 272,595"/><TextEquiv index="1"><Unicode>Carmine Tuque B Nephtaliâ de ſtirpe Barace.</Unicode></TextEquiv></TextLine><TextLine id="r0_l026"><Coords points="250,621 252,621 252,617 253,616 253,612 254,611 460,611 460,612 460,616 461,616 462,616 463,617 510,617 511,618 562,618 563,617 565,617 567,615 567,613 568,612 604,612 604,611 579,611 578,611 580,609 580,608 581,607 581,605 582,604 581,603 581,602 578,598 531,598 530,598 530,595 530,594 493,594 492,595 492,598 339,598 338,598 338,596 337,594 335,594 334,595 193,595 192,594 190,594 189,595 92,595 91,596 90,596 87,599 87,610 89,611 90,611 91,612 122,612 122,613 122,617 124,618 217,618 218,619 248,619 250,621"/><TextEquiv index="1"><Unicode>Surge agedâ; captiva trahens tecum agmina longe</Unicode></TextEquiv></TextLine><TextLine id="r0_l027"><Coords points="229,641 233,641 233,636 234,635 251,635 252,634 281,634 281,635 281,640 282,640 285,640 286,639 286,638 287,637 309,637 309,636 310,635 328,635 329,634 343,634 344,633 371,633 371,634 371,638 374,640 405,640 405,635 406,634 419,634 466,634 466,635 466,639 467,639 495,639 496,640 499,640 500,639 500,636 501,635 512,635 513,634 514,634 514,619 514,618 511,618 510,619 510,622 464,622 463,622 463,618 462,616 460,616 459,617 449,617 448,618 445,618 442,621 409,621 408,620 407,621 344,621 343,621 343,618 343,617 333,617 332,618 332,622 298,622 297,623 257,623 256,624 221,624 220,624 220,620 220,619 213,619 212,618 206,618 205,617 202,617 201,618 201,619 175,619 173,621 173,623 132,623 131,623 131,619 131,618 124,618 123,617 122,617 121,618 93,618 92,619 91,619 87,623 87,625 86,626 86,628 87,629 87,630 89,632 89,633 90,633 91,633 92,634 95,634 96,635 97,635 98,634 100,634 151,634 152,635 228,635 228,636 228,641 229,641"/><TextEquiv index="1"><Unicode>Ordine. Relliqutas populi regnator Olympi</Unicode></TextEquiv></TextLine><TextLine id="r0_l028"><Coords points="389,663 390,663 390,658 391,657 485,657 485,654 485,653 479,653 478,653 478,647 477,645 458,645 457,645 457,642 455,639 453,639 452,640 428,640 427,639 424,639 423,640 395,640 394,641 394,644 369,644 368,645 314,645 313,645 313,642 312,640 309,640 308,641 308,645 279,645 278,645 278,643 277,642 277,641 277,640 243,640 242,641 242,646 190,646 189,646 189,642 188,640 183,640 182,641 159,641 156,644 156,645 129,645 128,645 128,642 127,640 125,642 125,645 100,645 99,645 99,642 99,641 97,641 96,640 88,640 87,641 87,656 89,657 142,657 142,658 142,660 143,660 145,660 145,659 146,658 182,658 183,657 219,657 220,658 269,658 270,657 364,657 365,656 388,656 388,657 388,663 389,663"/><TextEquiv index="1"><Unicode>Eruit, &amp; ſævos bellando contudit hoſtes.</Unicode></TextEquiv></TextLine><TextLine id="r0_l029"><Coords points="252,687 255,687 255,684 256,683 438,683 440,681 520,681 521,680 521,670 520,668 519,668 518,667 512,667 511,667 511,664 511,663 509,663 508,662 476,662 475,663 308,663 306,665 183,665 181,663 109,663 108,662 107,663 90,663 88,665 88,666 50,666 49,667 48,667 47,668 47,676 46,677 46,680 47,680 50,680 51,681 59,681 59,682 59,683 60,683 165,683 165,684 165,685 166,685 251,685 251,686 251,687 252,687"/><TextEquiv index="1"><Unicode>95 Dirus Ephratæos Amalec, Ieminæaq́ue ſenſit</Unicode></TextEquiv></TextLine><TextLine id="r0_l030"><Coords points="110,710 135,711 136,710 495,710 495,709 326,709 325,709 326,708 407,708 407,705 408,704 492,704 493,703 493,701 492,699 486,699 485,699 485,695 484,694 484,693 483,691 432,691 431,690 329,690 328,690 328,688 328,687 289,687 288,686 96,686 94,688 94,690 93,691 93,692 92,693 92,695 91,696 91,697 90,698 90,699 89,699 87,701 87,702 88,702 109,702 109,703 109,704 110,705 110,710"/><TextEquiv index="1"><Unicode>Arma: machiræi robur junxere potentes.</Unicode></TextEquiv></TextLine><TextLine id="r0_l031"><Coords points="415,732 418,732 418,728 419,727 506,727 506,728 506,730 508,731 509,730 510,730 510,729 512,727 512,726 511,725 511,719 510,718 510,717 510,716 509,716 508,715 497,715 496,715 496,711 496,710 493,710 492,711 492,714 486,714 485,715 413,715 412,714 403,714 402,714 402,710 402,709 346,709 345,708 342,708 340,710 340,711 339,712 339,713 338,714 283,714 282,714 282,711 281,709 252,709 251,710 251,715 225,715 224,715 224,711 222,708 221,709 173,709 172,708 171,709 170,709 168,711 168,713 167,714 136,714 135,714 135,710 135,709 124,709 123,708 121,708 120,709 96,709 95,708 94,709 93,709 92,710 91,710 86,715 86,717 87,718 87,719 88,720 88,721 89,721 90,721 92,723 93,723 94,724 95,724 96,725 97,725 98,726 101,726 102,727 104,727 105,728 111,728 112,727 135,727 135,726 136,725 165,725 165,726 165,732 166,732 168,732 168,726 169,725 170,726 259,726 260,727 262,727 263,726 346,726 347,727 371,727 372,726 414,726 414,727 414,732 415,732"/><TextEquiv index="1"><Unicode>Quíue abulonis fraternâ ab ſtirpe creati;</Unicode></TextEquiv></TextLine><TextLine id="r0_l032"><Coords points="287,756 288,756 288,751 289,750 378,750 379,751 380,751 381,750 463,750 464,751 479,751 479,752 479,754 480,754 484,754 484,752 485,751 536,751 537,752 538,751 574,751 575,752 576,752 577,751 578,751 578,747 578,746 570,746 569,746 569,736 570,735 569,733 568,733 567,732 566,733 565,733 564,734 564,738 556,738 555,739 527,739 526,738 525,738 524,738 524,734 524,733 523,733 522,732 520,732 515,737 515,738 489,738 488,737 484,737 483,737 483,735 483,734 481,734 479,736 479,738 478,738 477,739 451,739 450,738 401,738 400,738 400,736 399,734 398,734 397,733 389,733 388,734 388,738 318,738 317,738 317,734 316,732 315,732 314,733 290,733 289,734 288,734 287,735 287,738 188,738 187,738 187,734 187,733 181,733 179,731 176,731 175,732 165,732 164,733 164,736 136,736 135,736 135,732 135,731 91,731 90,730 89,731 88,731 86,733 86,734 87,735 87,745 86,746 86,747 88,748 149,748 149,749 149,755 150,755 150,750 151,749 184,749 184,750 184,752 185,752 187,752 188,751 188,750 189,749 218,749 218,750 218,755 219,755 224,755 225,754 226,754 227,753 227,751 228,750 275,750 275,751 275,753 276,753 277,753 277,752 279,750 286,750 286,751 286,756 287,756"/><TextEquiv index="1"><Unicode>Iac hariſqjue genus, Deboram. Baracumq́ue ſecuti.</Unicode></TextEquiv></TextLine><TextLine id="r0_l033"><Coords points="313,780 314,780 314,775 315,774 330,774 331,773 427,773 428,774 443,774 444,773 475,773 476,774 477,774 478,773 490,773 492,771 492,764 491,762 441,762 440,762 440,757 440,756 438,756 437,757 437,758 410,758 409,757 392,757 390,755 386,755 385,756 357,756 356,757 341,757 340,758 339,758 338,759 338,761 296,761 295,761 295,757 294,755 293,755 292,756 286,756 285,757 285,760 281,760 280,761 268,761 267,762 236,762 235,762 235,758 234,756 233,756 232,757 227,757 226,758 226,759 223,759 221,761 161,761 160,760 152,760 151,760 151,756 151,755 144,755 143,754 142,754 140,756 140,759 110,759 109,758 101,758 98,755 97,755 93,759 93,762 92,763 92,764 91,765 91,766 90,767 90,768 89,768 88,769 88,771 89,771 158,771 158,772 158,777 159,777 162,777 162,774 163,773 311,773 312,775 312,780 313,780"/><TextEquiv index="1"><Unicode>At reliquæ ceſſere tribus. Diviſa Rubenus</Unicode></TextEquiv></TextLine><TextLine id="r0_l034"><Coords points="47,805 49,805 50,804 52,804 56,800 56,799 57,798 78,798 82,794 155,794 156,795 206,795 206,796 206,797 207,797 223,797 223,798 223,802 224,802 225,801 226,801 226,797 227,796 257,796 258,797 262,797 262,798 262,803 263,803 264,803 264,797 265,796 320,796 320,797 320,803 321,803 324,803 324,798 325,797 368,797 369,796 406,796 406,797 406,798 407,798 408,797 442,797 443,796 477,796 477,797 477,800 478,800 488,800 488,801 488,803 489,803 491,803 491,798 492,797 538,797 539,796 577,796 578,795 579,795 579,793 580,792 582,792 582,791 580,791 579,791 579,785 577,782 570,782 569,782 569,779 569,778 560,778 559,777 540,777 539,778 537,778 536,779 536,780 534,782 534,784 481,784 480,784 480,781 480,780 474,780 473,779 447,779 446,780 446,785 392,785 391,784 389,784 388,785 334,785 333,784 315,784 314,784 314,781 314,780 312,780 311,781 311,785 283,785 282,784 261,784 260,784 260,782 259,781 259,780 259,779 256,779 255,780 245,780 244,781 244,784 171,784 170,784 170,780 168,777 166,779 166,783 132,783 131,782 101,782 100,782 100,781 100,780 99,780 98,779 97,779 94,782 94,785 93,786 66,786 65,785 50,785 48,787 47,787 45,789 45,799 44,800 44,804 45,804 46,804 47,805"/><TextEquiv index="1"><Unicode>o Ava colens, quidnam inter oves. caulaſque reſedie</Unicode></TextEquiv></TextLine><TextLine id="r0_l035"><Coords points="432,826 434,826 434,825 435,824 441,824 441,823 442,822 442,821 443,820 454,820 455,819 499,819 500,818 501,818 501,808 501,807 498,807 497,806 492,806 491,806 491,804 491,803 460,803 459,804 459,808 413,808 412,807 406,807 405,807 405,804 404,802 402,802 400,804 400,807 394,807 393,808 337,808 336,807 326,807 325,807 325,804 325,803 322,803 321,804 321,808 305,808 304,807 281,807 280,808 266,808 265,808 265,804 265,803 253,803 251,801 250,802 205,802 204,801 192,801 191,802 186,802 185,803 173,803 171,805 139,805 138,806 100,806 99,806 99,804 98,802 95,802 94,801 93,802 92,802 89,805 89,813 88,814 88,815 87,816 89,817 90,817 91,818 142,818 142,819 142,824 143,824 144,824 144,819 145,818 171,818 172,819 173,819 174,818 188,818 202,818 203,819 309,819 310,820 392,820 393,819 431,819 431,820 431,826 432,826"/><TextEquiv index="1"><Unicode>Securus? Placidl intere trans alta uievit</Unicode></TextEquiv></TextLine><TextLine id="r0_l036"><Coords points="315,849 316,849 316,844 317,843 362,843 363,842 390,842 453,842 454,843 460,843 461,842 499,842 500,843 501,843 502,842 526,842 527,841 527,834 528,833 528,832 526,829 518,829 517,829 517,826 516,824 512,824 511,825 510,825 508,827 484,827 483,827 483,826 482,824 480,824 479,825 479,831 442,831 441,831 441,827 440,825 439,826 432,826 431,827 431,830 414,830 413,831 365,831 362,828 361,828 360,827 332,827 330,825 327,825 326,826 326,831 298,831 297,831 297,827 296,825 294,825 293,826 272,826 271,827 246,827 245,826 243,826 242,827 242,831 225,831 224,830 216,830 215,830 215,826 214,824 213,824 211,826 211,830 185,830 184,830 184,827 182,824 177,824 174,827 174,829 146,829 145,829 145,825 145,824 142,824 141,825 141,829 107,829 106,829 106,825 105,823 104,823 103,824 89,824 88,825 88,838 86,840 88,841 118,841 119,840 154,840 155,841 198,841 199,842 223,842 224,843 237,843 238,842 245,842 269,842 270,843 315,843 315,844 315,849"/><TextEquiv index="1"><Unicode>Plumina Iordanis Galaad. Dan navibus hæfit</Unicode></TextEquiv></TextLine><TextLine id="r0_l037"><Coords points="302,872 304,872 304,867 305,866 326,866 327,865 353,865 354,866 355,866 356,867 357,866 379,866 380,865 435,865 435,866 435,869 436,869 437,869 437,867 438,866 453,866 454,865 481,865 483,863 484,863 485,862 485,857 482,853 469,853 468,852 467,853 428,853 427,854 392,854 390,852 389,853 368,853 367,854 325,854 324,853 318,853 317,853 317,850 317,849 315,849 314,850 307,850 306,851 306,854 275,854 274,853 272,853 271,854 237,854 236,854 236,851 236,850 235,850 234,851 234,852 186,852 185,852 185,851 183,848 180,848 179,847 173,847 171,849 171,851 122,851 121,851 121,848 120,846 94,846 92,848 92,851 91,852 91,853 90,854 90,856 88,858 88,859 87,859 86,860 86,863 87,863 175,863 176,864 201,864 202,865 235,865 235,866 235,868 236,868 236,867 237,866 247,866 247,867 247,872 248,872 250,872 250,867 251,866 301,866 301,867 301,872 302,872"/><TextEquiv index="1"><Unicode>Afxus. Portuque aut litore tutus aperto</Unicode></TextEquiv></TextLine><TextLine id="r0_l038"><Coords points="263,895 420,895 420,894 421,893 526,893 526,892 421,892 420,892 420,891 421,890 511,890 513,888 513,887 514,886 514,885 513,884 513,883 513,882 512,882 511,881 506,881 505,881 505,878 504,877 504,876 504,875 480,875 479,875 479,871 479,870 452,870 451,871 450,871 449,872 243,872 242,871 185,871 183,869 91,869 88,872 88,881 87,882 87,883 88,884 88,885 89,885 91,885 92,886 175,886 176,887 202,887 203,888 259,888 259,889 259,894 260,894 262,894 263,895"/><TextEquiv index="1"><Unicode>Stabat Aſer. Soli patria pro gente Æabulon,</Unicode></TextEquiv></TextLine><TextLine id="r0_l039"><Coords points="317,918 319,918 320,917 332,917 333,916 333,913 334,912 385,912 385,913 385,916 386,916 393,916 394,917 394,912 395,911 456,911 456,912 456,917 457,917 457,911 458,910 486,910 487,909 491,909 530,909 531,910 534,910 536,908 536,905 537,904 537,903 536,902 536,899 534,896 527,896 526,896 526,894 526,893 522,893 521,894 521,895 490,895 489,894 449,894 448,895 448,900 422,900 421,900 421,896 421,895 418,895 417,896 417,899 365,899 364,898 363,899 357,899 356,900 326,900 325,899 322,899 321,900 299,900 298,900 298,896 298,895 295,895 294,896 294,900 266,900 265,900 265,896 265,895 262,895 261,896 261,899 211,899 210,899 210,895 210,894 184,894 183,894 183,893 183,892 164,892 163,891 161,891 160,892 160,896 134,896 133,896 133,893 132,891 130,891 128,893 100,893 99,892 87,892 85,894 85,897 50,897 49,898 47,898 46,899 45,899 44,900 44,906 43,907 43,912 42,913 42,914 43,915 43,916 44,916 50,916 51,915 72,915 74,913 75,913 76,912 76,910 77,909 116,909 116,910 116,914 117,914 119,914 120,913 120,910 121,909 181,909 182,910 206,910 206,911 206,917 207,917 209,917 209,915 211,913 211,912 212,911 253,911 254,912 283,912 284,911 316,911 316,912 316,918 317,918"/><TextEquiv index="1"><Unicode>5 Nephtalidæque acies in aperta pericula Martis</Unicode></TextEquiv></TextLine><TextLine id="r0_l040"><Coords points="335,939 337,939 337,936 338,935 360,935 361,934 458,934 459,933 471,933 472,932 505,932 505,933 505,938 506,938 509,938 509,933 510,932 518,932 519,933 528,933 530,931 530,923 529,922 529,921 529,920 484,920 483,921 481,921 480,922 459,922 458,922 458,918 458,917 456,917 455,918 455,922 423,922 422,922 422,918 422,917 393,917 392,918 392,922 361,922 360,922 360,918 359,916 356,916 353,919 353,923 320,923 319,923 319,919 319,918 317,918 316,919 316,922 211,922 210,922 210,918 210,917 207,917 206,918 206,921 189,921 188,920 156,920 155,920 155,917 154,916 154,915 154,914 151,914 149,916 123,916 122,915 109,915 108,914 107,914 106,915 95,915 94,916 91,916 87,920 87,921 86,922 86,925 85,926 86,927 86,928 88,930 88,931 90,932 92,932 93,933 117,933 117,934 117,936 118,936 121,936 121,935 122,934 122,933 123,932 189,932 190,933 225,933 226,934 257,934 257,935 257,937 258,937 261,937 261,936 263,934 334,934 334,935 334,939 335,939"/><TextEquiv index="1"><Unicode>Objecre animas tereti quâ culmnine in anras</Unicode></TextEquiv></TextLine><TextLine id="r0_l041"><Coords points="436,962 459,962 459,957 460,956 462,956 463,955 490,955 491,956 492,956 493,955 501,955 502,954 509,954 510,953 510,952 509,951 509,939 509,938 474,938 472,940 471,940 470,941 470,943 469,944 450,944 449,945 405,945 404,945 404,943 402,940 399,940 396,943 396,944 395,945 364,945 363,945 363,941 362,939 361,940 347,940 346,941 329,941 328,942 328,945 311,945 310,946 286,946 285,946 285,943 283,940 261,940 260,939 259,940 228,940 227,939 224,939 223,940 223,944 193,944 192,944 192,940 192,939 191,939 190,938 189,938 188,939 181,939 178,942 178,943 124,943 123,943 123,939 122,937 121,937 120,938 94,938 93,939 93,940 92,941 92,942 91,943 91,944 90,945 90,946 89,947 89,949 88,950 87,950 85,952 85,954 86,954 121,954 122,955 192,955 193,956 210,956 210,957 210,961 211,961 212,961 213,962 215,962 216,961 219,961 220,960 220,958 221,957 321,957 322,956 331,956 348,956 349,957 405,957 406,956 435,956 435,957 435,962 436,962"/><TextEquiv index="1"><Unicode>Arduus aſſurgit Thabor. Vbi caſtra proſei</Unicode></TextEquiv></TextLine><TextLine id="r0_l042"><Coords points="385,986 397,986 397,985 398,984 398,980 399,979 438,979 439,978 469,978 469,979 469,981 470,981 490,981 490,982 490,983 491,983 494,983 495,982 495,978 496,977 538,977 538,978 538,982 539,982 540,982 541,983 545,983 546,982 547,982 548,981 548,980 550,978 566,978 567,977 578,977 579,976 579,975 581,973 585,973 585,972 583,972 582,972 582,971 581,970 581,969 577,964 564,964 563,965 507,965 506,966 472,966 471,966 471,964 471,963 460,963 459,962 443,962 442,963 442,967 425,967 424,968 399,968 398,968 398,966 397,965 397,964 397,963 387,963 386,962 384,962 382,964 382,967 369,967 368,968 331,968 327,964 316,964 315,965 315,968 237,968 235,967 235,964 234,962 222,962 221,963 219,963 218,964 217,964 215,966 215,967 184,967 182,966 182,965 182,964 181,965 181,966 157,966 156,966 156,963 155,962 155,961 155,960 152,960 151,961 151,965 132,965 131,966 104,966 103,966 103,964 102,963 102,962 102,961 101,961 100,960 92,960 91,961 90,961 89,962 86,965 86,966 84,968 84,971 85,972 85,973 86,974 86,975 88,976 90,976 91,977 92,977 93,978 97,978 98,977 131,977 132,978 145,978 146,979 148,979 150,981 151,980 151,979 152,978 218,978 219,979 222,979 223,980 253,980 253,981 253,986 254,986 255,986 255,981 256,980 378,980 379,979 384,979 384,980 384,986 385,986"/><TextEquiv index="1"><Unicode>Contulerant Chanaane Duces: Tanac hicd; per agra</Unicode></TextEquiv></TextLine><TextLine id="r0_l043"><Coords points="289,1009 290,1009 290,1004 291,1003 335,1003 336,1002 386,1002 386,1003 386,1008 387,1008 389,1008 389,1002 390,1001 430,1001 431,1002 432,1001 474,1001 475,1000 498,1000 498,1001 498,1007 499,1007 500,1007 500,1001 501,1000 551,1000 552,1001 556,1001 557,1000 556,999 556,990 555,988 506,988 505,988 505,985 504,983 502,983 501,984 501,989 462,989 461,990 434,990 433,990 433,989 432,988 432,986 431,984 430,984 429,985 429,990 398,990 397,990 397,989 397,988 396,988 395,989 388,989 387,989 387,987 387,986 384,986 383,987 383,990 375,990 374,991 315,991 313,990 313,988 311,985 309,985 308,986 308,991 275,991 274,991 274,988 274,987 269,987 268,987 268,986 268,985 263,985 262,986 253,986 252,987 252,991 226,991 225,991 225,987 224,985 212,985 211,984 208,984 207,985 207,990 177,990 176,989 166,989 165,989 165,986 165,985 153,985 152,984 149,984 148,985 124,985 123,984 93,984 92,983 90,983 89,984 88,984 86,986 87,987 87,997 86,998 86,1000 89,1002 90,1002 91,1001 134,1001 134,1002 134,1003 135,1003 137,1003 137,1002 138,1001 180,1001 180,1002 180,1006 182,1007 184,1007 185,1008 188,1008 189,1007 190,1007 190,1003 191,1002 246,1002 247,1003 271,1003 271,1004 271,1005 273,1006 275,1006 276,1005 276,1004 277,1003 288,1003 288,1004 288,1009 289,1009"/><TextEquiv index="1"><Unicode>Fuſa, Mageddoniſque hnmentia culta tenebant:</Unicode></TextEquiv></TextLine><TextLine id="r0_l044"><Coords points="337,1032 339,1032 339,1026 340,1025 401,1025 402,1024 437,1024 437,1025 437,1028 439,1029 440,1029 441,1028 441,1025 442,1024 443,1024 443,1025 443,1030 444,1030 447,1030 447,1025 448,1024 481,1024 482,1023 489,1023 509,1023 510,1024 511,1023 511,1020 511,1019 502,1019 501,1019 501,1015 500,1014 500,1008 500,1007 486,1007 485,1006 483,1006 482,1007 473,1007 471,1009 471,1012 439,1012 438,1013 390,1013 389,1013 389,1009 389,1008 374,1008 373,1009 373,1013 367,1013 366,1014 308,1014 307,1013 299,1013 298,1013 298,1010 297,1008 295,1008 294,1009 288,1009 287,1010 287,1014 261,1014 260,1014 260,1010 259,1008 226,1008 225,1007 223,1007 221,1009 221,1013 177,1013 176,1012 101,1012 99,1011 99,1010 98,1008 97,1008 96,1007 93,1007 92,1006 87,1006 85,1008 85,1012 51,1012 50,1011 48,1011 47,1012 46,1012 43,1015 43,1019 41,1021 41,1022 40,1023 40,1025 41,1026 41,1028 42,1029 42,1030 43,1030 53,1030 53,1029 54,1028 55,1028 56,1027 56,1026 57,1025 74,1025 75,1024 211,1024 212,1025 222,1025 223,1026 224,1026 225,1025 243,1025 243,1026 243,1032 244,1032 246,1032 246,1026 247,1025 257,1025 293,1025 294,1026 321,1026 321,1027 321,1028 323,1029 333,1029 335,1031 336,1031 337,1032"/><TextEquiv index="1"><Unicode>0 Parcere non ulli dociles, pretiúmve paciſci.</Unicode></TextEquiv></TextLine><TextLine id="r0_l045"><Coords points="318,1054 320,1054 320,1049 321,1048 331,1048 332,1047 370,1047 371,1048 384,1048 384,1049 384,1053 385,1053 407,1053 407,1048 408,1047 431,1047 432,1046 484,1046 485,1045 496,1045 496,1046 496,1052 497,1052 497,1046 498,1045 513,1045 514,1046 522,1046 523,1045 524,1045 525,1044 526,1044 527,1043 527,1041 526,1040 526,1036 524,1033 505,1033 504,1034 463,1034 462,1034 462,1031 461,1029 460,1029 459,1030 423,1030 422,1029 420,1029 416,1033 416,1035 391,1035 390,1035 390,1033 389,1032 389,1031 388,1029 387,1029 386,1030 369,1030 368,1031 367,1031 366,1032 366,1037 341,1037 340,1037 340,1033 340,1032 337,1032 336,1033 336,1037 300,1037 299,1036 283,1036 282,1036 282,1035 281,1034 281,1033 279,1030 278,1030 275,1033 275,1034 274,1035 274,1037 247,1037 246,1037 246,1033 246,1032 244,1032 243,1033 243,1036 205,1036 204,1035 170,1035 169,1036 144,1036 143,1035 126,1035 125,1035 125,1033 124,1031 112,1031 110,1033 110,1044 109,1045 109,1046 110,1046 112,1046 113,1047 213,1047 214,1048 276,1048 277,1049 281,1049 282,1048 311,1048 311,1049 311,1053 312,1053 317,1053 318,1054"/><TextEquiv index="1"><Unicode>Hos contra micuâre polo delapſa ſub auras</Unicode></TextEquiv></TextLine><TextLine id="r0_l046"><Coords points="312,1077 315,1077 315,1071 316,1070 323,1070 324,1071 325,1070 395,1070 396,1069 421,1069 421,1070 421,1075 422,1075 423,1075 423,1070 424,1069 439,1069 440,1068 479,1068 480,1069 481,1068 508,1068 510,1066 510,1063 509,1062 509,1059 508,1058 508,1057 508,1056 500,1056 499,1056 499,1053 499,1052 487,1052 486,1051 482,1051 478,1055 478,1057 448,1057 447,1058 389,1058 388,1058 388,1054 388,1053 385,1053 384,1054 384,1058 380,1058 379,1057 361,1057 359,1056 359,1055 359,1054 358,1054 357,1053 336,1053 335,1054 316,1054 314,1056 314,1058 313,1059 281,1059 280,1059 280,1055 280,1054 279,1055 278,1055 275,1058 246,1058 245,1058 245,1055 244,1053 242,1053 241,1054 240,1054 238,1056 238,1057 237,1058 237,1059 214,1059 213,1059 213,1055 212,1053 190,1053 188,1055 188,1059 161,1059 160,1058 118,1058 117,1058 117,1052 117,1051 116,1051 115,1052 86,1052 85,1053 84,1053 83,1054 86,1057 86,1066 84,1068 84,1069 85,1069 119,1069 119,1070 119,1073 120,1074 120,1076 121,1076 129,1076 129,1073 130,1072 130,1070 131,1069 155,1069 156,1070 167,1070 167,1071 167,1076 168,1076 169,1076 169,1071 170,1070 171,1070 171,1071 171,1073 172,1073 174,1073 175,1072 175,1071 176,1070 212,1070 212,1071 212,1073 214,1074 214,1072 215,1071 242,1071 276,1071 276,1072 276,1074 277,1074 280,1074 281,1073 281,1072 282,1071 292,1071 293,1070 311,1070 311,1071 311,1077 312,1077"/><TextEquiv index="1"><Unicode>Fulgura ; diſpofitæque ſuſ ſtatione coruſcis</Unicode></TextEquiv></TextLine><TextLine id="r0_l047"><Coords points="317,1099 338,1099 338,1093 339,1092 363,1092 364,1093 375,1093 375,1094 375,1097 377,1098 378,1098 379,1097 379,1093 380,1092 415,1092 416,1091 435,1091 436,1090 462,1090 463,1091 486,1091 487,1090 503,1090 504,1089 504,1088 504,1087 498,1087 497,1087 497,1082 495,1079 481,1079 480,1079 480,1077 479,1075 472,1075 471,1074 449,1074 448,1075 416,1075 415,1074 414,1074 412,1076 412,1080 367,1080 366,1080 366,1077 365,1075 363,1075 361,1077 361,1081 318,1081 317,1081 317,1079 316,1077 311,1077 310,1078 310,1081 289,1081 288,1082 244,1082 243,1081 221,1081 220,1081 220,1078 219,1076 205,1076 204,1077 171,1077 170,1076 167,1076 166,1077 166,1081 131,1081 130,1081 130,1077 130,1076 120,1076 119,1077 119,1080 92,1080 91,1080 91,1077 91,1076 89,1076 88,1075 83,1075 81,1077 82,1078 82,1091 84,1092 94,1092 94,1093 94,1096 95,1096 96,1096 96,1095 97,1094 102,1094 104,1092 192,1092 193,1093 316,1093 316,1094 316,1099 317,1099"/><TextEquiv index="1"><Unicode>Ignibus in Siſaran venâre ad prælia ſtellæ.</Unicode></TextEquiv></TextLine><TextLine id="r0_l048"><Coords points="333,1121 334,1121 334,1116 335,1115 408,1115 408,1116 408,1118 410,1119 411,1119 411,1115 412,1114 447,1114 448,1113 492,1113 493,1112 533,1112 534,1111 535,1111 535,1110 536,1109 536,1107 535,1106 535,1105 534,1104 534,1101 533,1099 526,1099 525,1099 525,1095 525,1094 513,1094 511,1096 511,1101 468,1101 467,1101 467,1098 466,1096 449,1096 448,1097 447,1097 444,1100 444,1101 443,1102 422,1102 421,1103 371,1103 370,1104 340,1104 339,1104 339,1100 339,1099 331,1099 330,1098 329,1098 328,1099 316,1099 315,1100 315,1104 265,1104 264,1103 259,1103 258,1103 258,1100 258,1099 240,1099 239,1098 237,1100 237,1104 184,1104 183,1104 183,1099 183,1098 181,1098 180,1097 179,1098 156,1098 155,1099 153,1099 151,1101 151,1102 150,1103 123,1103 122,1103 122,1100 121,1099 121,1098 121,1097 119,1097 118,1098 83,1098 82,1099 82,1100 83,1101 83,1111 81,1113 83,1114 108,1114 109,1115 156,1115 157,1116 159,1116 160,1115 182,1115 237,1115 238,1116 239,1116 240,1115 278,1115 279,1116 293,1116 294,1115 328,1115 329,1116 331,1116 332,1115 333,1115 333,1116 333,1121"/><TextEquiv index="1"><Unicode>Multa Ciſon volvit tumidis correpra ſub undis</Unicode></TextEquiv></TextLine><TextLine id="r0_l049"><Coords points="292,1146 293,1147 294,1146 294,1139 295,1138 301,1138 302,1137 371,1137 371,1138 371,1140 372,1140 373,1140 374,1139 374,1138 375,1137 405,1137 405,1138 405,1143 406,1143 406,1142 407,1141 414,1141 415,1140 431,1140 432,1140 432,1141 432,1143 433,1143 435,1143 435,1141 436,1140 439,1140 440,1141 442,1141 443,1140 443,1137 444,1136 454,1136 455,1135 466,1135 467,1134 526,1134 527,1135 528,1134 532,1134 533,1133 535,1133 536,1132 536,1128 537,1127 537,1124 537,1123 536,1123 535,1122 527,1122 525,1120 523,1122 521,1122 520,1123 488,1123 487,1124 434,1124 433,1124 433,1122 431,1119 426,1124 426,1125 388,1125 387,1125 387,1121 387,1120 384,1120 383,1121 383,1125 337,1125 336,1125 336,1122 336,1121 333,1121 332,1122 332,1126 290,1126 289,1126 289,1123 288,1121 280,1121 279,1120 277,1120 273,1124 273,1125 272,1126 254,1126 253,1127 226,1127 225,1127 225,1122 225,1121 222,1121 221,1122 221,1127 195,1127 194,1127 194,1123 193,1122 193,1121 193,1120 190,1120 189,1121 188,1121 185,1124 185,1126 157,1126 156,1125 155,1126 101,1126 100,1126 100,1123 99,1121 98,1121 97,1120 92,1120 91,1121 89,1121 88,1122 87,1122 86,1123 47,1123 46,1124 45,1124 43,1126 43,1132 42,1133 42,1136 41,1137 41,1138 40,1139 40,1141 41,1141 42,1141 43,1142 44,1142 45,1143 48,1143 50,1141 69,1141 71,1139 71,1138 72,1137 125,1137 125,1138 125,1141 126,1141 127,1141 127,1139 129,1137 172,1137 172,1138 172,1139 174,1141 174,1144 175,1144 175,1139 176,1138 198,1138 199,1137 229,1137 230,1138 284,1138 284,1139 284,1141 285,1141 288,1141 288,1142 288,1144 291,1146 292,1146"/><TextEquiv index="1"><Unicode>5 Corpora, ſemineceſue viros, largoque crnore</Unicode></TextEquiv></TextLine><TextLine id="r0_l050"><Coords points="304,1167 309,1167 309,1162 310,1161 346,1161 347,1160 402,1160 402,1161 402,1164 404,1165 405,1165 405,1164 407,1162 407,1161 408,1160 444,1160 445,1159 455,1159 456,1158 466,1158 467,1157 475,1157 476,1156 489,1156 490,1155 524,1155 525,1154 555,1154 555,1148 554,1147 554,1146 552,1143 545,1143 544,1144 519,1144 518,1143 516,1145 490,1145 489,1146 456,1146 455,1145 454,1145 453,1146 436,1146 435,1146 435,1144 435,1143 433,1143 432,1144 408,1144 407,1143 405,1143 404,1144 404,1147 377,1147 376,1148 335,1148 334,1148 334,1145 333,1143 331,1143 330,1144 320,1144 319,1145 319,1148 286,1148 285,1149 237,1149 236,1149 236,1147 235,1146 235,1145 235,1144 209,1144 208,1145 206,1145 203,1148 177,1148 176,1148 176,1145 176,1144 167,1144 166,1145 166,1149 135,1149 133,1148 133,1146 131,1143 130,1143 129,1142 85,1142 84,1143 83,1143 82,1144 82,1145 80,1147 80,1148 81,1148 82,1149 83,1149 83,1150 83,1160 85,1161 123,1161 124,1162 125,1161 151,1161 152,1162 154,1162 155,1161 181,1161 182,1162 189,1162 190,1163 210,1163 211,1162 270,1162 271,1163 290,1163 291,1164 303,1164 303,1165 303,1167 304,1167"/><TextEquiv index="1"><Unicode>Tinctus iit, Sed nos apidum majecimus amnem</Unicode></TextEquiv></TextLine><TextLine id="r0_l051"><Coords points="484,1160 484,1180 568,1180 568,1160 484,1160"/><TextEquiv index="1"><Unicode>Ionocul.</Unicode></TextEquiv></TextLine><TextLine id="r0_l052"><Coords points="584,1244 584,1260 658,1260 658,1244 584,1244"/><TextEquiv index="1"><Unicode>2 I</Unicode></TextEquiv></TextLine></TextRegion></Page></PcGts>