578 956
171 14 356 39 0
455 19 490 38 137
9 42 487 75 pro hae effigie non prius eonveniſti eum
9 72 516 99 ]pictore Cbrem. non conveni. decem tamen
9 97 487 123 ] denarios non invitus dabo. Bil. Pro trinm
8 122 487 149 Ipalmarum rudi tela coloribus obfuſcatua decem
8 147 487 173 denarios Cbrem. non pluris æſtimus effigiem
8 172 487 197 ] enerandi Parentis tui ſuper omnis æſtima-
9 197 488 221 re, debes parentem, & præſertim parentem ta-
8 220 491 248 I lem, qualis ſum ego, tam pro te ſollicitus, &
9 247 487 274 pro te itando in me ipſum parcus. Abi am
9 271 488 303 ad pictorem italum -. at advenit ipſius filius.
160 320 370 347 Scena Secunda.
8 364 312 404 Accedit Filius Pictoris.
65 397 488 426 Apel. Pater meus ſtrenu Dominationi ſnæ
9 417 488 454 ſe eommendat. File Strenu: DominationiI
9 449 487 478 Apel. & petitam effigiem ſubmittit ad vota,
9 473 492 503 I ut ſperat, perfectam. Cbrem. Videamus er-
9 498 488 529 go. AAp. patere moras, dum evolvam pluribus
9 523 487 552 ]picturis involutam. Cbν. An plures alii pe-
9 548 488 576 tiere exprimi effigies ſuas? Ap. plures, ad quos
9 572 488 600 l modo præſentes deſerre iubeor. Fil. Cujus
9 596 488 626 hæc eſt effigies Ap. eſt effigies Domiæ il-
9 622 488 651 lius modò viduæ-. nomen non occurrit--
8 647 488 676 eſt Dominæ, euius Maritus ante octiduum
9 671 488 699 j mortuus eſt, habitat propè domum noſtrem.
8 695 488 725 Ch. Hæene petiit ſe depiogi? & eur poſt
8 720 491 751 Imortem Maritit Ap. quia novus illi ſponſus
7 747 488 772 oblatus eſt, mi tamen hane fœminam cum
7 770 489 799 nunquam viderit, ejusdem ſultem effigiem ſi-
44 796 490 823 i ſubmitti petiit. Cbs. Octava poſt mor-
44 819 489 847 tem mariti die γaτ ooum ſponlum quærit ]
460 844 492 863 ſal-
271 848 304 872 I4
