588 961
101 23 409 48 0 ()
97 57 546 82 Pro ſeptem florenis quot poterimus eoned-
48 82 546 107 e farcimina, quod unicum mihi gratius, quam
90 103 585 130 onnes majorum effigies, & eorum memorin. I
96 132 543 157 Cr, dixi. tecipe picturam tuam, & domum
94 156 585 188 redi. Ap. Non recipiet hane parens. Tu,
93 180 585 227 etaat::
93 230 585 256 hæc eſſet effigies, ſed non eſt mes, eſt mihi,
92 255 585 279 iſſimillima. Nunquid fli Fl. mnino eſt
92 270 585 305 tibi d ſſimillia. Ap. Tu ipſe dixeras, te in
93 300 585 329 ea Patrem agnoſcere. Fil. dixeram, quia nihil
91 325 585 356 aieram de ſeptem forenis. Nu melius
91 351 585 381 ilam dum conſidero, invenio Patri diſfimilli-
90 379 585 412 πam. Ap. Rene, teſtes adhibebimus. Cbr. ita.
92 406 425 431 Age pue, Dorylam teſtem voea.
222 453 412 480 Scena Tertia.
91 498 337 526 Chemes, Appellinus.
113 534 540 561 Ap. Quis iſte Dorvlas Chrem. eſt pere-
47 560 539 587 iſſimus cenſcr imaginum, nam adnoe puer
89 585 539 610 em patre ſuo pnlcherrimos ieonismos, t im-
89 610 541 636 preſus imagines per pagos venales cireum t-
89 634 538 662 Rt, & etiam aſini mei ſtabulum elegantiſſimis
89 659 538 685 éusmoi iypis exornit. A. Stabulum aſi-
90 686 538 706 i tui? Cbem. ita. Num in domo mea om-
89 710 537 735 in volo eſſe ſplendida, ne meum tantm,
90 734 539 758 d aſini mei eubiculum pituris exornatum,
89 758 537 785 t peſertim majorum noſtrorum effigies pa-
90 784 243 809 hm proſtantes.
483 859 539 878 Sena
