572 959
166 22 343 52 a (0 Iὰ
447 28 480 48 I43
4 57 482 90 Ipugo Shuſano ſtabulatar. l. PaerI nec
5 80 483 116 pictore. nec effigie tua nobls opus eſt; ſuffi-
4 107 483 138 ciunt mihi hi majores e. Cbre. Tam par-
3 133 483 161 vi ſtimas parentem tnum omnino pingen-
3 158 484 187 da & hic ſuſpendenda effigies mea, ut ætet-
4 182 483 212 nam mei habeas memoriam, & me ſaltem i
4 209 263 243 effigie venerari diſcas.
177 255 344 285 Scena Sexta
5 297 251 340 Accedit Mopſuls.
5 338 486 367 Mopſ HeusI a mereator domi eſt Rl.
4 362 487 394 ]eſt, & non eſt. Cbrem. Hic me vides. Quid
4 389 487 420 petis Mopſ. primo velim faſciculum ſulpno-
6 413 487 443 rati ligni. Secundo fomitem. Tertio caly-
6 439 547 468 be. Cbrem. his ouibus proviſum eſt tnbet-
6 464 488 492 e meœ. EnI i promptu, quæ poſtulas.
7 488 488 517 Mopſ. & quantum petis pro his mercibusI
5 514 548 543 Cbremi, pro faſciculo hoc quinque erucigeros,
4 539 489 569 pro fomite totidem, quo calybe decem; ſum-
4 563 489 592 ma ſuτarum viginti crucigeri. Mopſ. Quid
4 588 489 616 ]vigini erucigeros pro his quisquiliis an emp-
4 613 504 642 torem puerum in me inveniſſe te eredis Fil.
4 637 490 665 certe vir non es. Cbrem. Quantum ergo da-
4 663 490 691 οis Mopſ. pro omnibus ſimul qui0que eru-
4 688 491 716 ]cigeros. Cbrem. Ma foy. Conſcienam meam
4 713 492 740 teſtor, tali pretio dare non poſſum, ipſus per-
4 738 492 764 derem. Mopſ. & ego couſcientiam meam to-
4 762 492 791 ſtor, plura non dabo, quàm quinque erueigo-
4 786 493 813 ros. Cbrem. a ſaltem decem. AMopſ. oec obn-
4 811 493 843 Ium ultra quinque dabo. Cbrem. da ſeltem
3 837 492 865 ſeptem. Mop dixi nec obulum ultra quinqne,
3 862 492 893 uec plures ihi pecunias mater dedit. Cbrem.
463 893 493 907 m
