584 959
91 27 445 66 18 (0
221 81 412 107 Scena Tertia.
82 123 438 153 Atcedit Pitor Saxenhuſanus.
107 165 542 191 Saxb. Laudetur Chriſti. Audio m hac domo
82 195 539 221 xpetl penicillum meu, qnem promptus of-
82 220 540 245 fero ad obſequis. Cbr. Penicillo non inligeo,
82 245 537 271 lpſus hic plures habeo vendibiles. Sax. Tamen
83 270 539 295 affnis mei filis Mopſulus modo me monuit,
84 296 542 321 in hac domo operam men expeti. Fil. An
84 320 539 347 pictor es Saxb. Dei & Apoſtolicæ ſedis gra-
84 345 539 370 tis. Bil. Apoſtolic ſedis Sax. quia per ſum-
84 368 538 395 mum Pontificem artem pingendi didici. Cbr.
85 396 539 421 Per ſummum Pontificemt an ergo Romæ, &
84 420 560 445 I Italia fuiſti Doryl. Ipſe Pontifex te artem
84 444 539 471 pingendi docuit Saxb. nec Italiam, nec Pon-
84 469 538 494 tificem vidi unquam, ſed cum nuperis anis
85 494 539 520 Pepa indulgentias eonceſſiſſet ſalntationi Chri-
82 518 539 544 ſtianæ: Ludetu Cbriſti. Ruſtici ones hæc
84 544 539 570 erba ſuis domibus appitgi voluère. Ten-
84 568 538 595 tai ego penicillum, & ex hoc quaſi tyro-
24 594 538 620 cinio iτa hucusque profeci, nt pictoribus ita-
83 619 537 645 lis parum cedat. Doryl. Eg te hero meo
83 643 537 669 oτmendaτi, ihi debebis, quod feres lu-
75 667 539 694 uτ. Cb An nõſſes imaginem meam viis
82 693 537 720 Æloribus eprimere Sx. vivis ego coloribus
82 718 537 743 on ueor. Bil. Ho vult dicere parens: a
83 742 537 769 illum poſſis ad vlvum depingere? Sax. noper
83 767 537 792 in tabera nxorem τneam nigris coloribus in
84 791 537 816 tpinxi: ut jam omnibns ſit otiſſia. Cb. At
65 816 544 843 g nolim τigris colorieus depiogi. Sax. De-
75 842 542 868 pinga, quibns volueris. Varii enim generls
83 864 537 894 nii olores ſunt, ereta adida, feua, &
440 893 538 915 rubra
