1188 1984
494 118 592 142 V
270 119 820 167 2e ) 0)
754 121 796 143 æ
223 200 1092 256 juſſu Regis de iis per totam Civitatem inq́uiritur:
223 250 1185 312 ſed fruſtra. Quod unice ergo ſupererat, labente
219 299 1185 361 jam die ſilius nat minor ad aram ducitur. Illum
225 349 1185 407 efferato doloris ſoſu perculſus parens, ac deſpera-
226 398 1095 453 tione adaclus per ſubterraneam ſemitam pracurrit:
225 449 1185 505 at in Templum ingreſſus, ut ibi conriciis, & male-
223 500 1185 556 dictis Dagonem impetat, a filiis eo in loco occultas
224 548 1185 605 illi molientibus inſidias barbare trucidatur. Cde
218 599 1092 652 peracta, vix puer immolandus templi limen attingit;
223 645 1185 704 Dagon ſe placatum, illique paternum ſceptrum de-
212 695 1185 753 ſtinaſſe, maniſeſtis portentis oſtendit: quamobrem
213 747 1185 800 populus illum lætis acclamationibus excipit, fegem-
217 793 1185 853 que ſalutat. Felicem hunc rerum exitum Dagon
213 844 1091 897 panlo ante illi prnunciaverat: nam cimm a Numine
214 894 1091 948 ſciſcitaretur de ſua, fratrumque ſorte; reſponſum
215 943 1091 998 hoc audivit: ipſum purpura decorandum eſſe: ſra-
213 1044 1185 1099 eventus comprobavit: ille ſiquidcm regnavit poſt pa-
211 1092 1185 1147 trem: fratres patrio ſanguine reſperſi in prcipitem
208 1139 529 1189 fugam ſe dederunt.
337 1189 1185 1241 Initium, & Tragœdiæ fuudamentum deſumi-
207 1242 1185 1290 tur ex lib. 4. egum, ubi hæc leguntur. Reverſus
206 1284 1088 1337 eſt Scnnacherib Rex E ſlyriorum, & manſit
203 1334 1089 1389 in Ninive; cumque adoraret in Templo Neſ.
203 1383 1086 1435 roch Deum ſuum, Adtamelech, & Saraſar
203 1432 1086 1492 filii ejus percuſlerunt eum gladio. & regnavit
198 1482 1086 1538 Aſarhaddon filius ejus pio eo. Huius parricidij
40 1533 1083 1598 . cauſa, qu apud D. Hieronymum in Iradition.
199 1579 1086 1639 Hæbreor, cap. 3. afſertur, ea eſt, quia Sen-
196 1636 1085 1683 nacherib ſilios ſuos ſe Dagoni immolaturum voverat:
197 1684 1039 1739 qu re comperia ſilii patris ſpitiam prarenerunt.
962 1745 1036 1780 Alis
