1188 1984
317 147 645 199 (0 (Æ
814 159 884 192 29I
54 230 930 285 Aia affertur ex lyrano in lb. . Regum, & :x
57 278 930 333 buiænſi quæſt. 32, in cap. i. eiusdem lib. 4.
58 332 929 384 nempe, quia Rex Aſarhaddonem natu mniorem ſui
57 377 929 434 Regni hæredemi deſignaverat: idque ob ardentiſſimun
56 427 930 482 erga atrem illius amorem, ut habetur in Hliſtor,
56 479 929 528 Schol. Denique duo hæc adnoto: primum eft:
57 528 929 577 Sennacherib in ſegiam ſuam reverſum, ad ulciſcen-
58 578 927 630 dam ex parte cladem acceptam vexaſſe Hebræos illuc
60 625 927 677 antea tranſiiſſos, eorumque plurimios occidi juſje,
60 676 928 729 ut legitur in lib. Tob. cap. I. Alterum eſt in
62 726 927 773 Serarii commentar. q́usdem cap. Idolum eſrocâ
268 775 728 824 lio nomine Dagonem fuiſſe
401 829 585 874 appelltum.
538 1133 759 1165 t
679 1147 844 1183 , e2e
685 1140 882 1241 V
731 1728 878 1755 N3
464 1738 578 1774 A
736 1747 838 1769 ! H
