1188 1984
263 134 866 173 206 SENNACHERIB
536 221 782 264 SAPHA.
667 305 1185 374 Aliter auditum accipis
222 348 955 410 Fatale carmen, teque in ambages tua
231 400 1034 455 FTe ſponte redigis. Pignus antiqui tori,
10 424 63 475 1
222 447 1061 507 Soboles paternum gemna circumiſtat latus.
223 496 1093 559 Te mea ſecundo ́uncta tibi thalamo Soror
223 549 1004 607 Auxit recenti prole, Sunt ſanguis tuus:
223 594 1028 650 Tua ſunt propago filii. His ſibi victimis
225 643 1019 705 Poſcit litari: ſanguine hoc Dagon iubet
224 695 909 741 Aras cruentas imbui. Moab miiſer
223 743 968 795 Regnator, olim preſſus hoſtili metu,
226 792 1040 852 Cruore Nati Numen iratum Moloch ()
225 841 1065 904 In vota flexit. Retulit Abramidum genus
223 889 1100 953 Ex hoſte palmas proprer Iſacum, Parens (b)
223 940 1024 999 In quem ſacriſicus extulit gladium. Dii
227 989 994 1046 Vernantis ævi quippe primitias petunt:
223 1037 1006 1090 Illosque mulcet victima, intacto virens
223 1086 557 1138 Robore juventæ.
444 1165 890 1210 SENNACHERIB.
546 1220 1185 1284 Deſtinem at quem de tribus
222 1261 1185 1338 Mactandum adaras? Saraſar, atque Adtach,
946 1325 1059 1370 reor
229 1359 1185 1422 Te non latere, in omne quam proni ſcelus
217 1408 982 1467 Illluc ferantur, ira quo præceps trahit:
219 1457 974 1520 lllos Parentis non amor tangit, pudor
217 1505 1002 1571 Nec tangit ullus: aggredi & penſi nihil
217 1555 1049 1615 Ducunt, cruenti quidquid ambiio furens
945 1617 1057 1657 Obii-
192 1665 1185 1691 CQa e . â
1 1657 51 1752 5
269 1690 837 1748 a Lib. 4. reg. cap. 3. r. 2.
269 1742 869 1798 ) Go. c4. a2. p. I0. I6,
1 1751 56 1818 t
1 1818 56 1864 I
