1188 1984
332 129 886 175 cIS TERTts. 5
280 216 706 260 SENNACHERIB.
489 289 924 340 (lra vix patitur tegi:
51 339 870 391 Tamen tegatur) Nimius agnolco, rapit
55 385 788 438 Te laudis ardor,,, lpſa præſcriptos ſibi
48 434 829 497 ,Transgreſla fines, degener virtus abit
47 484 921 535 ,, In vitia. Sed nunc ſi ſapit tibi cor, agc.
48 533 922 586 Molitus es quidquid doli, in medium illico,
48 585 926 636 Lucemquc profer. Redimere hoc pretio potes
48 632 926 685 Vitam, decusque: dona quin poſthac novis
47 681 927 733 Cumulabo donis: tibimcam aſtringo fidem,
47 736 407 791 Superosque teſtor.
368 803 614 849 SAPHA
485 862 923 910 Sperno perituras opes,
44 909 812 975 Quibus eſto dives fuerit; infelix adhuc
47 958 905 1011 Elt, quem latenti vulnere interius fodit,
47 1007 923 1061 Animusque torqut conſcius. Nihiil in bonis
48 1054 924 1114 Niſi quod honeſtumnumtro: nec quidquam
664 1107 874 1152 Cin malis,
47 1152 923 1206 Niſiturpe factum.,, Proſperæ eſt quisquis ſuæ
47 1203 925 1254 ,,Sibi ſortis auctor: namque ſi culpa vacat,
47 1255 901 1306 ,,Beatior nemo. quat humanum genus
48 1304 899 1356 ,Cœlitibus omni labe mens intus vacans,
49 1350 927 1405 ,.Scelerisque pura. Crimenhaudullum mea
48 1395 514 1446 Tacite remordet cordâ.
273 1485 717 1529 SENNACHERIB.
556 1535 930 1585 Fateor, habet tuus
53 1586 908 1639 Cauſas honeſtas error. Hunc ergo, metus
53 1637 932 1687 Procul abſit aperi: abrumpe diuturnas moras.
55 1687 817 1739 Medio receſſit axe jam Titan: Sacrum
786 1734 893 1781 Opus
458 1738 547 1787 4
