1188 1984
234 132 818 179 350 SENVACHERIB
190 209 1045 267 Indocile fecti! Nauta, cum pelagus furit;
189 259 1185 319 Tunc frangit undas arte, tunc urget ratem
189 308 1047 364 Luctante Borca.,, Adverſa fac deſint; iacet
189 360 998 412 ,Inhonora virtus, nullus eſt laudi locus,
412 444 849 489 SENNACHERIB.
190 497 1056 557 Fruſtra laboras, ut probrum hoc æquo feram
191 547 954 601 Animo, trahamque lentus invilos dies
194 597 975 648 Poſt ſæva pueri fata, cum ſolum mihi
191 647 972 701 Supercrit, orbis unde me patrem ſciat,
192 695 1185 758 Soboles pudenda, degener, vecore. equi
190 745 1031 806 Præcuntis umbrem præſtat, atquc uno tegi
189 796 1185 860 trumquc tumulo: quin meam praſtat magis
190 845 1076 909 mbrampræire. Merſus Acberontis ſinu)
192 893 1001 951 Non te bipenni ſubdere auguſtum caput,
196 945 935 1007 Aſar, videbo, membra funcreo rogo
194 998 574 1043 Nec tua cremari,
506 1077 763 1123 SAPHAÆ.
675 1134 1185 1202 Poſcit ut vivas, tuo
195 1180 911 1233 Peritura caſu, publica Imparii ſalus.
192 1231 1027 1286 Sebeunda Natm ſibimet hoc pretio cupit
196 1282 1045 1336 Vitæ rependi damna. Quid quod, ſi fides
194 1331 966 1375 Habenda verbis, Natus emiſſa c ſacris
194 1430 1018 1484 Dirimenda res eſt Itue in lſaci vicem
194 1381 915 1438 Quæ nuper adytis audiit, læto exitu
18 1480 992 1571 j Suftectus aries, patriseluſit mctum, (V)
958 1540 1071 1584 Sic
189 1625 1186 1674 2 2 2 & &âæâ aū a0 ââ x2& VN&âNN 54i,
198 1686 881 1750 a) Apoſtrophe ad filium abſentem.
242 1752 713 1802 () eneſ. cap, â. 5. I.
