<PcGts xmlns="http://schema.primaresearch.org/PAGE/gts/pagecontent/2019-07-15" xmlns:xsi="http://www.w3.org/2001/XMLSchema-instance" xsi:schemaLocation="http://schema.primaresearch.org/PAGE/gts/pagecontent/2019-07-15 http://schema.primaresearch.org/PAGE/gts/pagecontent/2019-07-15/pagecontent.xsd">
  <Metadata>
    <Creator>OCR4all</Creator>
    <Created>2022-01-21T16:17:16</Created>
    <LastChange>2022-01-21T16:17:16</LastChange>
  </Metadata>
  <Page imageFilename="0144.png" imageHeight="1743" imageWidth="1000">
    <TextRegion id="r0" type="paragraph" orientation="-1.5">
      <Coords points="1,1 998,1 998,1741 1,1741"/>
      <TextLine id="r0_l001">
        <Coords points="339,108 707,117 711,114 711,104 711,103 710,103 709,103 709,102 709,101 693,101 692,100 634,98 633,97 609,97 608,96 609,85 607,83 607,79 606,79 342,72 342,71 342,62 303,61 302,61 302,62 301,63 303,65 305,65 305,66 307,69 339,70 340,70 340,72 339,73 331,72 331,73 331,75 330,75 328,75 327,77 326,89 325,90 325,91 324,92 324,97 323,97 321,99 321,101 320,102 322,103 337,103 337,104 339,108"/>
        <Word id="w24088">
          <Coords points="332,61 356,61 356,117 332,117"/>
          <Glyph id="w24088g0">
            <Coords points="332,61 356,61 356,117 332,117"/>
            <TextEquiv index="1" conf="0.9798344373703003">
              <Unicode>M</Unicode>
            </TextEquiv>
          </Glyph>
          <TextEquiv index="1" conf="0.9798344373703003">
            <Unicode>M</Unicode>
          </TextEquiv>
        </Word>
        <Word id="w24089">
          <Coords points="390,61 706,61 706,117 390,117"/>
          <Glyph id="w24089g0">
            <Coords points="390,61 395,61 395,117 390,117"/>
            <TextEquiv index="1" conf="0.9864008277654648">
              <Unicode>I</Unicode>
            </TextEquiv>
          </Glyph>
          <Glyph id="w24089g1">
            <Coords points="428,61 433,61 433,117 428,117"/>
            <TextEquiv index="1" conf="0.9952119290828705">
              <Unicode>S</Unicode>
            </TextEquiv>
          </Glyph>
          <Glyph id="w24089g2">
            <Coords points="467,61 471,61 471,117 467,117"/>
            <TextEquiv index="1" conf="0.9849865138530731">
              <Unicode>O</Unicode>
            </TextEquiv>
          </Glyph>
          <Glyph id="w24089g3">
            <Coords points="510,61 510,61 510,117 510,117"/>
            <TextEquiv index="1" conf="0.8647202998399734">
              <Unicode>P</Unicode>
            </TextEquiv>
          </Glyph>
          <Glyph id="w24089g4">
            <Coords points="548,61 558,61 558,117 548,117"/>
            <TextEquiv index="1" conf="0.9898732751607895">
              <Unicode>O</Unicode>
            </TextEquiv>
          </Glyph>
          <Glyph id="w24089g5">
            <Coords points="587,61 606,61 606,117 587,117"/>
            <TextEquiv index="1" conf="0.9821302145719528">
              <Unicode>N</Unicode>
            </TextEquiv>
          </Glyph>
          <Glyph id="w24089g6">
            <Coords points="644,61 673,61 673,117 644,117"/>
            <TextEquiv index="1" conf="0.3546734005212784">
              <Unicode></Unicode>
            </TextEquiv>
          </Glyph>
          <Glyph id="w24089g7">
            <Coords points="649,61 687,61 687,117 649,117"/>
            <TextEquiv index="1" conf="0.6005194969475269">
              <Unicode>0</Unicode>
            </TextEquiv>
          </Glyph>
          <Glyph id="w24089g8">
            <Coords points="706,61 706,61 706,117 706,117"/>
            <TextEquiv index="1" conf="0.7421267032623291">
              <Unicode>.</Unicode>
            </TextEquiv>
          </Glyph>
          <TextEquiv index="1" conf="0.12848647092511442">
            <Unicode>ISOPON0.</Unicode>
          </TextEquiv>
        </Word>
        <TextEquiv index="1" conf="0.8373844979161565">
          <Unicode>M ISOPON0.</Unicode>
        </TextEquiv>
      </TextLine>
      <TextLine id="r0_l002">
        <Coords points="692,100 692,99 692,96 693,96 695,96 695,95 695,92 696,91 697,85 696,85 654,84 654,83 654,82 653,82 652,83 638,82 638,83 638,85 637,85 631,85 631,86 631,89 632,89 632,90 632,97 634,98 692,100"/>
        <Word id="w24090">
          <Coords points="632,82 647,82 647,100 632,100"/>
          <Glyph id="w24090g0">
            <Coords points="632,82 634,82 634,100 632,100"/>
            <TextEquiv index="1" conf="0.3406594334713494">
              <Unicode>t</Unicode>
            </TextEquiv>
          </Glyph>
          <Glyph id="w24090g1">
            <Coords points="647,82 647,82 647,100 647,100"/>
            <TextEquiv index="1" conf="0.25463212824737036">
              <Unicode>r</Unicode>
            </TextEquiv>
          </Glyph>
          <TextEquiv index="1" conf="0.08674283655235318">
            <Unicode>tr</Unicode>
          </TextEquiv>
        </Word>
        <TextEquiv index="1" conf="0.38553431525360793">
          <Unicode>tr </Unicode>
        </TextEquiv>
      </TextLine>
      <TextLine id="r0_l003">
        <Coords points="112,105 191,107 192,70 113,68 112,105"/>
        <Word id="w24091">
          <Coords points="122,68 140,68 140,107 122,107"/>
          <Glyph id="w24091g0">
            <Coords points="122,68 122,68 122,107 122,107"/>
            <TextEquiv index="1" conf="0.9206752926111221">
              <Unicode>1</Unicode>
            </TextEquiv>
          </Glyph>
          <Glyph id="w24091g1">
            <Coords points="136,68 140,68 140,107 136,107"/>
            <TextEquiv index="1" conf="0.9878686517477036">
              <Unicode>3</Unicode>
            </TextEquiv>
          </Glyph>
          <TextEquiv index="1" conf="0.9095062600091717">
            <Unicode>13</Unicode>
          </TextEquiv>
        </Word>
        <TextEquiv index="1" conf="0.9542719721794128">
          <Unicode>13</Unicode>
        </TextEquiv>
      </TextLine>
      <TextLine id="r0_l004">
        <Coords points="521,175 521,167 522,166 597,168 597,167 576,167 575,166 576,154 575,154 574,154 573,153 562,152 562,141 562,140 517,139 516,138 496,138 492,134 492,133 463,132 462,132 462,135 461,136 460,170 459,172 457,172 456,172 457,173 460,173 521,175"/>
        <Word id="w24092">
          <Coords points="480,132 573,132 573,175 480,175"/>
          <Glyph id="w24092g0">
            <Coords points="480,132 484,132 484,175 480,175"/>
            <TextEquiv index="1" conf="0.9817406833171844">
              <Unicode>T</Unicode>
            </TextEquiv>
          </Glyph>
          <Glyph id="w24092g1">
            <Coords points="515,132 515,132 515,175 515,175"/>
            <TextEquiv index="1" conf="0.987421452999115">
              <Unicode>I</Unicode>
            </TextEquiv>
          </Glyph>
          <Glyph id="w24092g2">
            <Coords points="542,132 560,132 560,175 542,175"/>
            <TextEquiv index="1" conf="0.9502934664487839">
              <Unicode>M</Unicode>
            </TextEquiv>
          </Glyph>
          <Glyph id="w24092g3">
            <Coords points="573,132 573,132 573,175 573,175"/>
            <TextEquiv index="1" conf="0.992809072136879">
              <Unicode>.</Unicode>
            </TextEquiv>
          </Glyph>
          <TextEquiv index="1" conf="0.9145823743971881">
            <Unicode>TIM.</Unicode>
          </TextEquiv>
        </Word>
        <TextEquiv index="1" conf="0.9780661687254906">
          <Unicode>TIM.</Unicode>
        </TextEquiv>
      </TextLine>
      <TextLine id="r0_l005">
        <Coords points="501,213 502,212 503,212 505,209 505,206 506,206 593,208 594,207 595,192 597,190 597,182 598,181 599,181 599,178 598,177 598,176 598,175 380,170 379,169 317,167 316,166 164,162 163,161 162,161 161,162 125,161 124,161 124,162 125,163 156,164 154,166 154,167 150,171 150,172 149,173 149,186 150,187 150,189 150,190 151,190 153,192 154,192 155,193 157,193 161,197 162,197 163,198 164,198 167,201 169,201 170,202 172,202 173,203 292,206 293,207 501,213"/>
        <Word id="w24093">
          <Coords points="168,161 256,161 256,213 168,213"/>
          <Glyph id="w24093g0">
            <Coords points="168,161 172,161 172,213 168,213"/>
            <TextEquiv index="1" conf="0.9993383288383484">
              <Unicode>Q</Unicode>
            </TextEquiv>
          </Glyph>
          <Glyph id="w24093g1">
            <Coords points="182,161 186,161 186,213 182,213"/>
            <TextEquiv index="1" conf="0.9990166872739792">
              <Unicode>u</Unicode>
            </TextEquiv>
          </Glyph>
          <Glyph id="w24093g2">
            <Coords points="200,161 205,161 205,213 200,213"/>
            <TextEquiv index="1" conf="0.4517545863054693">
              <Unicode>â</Unicode>
            </TextEquiv>
          </Glyph>
          <Glyph id="w24093g3">
            <Coords points="214,161 214,161 214,213 214,213"/>
            <TextEquiv index="1" conf="0.9990309476852417">
              <Unicode>n</Unicode>
            </TextEquiv>
          </Glyph>
          <Glyph id="w24093g4">
            <Coords points="233,161 233,161 233,213 233,213"/>
            <TextEquiv index="1" conf="0.9876938015222549">
              <Unicode>a</Unicode>
            </TextEquiv>
          </Glyph>
          <Glyph id="w24093g5">
            <Coords points="256,161 256,161 256,213 256,213"/>
            <TextEquiv index="1" conf="0.9715543836355209">
              <Unicode>m</Unicode>
            </TextEquiv>
          </Glyph>
          <TextEquiv index="1" conf="0.43237068760639613">
            <Unicode>Quânam</Unicode>
          </TextEquiv>
        </Word>
        <Word id="w24094">
          <Coords points="284,161 358,161 358,213 284,213"/>
          <Glyph id="w24094g0">
            <Coords points="284,161 288,161 288,213 284,213"/>
            <TextEquiv index="1" conf="0.9779064357280731">
              <Unicode>i</Unicode>
            </TextEquiv>
          </Glyph>
          <Glyph id="w24094g1">
            <Coords points="302,161 307,161 307,213 302,213"/>
            <TextEquiv index="1" conf="0.9725105911493301">
              <Unicode>g</Unicode>
            </TextEquiv>
          </Glyph>
          <Glyph id="w24094g2">
            <Coords points="311,161 316,161 316,213 311,213"/>
            <TextEquiv index="1" conf="0.9998197853565216">
              <Unicode>i</Unicode>
            </TextEquiv>
          </Glyph>
          <Glyph id="w24094g3">
            <Coords points="325,161 325,161 325,213 325,213"/>
            <TextEquiv index="1" conf="0.9966452419757843">
              <Unicode>t</Unicode>
            </TextEquiv>
          </Glyph>
          <Glyph id="w24094g4">
            <Coords points="335,161 339,161 339,213 335,213"/>
            <TextEquiv index="1" conf="0.8671158105134964">
              <Unicode>u</Unicode>
            </TextEquiv>
          </Glyph>
          <Glyph id="w24094g5">
            <Coords points="358,161 358,161 358,213 358,213"/>
            <TextEquiv index="1" conf="0.9987614452838898">
              <Unicode>r</Unicode>
            </TextEquiv>
          </Glyph>
          <TextEquiv index="1" conf="0.8207158912523422">
            <Unicode>igitur</Unicode>
          </TextEquiv>
        </Word>
        <Word id="w24095">
          <Coords points="376,161 432,161 432,213 376,213"/>
          <Glyph id="w24095g0">
            <Coords points="376,161 381,161 381,213 376,213"/>
            <TextEquiv index="1" conf="0.9973875880241394">
              <Unicode>h</Unicode>
            </TextEquiv>
          </Glyph>
          <Glyph id="w24095g1">
            <Coords points="399,161 404,161 404,213 399,213"/>
            <TextEquiv index="1" conf="0.9996186792850494">
              <Unicode>o</Unicode>
            </TextEquiv>
          </Glyph>
          <Glyph id="w24095g2">
            <Coords points="413,161 418,161 418,213 413,213"/>
            <TextEquiv index="1" conf="0.9801898002624512">
              <Unicode>r</Unicode>
            </TextEquiv>
          </Glyph>
          <Glyph id="w24095g3">
            <Coords points="427,161 432,161 432,213 427,213"/>
            <TextEquiv index="1" conf="0.8912313580513">
              <Unicode>â</Unicode>
            </TextEquiv>
          </Glyph>
          <TextEquiv index="1" conf="0.8709615043729096">
            <Unicode>horâ</Unicode>
          </TextEquiv>
        </Word>
        <Word id="w24096">
          <Coords points="455,161 525,161 525,213 455,213"/>
          <Glyph id="w24096g0">
            <Coords points="455,161 455,161 455,213 455,213"/>
            <TextEquiv index="1" conf="0.9987718909978867">
              <Unicode>ſ</Unicode>
            </TextEquiv>
          </Glyph>
          <Glyph id="w24096g1">
            <Coords points="464,161 464,161 464,213 464,213"/>
            <TextEquiv index="1" conf="0.999682828783989">
              <Unicode>u</Unicode>
            </TextEquiv>
          </Glyph>
          <Glyph id="w24096g2">
            <Coords points="483,161 483,161 483,213 483,213"/>
            <TextEquiv index="1" conf="0.9998712539672852">
              <Unicode>r</Unicode>
            </TextEquiv>
          </Glyph>
          <Glyph id="w24096g3">
            <Coords points="501,161 501,161 501,213 501,213"/>
            <TextEquiv index="1" conf="0.998486652970314">
              <Unicode>g</Unicode>
            </TextEquiv>
          </Glyph>
          <Glyph id="w24096g4">
            <Coords points="511,161 515,161 515,213 511,213"/>
            <TextEquiv index="1" conf="0.9981936067342758">
              <Unicode>i</Unicode>
            </TextEquiv>
          </Glyph>
          <Glyph id="w24096g5">
            <Coords points="525,161 525,161 525,213 525,213"/>
            <TextEquiv index="1" conf="0.9994951635599136">
              <Unicode>t</Unicode>
            </TextEquiv>
          </Glyph>
          <TextEquiv index="1" conf="0.9945127864931961">
            <Unicode>ſurgit</Unicode>
          </TextEquiv>
        </Word>
        <Word id="w24097">
          <Coords points="543,161 594,161 594,213 543,213"/>
          <Glyph id="w24097g0">
            <Coords points="543,161 548,161 548,213 543,213"/>
            <TextEquiv index="1" conf="0.9329560250043869">
              <Unicode>i</Unicode>
            </TextEquiv>
          </Glyph>
          <Glyph id="w24097g1">
            <Coords points="557,161 566,161 566,213 557,213"/>
            <TextEquiv index="1" conf="0.9521627575159073">
              <Unicode>l</Unicode>
            </TextEquiv>
          </Glyph>
          <Glyph id="w24097g2">
            <Coords points="575,161 580,161 580,213 575,213"/>
            <TextEquiv index="1" conf="0.9916490316390991">
              <Unicode>e</Unicode>
            </TextEquiv>
          </Glyph>
          <Glyph id="w24097g3">
            <Coords points="589,161 594,161 594,213 589,213"/>
            <TextEquiv index="1" conf="0.9714262634515762">
              <Unicode>?</Unicode>
            </TextEquiv>
          </Glyph>
          <TextEquiv index="1" conf="0.8557367775800295">
            <Unicode>ile?</Unicode>
          </TextEquiv>
        </Word>
        <TextEquiv index="1" conf="0.9643451755711188">
          <Unicode>Quânam igitur horâ ſurgit ile?</Unicode>
        </TextEquiv>
      </TextLine>
      <TextLine id="r0_l006">
        <Coords points="466,259 467,258 467,255 468,255 617,259 617,258 616,257 617,232 616,232 615,232 614,231 482,227 479,224 473,224 473,220 472,218 471,218 470,219 470,223 468,224 464,224 463,257 462,258 462,259 466,259"/>
        <Word id="w24098">
          <Coords points="477,218 481,218 481,259 477,259"/>
          <Glyph id="w24098g0">
            <Coords points="477,218 481,218 481,259 477,259"/>
            <TextEquiv index="1" conf="0.8721011132001877">
              <Unicode>E</Unicode>
            </TextEquiv>
          </Glyph>
          <TextEquiv index="1" conf="0.8721011132001877">
            <Unicode>E</Unicode>
          </TextEquiv>
        </Word>
        <Word id="w24099">
          <Coords points="508,218 530,218 530,259 508,259"/>
          <Glyph id="w24099g0">
            <Coords points="508,218 517,218 517,259 508,259"/>
            <TextEquiv index="1" conf="0.7916486710309982">
              <Unicode>R</Unicode>
            </TextEquiv>
          </Glyph>
          <Glyph id="w24099g1">
            <Coords points="530,218 530,218 530,259 530,259"/>
            <TextEquiv index="1" conf="0.9151910692453384">
              <Unicode>.</Unicode>
            </TextEquiv>
          </Glyph>
          <TextEquiv index="1" conf="0.7245097937075105">
            <Unicode>R.</Unicode>
          </TextEquiv>
        </Word>
        <Word id="w24100">
          <Coords points="557,218 570,218 570,259 557,259"/>
          <Glyph id="w24100g0">
            <Coords points="557,218 557,218 557,259 557,259"/>
            <TextEquiv index="1" conf="0.9336145520210266">
              <Unicode>G</Unicode>
            </TextEquiv>
          </Glyph>
          <Glyph id="w24100g1">
            <Coords points="570,218 570,218 570,259 570,259"/>
            <TextEquiv index="1" conf="0.9766584932804108">
              <Unicode>.</Unicode>
            </TextEquiv>
          </Glyph>
          <TextEquiv index="1" conf="0.9118225816815215">
            <Unicode>G.</Unicode>
          </TextEquiv>
        </Word>
        <TextEquiv index="1" conf="0.8889688083103725">
          <Unicode>E R. G.</Unicode>
        </TextEquiv>
      </TextLine>
      <TextLine id="r0_l007">
        <Coords points="543,298 543,297 543,294 544,294 870,303 871,303 871,304 871,305 983,307 984,309 985,308 985,307 987,305 987,304 988,303 989,276 988,275 988,274 986,272 986,271 984,270 910,268 910,267 910,266 909,266 808,263 806,264 806,266 805,267 388,256 387,255 387,251 386,251 385,251 385,253 385,254 197,249 196,250 155,249 153,251 152,251 151,252 150,252 149,252 149,253 148,254 148,255 147,256 147,257 146,258 146,262 147,263 147,265 149,267 149,268 150,269 150,270 150,271 151,271 154,274 156,274 161,279 162,279 165,282 167,282 168,283 170,283 171,284 174,284 175,285 179,285 180,286 542,296 542,297 543,298"/>
        <Word id="w24101">
          <Coords points="163,249 200,249 200,309 163,309"/>
          <Glyph id="w24101g0">
            <Coords points="163,249 167,249 167,309 163,309"/>
            <TextEquiv index="1" conf="0.9970800429582596">
              <Unicode>Q</Unicode>
            </TextEquiv>
          </Glyph>
          <Glyph id="w24101g1">
            <Coords points="175,249 179,249 179,309 175,309"/>
            <TextEquiv index="1" conf="0.9991689324378967">
              <Unicode>u</Unicode>
            </TextEquiv>
          </Glyph>
          <Glyph id="w24101g2">
            <Coords points="196,249 200,249 200,309 196,309"/>
            <TextEquiv index="1" conf="0.9680829048156738">
              <Unicode>â</Unicode>
            </TextEquiv>
          </Glyph>
          <TextEquiv index="1" conf="0.9644539512501029">
            <Unicode>Quâ</Unicode>
          </TextEquiv>
        </Word>
        <Word id="w24102">
          <Coords points="221,249 263,249 263,309 221,309"/>
          <Glyph id="w24102g0">
            <Coords points="221,249 225,249 225,309 221,309"/>
            <TextEquiv index="1" conf="0.9998994618654251">
              <Unicode>n</Unicode>
            </TextEquiv>
          </Glyph>
          <Glyph id="w24102g1">
            <Coords points="246,249 250,249 250,309 246,309"/>
            <TextEquiv index="1" conf="0.9923918098211288">
              <Unicode>o</Unicode>
            </TextEquiv>
          </Glyph>
          <Glyph id="w24102g2">
            <Coords points="258,249 263,249 263,309 258,309"/>
            <TextEquiv index="1" conf="0.9997920393943787">
              <Unicode>n</Unicode>
            </TextEquiv>
          </Glyph>
          <TextEquiv index="1" conf="0.9920856789469175">
            <Unicode>non</Unicode>
          </TextEquiv>
        </Word>
        <Word id="w24103">
          <Coords points="288,249 367,249 367,309 288,309"/>
          <Glyph id="w24103g0">
            <Coords points="288,249 288,249 288,309 288,309"/>
            <TextEquiv index="1" conf="0.9995316565036774">
              <Unicode>ſ</Unicode>
            </TextEquiv>
          </Glyph>
          <Glyph id="w24103g1">
            <Coords points="296,249 300,249 300,309 296,309"/>
            <TextEquiv index="1" conf="0.9997939318418503">
              <Unicode>u</Unicode>
            </TextEquiv>
          </Glyph>
          <Glyph id="w24103g2">
            <Coords points="317,249 321,249 321,309 317,309"/>
            <TextEquiv index="1" conf="0.9997926950454712">
              <Unicode>r</Unicode>
            </TextEquiv>
          </Glyph>
          <Glyph id="w24103g3">
            <Coords points="337,249 337,249 337,309 337,309"/>
            <TextEquiv index="1" conf="0.9999907910823822">
              <Unicode>g</Unicode>
            </TextEquiv>
          </Glyph>
          <Glyph id="w24103g4">
            <Coords points="346,249 350,249 350,309 346,309"/>
            <TextEquiv index="1" conf="0.9996166229248047">
              <Unicode>a</Unicode>
            </TextEquiv>
          </Glyph>
          <Glyph id="w24103g5">
            <Coords points="362,249 367,249 367,309 362,309"/>
            <TextEquiv index="1" conf="0.9999838173389435">
              <Unicode>t</Unicode>
            </TextEquiv>
          </Glyph>
          <TextEquiv index="1" conf="0.9987101212330053">
            <Unicode>ſurgat</Unicode>
          </TextEquiv>
        </Word>
        <Word id="w24104">
          <Coords points="383,249 437,249 437,309 383,309"/>
          <Glyph id="w24104g0">
            <Coords points="383,249 387,249 387,309 383,309"/>
            <TextEquiv index="1" conf="0.9987220466136932">
              <Unicode>h</Unicode>
            </TextEquiv>
          </Glyph>
          <Glyph id="w24104g1">
            <Coords points="408,249 412,249 412,309 408,309"/>
            <TextEquiv index="1" conf="0.9998901635408401">
              <Unicode>o</Unicode>
            </TextEquiv>
          </Glyph>
          <Glyph id="w24104g2">
            <Coords points="421,249 425,249 425,309 421,309"/>
            <TextEquiv index="1" conf="0.9997198432683945">
              <Unicode>r</Unicode>
            </TextEquiv>
          </Glyph>
          <Glyph id="w24104g3">
            <Coords points="433,249 437,249 437,309 433,309"/>
            <TextEquiv index="1" conf="0.9867093712091446">
              <Unicode>â</Unicode>
            </TextEquiv>
          </Glyph>
          <TextEquiv index="1" conf="0.9850641147836822">
            <Unicode>horâ</Unicode>
          </TextEquiv>
        </Word>
        <Word id="w24105">
          <Coords points="458,249 520,249 520,309 458,309"/>
          <Glyph id="w24105g0">
            <Coords points="458,249 462,249 462,309 458,309"/>
            <TextEquiv index="1" conf="0.9511957466602325">
              <Unicode>f</Unicode>
            </TextEquiv>
          </Glyph>
          <Glyph id="w24105g1">
            <Coords points="466,249 470,249 470,309 466,309"/>
            <TextEquiv index="1" conf="0.9980960190296173">
              <Unicode>a</Unicode>
            </TextEquiv>
          </Glyph>
          <Glyph id="w24105g2">
            <Coords points="487,249 487,249 487,309 487,309"/>
            <TextEquiv index="1" conf="0.8389592617750168">
              <Unicode>c</Unicode>
            </TextEquiv>
          </Glyph>
          <Glyph id="w24105g3">
            <Coords points="495,249 500,249 500,309 495,309"/>
            <TextEquiv index="1" conf="0.9991112649440765">
              <Unicode>i</Unicode>
            </TextEquiv>
          </Glyph>
          <Glyph id="w24105g4">
            <Coords points="508,249 508,249 508,309 508,309"/>
            <TextEquiv index="1" conf="0.989318460226059">
              <Unicode>l</Unicode>
            </TextEquiv>
          </Glyph>
          <Glyph id="w24105g5">
            <Coords points="520,249 520,249 520,309 520,309"/>
            <TextEquiv index="1" conf="0.8252687007188797">
              <Unicode>è</Unicode>
            </TextEquiv>
          </Glyph>
          <TextEquiv index="1" conf="0.6497232958709135">
            <Unicode>facilè</Unicode>
          </TextEquiv>
        </Word>
        <Word id="w24106">
          <Coords points="545,249 653,249 653,309 545,309"/>
          <Glyph id="w24106g0">
            <Coords points="545,249 549,249 549,309 545,309"/>
            <TextEquiv index="1" conf="0.999906525015831">
              <Unicode>d</Unicode>
            </TextEquiv>
          </Glyph>
          <Glyph id="w24106g1">
            <Coords points="558,249 562,249 562,309 558,309"/>
            <TextEquiv index="1" conf="0.9994832426309586">
              <Unicode>i</Unicode>
            </TextEquiv>
          </Glyph>
          <Glyph id="w24106g2">
            <Coords points="574,249 579,249 579,309 574,309"/>
            <TextEquiv index="1" conf="0.9990160465240479">
              <Unicode>x</Unicode>
            </TextEquiv>
          </Glyph>
          <Glyph id="w24106g3">
            <Coords points="591,249 591,249 591,309 591,309"/>
            <TextEquiv index="1" conf="0.9992300570011139">
              <Unicode>e</Unicode>
            </TextEquiv>
          </Glyph>
          <Glyph id="w24106g4">
            <Coords points="604,249 604,249 604,309 604,309"/>
            <TextEquiv index="1" conf="0.9994719177484512">
              <Unicode>r</Unicode>
            </TextEquiv>
          </Glyph>
          <Glyph id="w24106g5">
            <Coords points="612,249 612,249 612,309 612,309"/>
            <TextEquiv index="1" conf="0.9996902346611023">
              <Unicode>i</Unicode>
            </TextEquiv>
          </Glyph>
          <Glyph id="w24106g6">
            <Coords points="633,249 633,249 633,309 633,309"/>
            <TextEquiv index="1" conf="0.9999945163726807">
              <Unicode>m</Unicode>
            </TextEquiv>
          </Glyph>
          <Glyph id="w24106g7">
            <Coords points="653,249 653,249 653,309 653,309"/>
            <TextEquiv index="1" conf="0.8940816968679428">
              <Unicode>:</Unicode>
            </TextEquiv>
          </Glyph>
          <TextEquiv index="1" conf="0.8912175736759966">
            <Unicode>dixerim:</Unicode>
          </TextEquiv>
        </Word>
        <Word id="w24107">
          <Coords points="683,249 757,249 757,309 683,309"/>
          <Glyph id="w24107g0">
            <Coords points="683,249 683,249 683,309 683,309"/>
            <TextEquiv index="1" conf="0.9998257607221603">
              <Unicode>n</Unicode>
            </TextEquiv>
          </Glyph>
          <Glyph id="w24107g1">
            <Coords points="703,249 703,249 703,309 703,309"/>
            <TextEquiv index="1" conf="0.9999931156635284">
              <Unicode>e</Unicode>
            </TextEquiv>
          </Glyph>
          <Glyph id="w24107g2">
            <Coords points="716,249 724,249 724,309 716,309"/>
            <TextEquiv index="1" conf="0.9978563487529755">
              <Unicode>q</Unicode>
            </TextEquiv>
          </Glyph>
          <Glyph id="w24107g3">
            <Coords points="732,249 732,249 732,309 732,309"/>
            <TextEquiv index="1" conf="0.9993862062692642">
              <Unicode>u</Unicode>
            </TextEquiv>
          </Glyph>
          <Glyph id="w24107g4">
            <Coords points="753,249 757,249 757,309 753,309"/>
            <TextEquiv index="1" conf="0.9999090135097504">
              <Unicode>e</Unicode>
            </TextEquiv>
          </Glyph>
          <TextEquiv index="1" conf="0.9969725282784733">
            <Unicode>neque</Unicode>
          </TextEquiv>
        </Word>
        <Word id="w24108">
          <Coords points="774,249 824,249 824,309 774,309"/>
          <Glyph id="w24108g0">
            <Coords points="774,249 774,249 774,309 774,309"/>
            <TextEquiv index="1" conf="0.9978256970643997">
              <Unicode>e</Unicode>
            </TextEquiv>
          </Glyph>
          <Glyph id="w24108g1">
            <Coords points="786,249 786,249 786,309 786,309"/>
            <TextEquiv index="1" conf="0.9999886751174927">
              <Unicode>n</Unicode>
            </TextEquiv>
          </Glyph>
          <Glyph id="w24108g2">
            <Coords points="803,249 803,249 803,309 803,309"/>
            <TextEquiv index="1" conf="0.9998901933431625">
              <Unicode>i</Unicode>
            </TextEquiv>
          </Glyph>
          <Glyph id="w24108g3">
            <Coords points="824,249 824,249 824,309 824,309"/>
            <TextEquiv index="1" conf="0.9999931752681732">
              <Unicode>m</Unicode>
            </TextEquiv>
          </Glyph>
          <TextEquiv index="1" conf="0.9976980210746522">
            <Unicode>enim</Unicode>
          </TextEquiv>
        </Word>
        <Word id="w24109">
          <Coords points="849,249 920,249 920,309 849,309"/>
          <Glyph id="w24109g0">
            <Coords points="849,249 849,249 849,309 849,309"/>
            <TextEquiv index="1" conf="0.9992762207984924">
              <Unicode>ſ</Unicode>
            </TextEquiv>
          </Glyph>
          <Glyph id="w24109g1">
            <Coords points="857,249 861,249 861,309 857,309"/>
            <TextEquiv index="1" conf="0.9994525015354156">
              <Unicode>u</Unicode>
            </TextEquiv>
          </Glyph>
          <Glyph id="w24109g2">
            <Coords points="878,249 878,249 878,309 878,309"/>
            <TextEquiv index="1" conf="0.9999871253967285">
              <Unicode>r</Unicode>
            </TextEquiv>
          </Glyph>
          <Glyph id="w24109g3">
            <Coords points="895,249 895,249 895,309 895,309"/>
            <TextEquiv index="1" conf="0.9986129999160767">
              <Unicode>g</Unicode>
            </TextEquiv>
          </Glyph>
          <Glyph id="w24109g4">
            <Coords points="903,249 907,249 907,309 903,309"/>
            <TextEquiv index="1" conf="0.9994855672121048">
              <Unicode>i</Unicode>
            </TextEquiv>
          </Glyph>
          <Glyph id="w24109g5">
            <Coords points="915,249 920,249 920,309 915,309"/>
            <TextEquiv index="1" conf="0.9989013969898224">
              <Unicode>t</Unicode>
            </TextEquiv>
          </Glyph>
          <TextEquiv index="1" conf="0.9957228738014453">
            <Unicode>ſurgit</Unicode>
          </TextEquiv>
        </Word>
        <TextEquiv index="1" conf="0.9890282826041276">
          <Unicode>Quâ non ſurgat horâ facilè dixerim: neque enim ſurgit</Unicode>
        </TextEquiv>
      </TextLine>
      <TextLine id="r0_l008">
        <Coords points="447,330 449,328 453,329 453,328 453,324 454,324 538,326 539,325 540,325 542,323 760,329 760,335 762,337 763,337 764,336 766,336 766,335 766,329 767,329 984,335 984,343 984,344 985,344 987,342 987,341 989,339 989,326 990,325 989,324 990,318 989,317 989,315 988,314 988,313 986,312 985,312 984,311 902,308 901,307 687,302 686,301 639,299 638,300 301,292 300,291 195,288 194,287 180,286 179,285 178,286 178,290 126,289 125,290 114,290 111,292 111,295 110,296 110,297 109,298 109,300 108,301 108,304 109,305 109,306 110,308 112,308 113,309 115,309 116,309 115,318 116,319 126,319 126,313 127,312 345,318 345,319 346,320 443,322 443,323 443,329 445,330 447,330"/>
        <Word id="w24110">
          <Coords points="114,285 191,285 191,344 114,344"/>
          <Glyph id="w24110g0">
            <Coords points="114,285 121,285 121,344 114,344"/>
            <TextEquiv index="1" conf="0.9679590861002605">
              <Unicode>q</Unicode>
            </TextEquiv>
          </Glyph>
          <Glyph id="w24110g1">
            <Coords points="132,285 136,285 136,344 132,344"/>
            <TextEquiv index="1" conf="0.975074052810669">
              <Unicode>u</Unicode>
            </TextEquiv>
          </Glyph>
          <Glyph id="w24110g2">
            <Coords points="147,285 150,285 150,344 147,344"/>
            <TextEquiv index="1" conf="0.9941354840993881">
              <Unicode>a</Unicode>
            </TextEquiv>
          </Glyph>
          <Glyph id="w24110g3">
            <Coords points="165,285 169,285 169,344 165,344"/>
            <TextEquiv index="1" conf="0.999767616391182">
              <Unicode>r</Unicode>
            </TextEquiv>
          </Glyph>
          <Glyph id="w24110g4">
            <Coords points="176,285 180,285 180,344 176,344"/>
            <TextEquiv index="1" conf="0.9974776804447174">
              <Unicode>t</Unicode>
            </TextEquiv>
          </Glyph>
          <Glyph id="w24110g5">
            <Coords points="187,285 191,285 191,344 187,344"/>
            <TextEquiv index="1" conf="0.838251456618309">
              <Unicode>â</Unicode>
            </TextEquiv>
          </Glyph>
          <TextEquiv index="1" conf="0.7843623607951115">
            <Unicode>quartâ</Unicode>
          </TextEquiv>
        </Word>
        <Word id="w24111">
          <Coords points="220,285 348,285 348,344 220,344"/>
          <Glyph id="w24111g0">
            <Coords points="220,285 224,285 224,344 220,344"/>
            <TextEquiv index="1" conf="0.9999691843986511">
              <Unicode>m</Unicode>
            </TextEquiv>
          </Glyph>
          <Glyph id="w24111g1">
            <Coords points="238,285 242,285 242,344 238,344"/>
            <TextEquiv index="1" conf="0.9944804310798645">
              <Unicode>a</Unicode>
            </TextEquiv>
          </Glyph>
          <Glyph id="w24111g2">
            <Coords points="257,285 257,285 257,344 257,344"/>
            <TextEquiv index="1" conf="0.9999701976776123">
              <Unicode>t</Unicode>
            </TextEquiv>
          </Glyph>
          <Glyph id="w24111g3">
            <Coords points="268,285 271,285 271,344 268,344"/>
            <TextEquiv index="1" conf="0.9981833100318909">
              <Unicode>u</Unicode>
            </TextEquiv>
          </Glyph>
          <Glyph id="w24111g4">
            <Coords points="286,285 286,285 286,344 286,344"/>
            <TextEquiv index="1" conf="0.9998630881309509">
              <Unicode>t</Unicode>
            </TextEquiv>
          </Glyph>
          <Glyph id="w24111g5">
            <Coords points="297,285 297,285 297,344 297,344"/>
            <TextEquiv index="1" conf="0.999875620007515">
              <Unicode>i</Unicode>
            </TextEquiv>
          </Glyph>
          <Glyph id="w24111g6">
            <Coords points="308,285 308,285 308,344 308,344"/>
            <TextEquiv index="1" conf="0.9995101541280746">
              <Unicode>n</Unicode>
            </TextEquiv>
          </Glyph>
          <Glyph id="w24111g7">
            <Coords points="323,285 323,285 323,344 323,344"/>
            <TextEquiv index="1" conf="0.7117561101913452">
              <Unicode>i</Unicode>
            </TextEquiv>
          </Glyph>
          <Glyph id="w24111g8">
            <Coords points="330,285 330,285 330,344 330,344"/>
            <TextEquiv index="1" conf="0.7365131080150604">
              <Unicode>â</Unicode>
            </TextEquiv>
          </Glyph>
          <Glyph id="w24111g9">
            <Coords points="348,285 348,285 348,344 348,344"/>
            <TextEquiv index="1" conf="0.9895966202020645">
              <Unicode>,</Unicode>
            </TextEquiv>
          </Glyph>
          <TextEquiv index="1" conf="0.5145455573711812">
            <Unicode>matutiniâ,</Unicode>
          </TextEquiv>
        </Word>
        <Word id="w24112">
          <Coords points="378,285 414,285 414,344 378,344"/>
          <Glyph id="w24112g0">
            <Coords points="378,285 378,285 378,344 378,344"/>
            <TextEquiv index="1" conf="0.9999363422393799">
              <Unicode>n</Unicode>
            </TextEquiv>
          </Glyph>
          <Glyph id="w24112g1">
            <Coords points="400,285 403,285 403,344 400,344"/>
            <TextEquiv index="1" conf="0.9998278319835663">
              <Unicode>o</Unicode>
            </TextEquiv>
          </Glyph>
          <Glyph id="w24112g2">
            <Coords points="411,285 414,285 414,344 411,344"/>
            <TextEquiv index="1" conf="0.8316606283187866">
              <Unicode>r</Unicode>
            </TextEquiv>
          </Glyph>
          <TextEquiv index="1" conf="0.8314645104197277">
            <Unicode>nor</Unicode>
          </TextEquiv>
        </Word>
        <Word id="w24113">
          <Coords points="444,285 539,285 539,344 444,344"/>
          <Glyph id="w24113g0">
            <Coords points="444,285 451,285 451,344 444,344"/>
            <TextEquiv index="1" conf="0.9995828419923782">
              <Unicode>q</Unicode>
            </TextEquiv>
          </Glyph>
          <Glyph id="w24113g1">
            <Coords points="458,285 462,285 462,344 458,344"/>
            <TextEquiv index="1" conf="0.985592246055603">
              <Unicode>u</Unicode>
            </TextEquiv>
          </Glyph>
          <Glyph id="w24113g2">
            <Coords points="477,285 480,285 480,344 477,344"/>
            <TextEquiv index="1" conf="0.9996335804462433">
              <Unicode>i</Unicode>
            </TextEquiv>
          </Glyph>
          <Glyph id="w24113g3">
            <Coords points="488,285 491,285 491,344 488,344"/>
            <TextEquiv index="1" conf="0.9998899549245834">
              <Unicode>n</Unicode>
            </TextEquiv>
          </Glyph>
          <Glyph id="w24113g4">
            <Coords points="510,285 510,285 510,344 510,344"/>
            <TextEquiv index="1" conf="0.9988042414188385">
              <Unicode>t</Unicode>
            </TextEquiv>
          </Glyph>
          <Glyph id="w24113g5">
            <Coords points="517,285 524,285 524,344 517,344"/>
            <TextEquiv index="1" conf="0.9045295119285583">
              <Unicode>â</Unicode>
            </TextEquiv>
          </Glyph>
          <Glyph id="w24113g6">
            <Coords points="535,285 539,285 539,344 535,344"/>
            <TextEquiv index="1" conf="0.9854499101638794">
              <Unicode>,</Unicode>
            </TextEquiv>
          </Glyph>
          <TextEquiv index="1" conf="0.8766914808691579">
            <Unicode>quintâ,</Unicode>
          </TextEquiv>
        </Word>
        <Word id="w24114">
          <Coords points="565,285 601,285 601,344 565,344"/>
          <Glyph id="w24114g0">
            <Coords points="565,285 568,285 568,344 565,344"/>
            <TextEquiv index="1" conf="0.9993187785148621">
              <Unicode>n</Unicode>
            </TextEquiv>
          </Glyph>
          <Glyph id="w24114g1">
            <Coords points="587,285 590,285 590,344 587,344"/>
            <TextEquiv index="1" conf="0.9929782450199127">
              <Unicode>o</Unicode>
            </TextEquiv>
          </Glyph>
          <Glyph id="w24114g2">
            <Coords points="601,285 601,285 601,344 601,344"/>
            <TextEquiv index="1" conf="0.9998300671577454">
              <Unicode>n</Unicode>
            </TextEquiv>
          </Glyph>
          <TextEquiv index="1" conf="0.9921331822387088">
            <Unicode>non</Unicode>
          </TextEquiv>
        </Word>
        <Word id="w24115">
          <Coords points="631,285 686,285 686,344 631,344"/>
          <Glyph id="w24115g0">
            <Coords points="631,285 631,285 631,344 631,344"/>
            <TextEquiv index="1" conf="0.998998612165451">
              <Unicode>ſ</Unicode>
            </TextEquiv>
          </Glyph>
          <Glyph id="w24115g1">
            <Coords points="642,285 645,285 645,344 642,344"/>
            <TextEquiv index="1" conf="0.9993148446083069">
              <Unicode>e</Unicode>
            </TextEquiv>
          </Glyph>
          <Glyph id="w24115g2">
            <Coords points="656,285 660,285 660,344 656,344"/>
            <TextEquiv index="1" conf="0.9998842030763626">
              <Unicode>x</Unicode>
            </TextEquiv>
          </Glyph>
          <Glyph id="w24115g3">
            <Coords points="671,285 671,285 671,344 671,344"/>
            <TextEquiv index="1" conf="0.9999735653400421">
              <Unicode>t</Unicode>
            </TextEquiv>
          </Glyph>
          <Glyph id="w24115g4">
            <Coords points="682,285 686,285 686,344 682,344"/>
            <TextEquiv index="1" conf="0.8853063434362411">
              <Unicode>â</Unicode>
            </TextEquiv>
          </Glyph>
          <TextEquiv index="1" conf="0.8836881398966516">
            <Unicode>ſextâ</Unicode>
          </TextEquiv>
        </Word>
        <Word id="w24116">
          <Coords points="708,285 744,285 744,344 708,344"/>
          <Glyph id="w24116g0">
            <Coords points="708,285 711,285 711,344 708,344"/>
            <TextEquiv index="1" conf="0.9997928738594055">
              <Unicode>a</Unicode>
            </TextEquiv>
          </Glyph>
          <Glyph id="w24116g1">
            <Coords points="726,285 726,285 726,344 726,344"/>
            <TextEquiv index="1" conf="0.9998242557048798">
              <Unicode>u</Unicode>
            </TextEquiv>
          </Glyph>
          <Glyph id="w24116g2">
            <Coords points="744,285 744,285 744,344 744,344"/>
            <TextEquiv index="1" conf="0.9999319016933441">
              <Unicode>t</Unicode>
            </TextEquiv>
          </Glyph>
          <TextEquiv index="1" conf="0.9995490937292164">
            <Unicode>aut</Unicode>
          </TextEquiv>
        </Word>
        <Word id="w24117">
          <Coords points="766,285 873,285 873,344 766,344"/>
          <Glyph id="w24117g0">
            <Coords points="766,285 766,285 766,344 766,344"/>
            <TextEquiv index="1" conf="0.9855180829763412">
              <Unicode>p</Unicode>
            </TextEquiv>
          </Glyph>
          <Glyph id="w24117g1">
            <Coords points="785,285 785,285 785,344 785,344"/>
            <TextEquiv index="1" conf="0.9990500658750534">
              <Unicode>r</Unicode>
            </TextEquiv>
          </Glyph>
          <Glyph id="w24117g2">
            <Coords points="799,285 807,285 807,344 799,344"/>
            <TextEquiv index="1" conf="0.9641770869493484">
              <Unicode>o</Unicode>
            </TextEquiv>
          </Glyph>
          <Glyph id="w24117g3">
            <Coords points="818,285 821,285 821,344 818,344"/>
            <TextEquiv index="1" conf="0.9971922636032104">
              <Unicode>x</Unicode>
            </TextEquiv>
          </Glyph>
          <Glyph id="w24117g4">
            <Coords points="832,285 832,285 832,344 832,344"/>
            <TextEquiv index="1" conf="0.9998777359724045">
              <Unicode>i</Unicode>
            </TextEquiv>
          </Glyph>
          <Glyph id="w24117g5">
            <Coords points="851,285 851,285 851,344 851,344"/>
            <TextEquiv index="1" conf="0.9999589025974274">
              <Unicode>m</Unicode>
            </TextEquiv>
          </Glyph>
          <Glyph id="w24117g6">
            <Coords points="869,285 873,285 873,344 869,344"/>
            <TextEquiv index="1" conf="0.9921812564134598">
              <Unicode>è</Unicode>
            </TextEquiv>
          </Glyph>
          <TextEquiv index="1" conf="0.939090884673949">
            <Unicode>proximè</Unicode>
          </TextEquiv>
        </Word>
        <Word id="w24118">
          <Coords points="891,285 920,285 920,344 891,344"/>
          <Glyph id="w24118g0">
            <Coords points="891,285 895,285 895,344 891,344"/>
            <TextEquiv index="1" conf="0.9983482509851456">
              <Unicode>ſ</Unicode>
            </TextEquiv>
          </Glyph>
          <Glyph id="w24118g1">
            <Coords points="906,285 909,285 909,344 906,344"/>
            <TextEquiv index="1" conf="0.9971416294574738">
              <Unicode>e</Unicode>
            </TextEquiv>
          </Glyph>
          <Glyph id="w24118g2">
            <Coords points="917,285 920,285 920,344 917,344"/>
            <TextEquiv index="1" conf="0.9991359263658524">
              <Unicode>-</Unicode>
            </TextEquiv>
          </Glyph>
          <TextEquiv index="1" conf="0.9946344211150356">
            <Unicode>ſe-</Unicode>
          </TextEquiv>
        </Word>
        <TextEquiv index="1" conf="0.9763171135476142">
          <Unicode>quartâ matutiniâ, nor quintâ, non ſextâ aut proximè ſe-</Unicode>
        </TextEquiv>
      </TextLine>
      <TextLine id="r0_l009">
        <Coords points="560,371 562,369 715,373 715,372 716,371 984,379 984,380 984,381 986,379 986,378 988,376 988,375 989,374 989,368 988,367 989,352 987,350 987,349 985,348 892,345 891,344 785,341 784,340 680,338 679,337 678,336 677,337 284,327 283,326 192,324 191,324 191,325 190,326 190,329 190,330 182,330 181,330 181,331 115,330 113,331 111,331 110,332 109,332 108,333 108,335 107,336 107,345 106,346 103,345 103,346 103,347 114,348 115,348 114,355 115,356 371,362 371,363 371,366 372,366 560,371"/>
        <Word id="w24119">
          <Coords points="113,324 255,324 255,381 113,381"/>
          <Glyph id="w24119g0">
            <Coords points="113,324 121,324 121,381 113,381"/>
            <TextEquiv index="1" conf="0.9998906403779984">
              <Unicode>q</Unicode>
            </TextEquiv>
          </Glyph>
          <Glyph id="w24119g1">
            <Coords points="129,324 132,324 132,381 129,381"/>
            <TextEquiv index="1" conf="0.9987636059522629">
              <Unicode>u</Unicode>
            </TextEquiv>
          </Glyph>
          <Glyph id="w24119g2">
            <Coords points="152,324 152,324 152,381 152,381"/>
            <TextEquiv index="1" conf="0.9999974966049194">
              <Unicode>e</Unicode>
            </TextEquiv>
          </Glyph>
          <Glyph id="w24119g3">
            <Coords points="163,324 163,324 163,381 163,381"/>
            <TextEquiv index="1" conf="0.9998369663953781">
              <Unicode>n</Unicode>
            </TextEquiv>
          </Glyph>
          <Glyph id="w24119g4">
            <Coords points="182,324 182,324 182,381 182,381"/>
            <TextEquiv index="1" conf="0.9999681413173676">
              <Unicode>t</Unicode>
            </TextEquiv>
          </Glyph>
          <Glyph id="w24119g5">
            <Coords points="190,324 194,324 194,381 190,381"/>
            <TextEquiv index="1" conf="0.9996124356985092">
              <Unicode>i</Unicode>
            </TextEquiv>
          </Glyph>
          <Glyph id="w24119g6">
            <Coords points="201,324 201,324 201,381 201,381"/>
            <TextEquiv index="1" conf="0.9257799834012985">
              <Unicode>b</Unicode>
            </TextEquiv>
          </Glyph>
          <Glyph id="w24119g7">
            <Coords points="217,324 220,324 220,381 217,381"/>
            <TextEquiv index="1" conf="0.9999595284461975">
              <Unicode>u</Unicode>
            </TextEquiv>
          </Glyph>
          <Glyph id="w24119g8">
            <Coords points="240,324 240,324 240,381 240,381"/>
            <TextEquiv index="1" conf="0.9999927580356598">
              <Unicode>s</Unicode>
            </TextEquiv>
          </Glyph>
          <Glyph id="w24119g9">
            <Coords points="251,324 255,324 255,381 251,381"/>
            <TextEquiv index="1" conf="0.8153085559606552">
              <Unicode>;</Unicode>
            </TextEquiv>
          </Glyph>
          <TextEquiv index="1" conf="0.7533038596609937">
            <Unicode>quentibus;</Unicode>
          </TextEquiv>
        </Word>
        <Word id="w24120">
          <Coords points="282,324 324,324 324,381 282,381"/>
          <Glyph id="w24120g0">
            <Coords points="282,324 282,324 282,381 282,381"/>
            <TextEquiv index="1" conf="0.9999362230300903">
              <Unicode>h</Unicode>
            </TextEquiv>
          </Glyph>
          <Glyph id="w24120g1">
            <Coords points="305,324 309,324 309,381 305,381"/>
            <TextEquiv index="1" conf="0.9992270767688751">
              <Unicode>o</Unicode>
            </TextEquiv>
          </Glyph>
          <Glyph id="w24120g2">
            <Coords points="320,324 324,324 324,381 320,381"/>
            <TextEquiv index="1" conf="0.6386493565514684">
              <Unicode>c</Unicode>
            </TextEquiv>
          </Glyph>
          <TextEquiv index="1" conf="0.6381150299884807">
            <Unicode>hoc</Unicode>
          </TextEquiv>
        </Word>
        <Word id="w24121">
          <Coords points="343,324 423,324 423,381 343,381"/>
          <Glyph id="w24121g0">
            <Coords points="343,324 347,324 347,381 343,381"/>
            <TextEquiv index="1" conf="0.7710600346326828">
              <Unicode>c</Unicode>
            </TextEquiv>
          </Glyph>
          <Glyph id="w24121g1">
            <Coords points="358,324 358,324 358,381 358,381"/>
            <TextEquiv index="1" conf="0.9999846816062927">
              <Unicode>e</Unicode>
            </TextEquiv>
          </Glyph>
          <Glyph id="w24121g2">
            <Coords points="370,324 374,324 374,381 370,381"/>
            <TextEquiv index="1" conf="0.9907774776220322">
              <Unicode>r</Unicode>
            </TextEquiv>
          </Glyph>
          <Glyph id="w24121g3">
            <Coords points="381,324 385,324 385,381 381,381"/>
            <TextEquiv index="1" conf="0.9989361315965652">
              <Unicode>t</Unicode>
            </TextEquiv>
          </Glyph>
          <Glyph id="w24121g4">
            <Coords points="393,324 397,324 397,381 393,381"/>
            <TextEquiv index="1" conf="0.9994116127490997">
              <Unicode>u</Unicode>
            </TextEquiv>
          </Glyph>
          <Glyph id="w24121g5">
            <Coords points="420,324 423,324 423,381 420,381"/>
            <TextEquiv index="1" conf="0.9999433755874634">
              <Unicode>m</Unicode>
            </TextEquiv>
          </Glyph>
          <TextEquiv index="1" conf="0.7626322863059055">
            <Unicode>certum</Unicode>
          </TextEquiv>
        </Word>
        <Word id="w24122">
          <Coords points="454,324 485,324 485,381 454,381"/>
          <Glyph id="w24122g0">
            <Coords points="454,324 454,324 454,381 454,381"/>
            <TextEquiv index="1" conf="0.9999373555183411">
              <Unicode>e</Unicode>
            </TextEquiv>
          </Glyph>
          <Glyph id="w24122g1">
            <Coords points="465,324 465,324 465,381 465,381"/>
            <TextEquiv index="1" conf="0.9994500875473022">
              <Unicode>ſ</Unicode>
            </TextEquiv>
          </Glyph>
          <Glyph id="w24122g2">
            <Coords points="473,324 477,324 477,381 473,381"/>
            <TextEquiv index="1" conf="0.9997877329587936">
              <Unicode>t</Unicode>
            </TextEquiv>
          </Glyph>
          <Glyph id="w24122g3">
            <Coords points="485,324 485,324 485,381 485,381"/>
            <TextEquiv index="1" conf="0.9989623576402664">
              <Unicode>.</Unicode>
            </TextEquiv>
          </Glyph>
          <TextEquiv index="1" conf="0.9981385538336577">
            <Unicode>eſt.</Unicode>
          </TextEquiv>
        </Word>
        <Word id="w24123">
          <Coords points="542,324 576,324 576,381 542,381"/>
          <Glyph id="w24123g0">
            <Coords points="542,324 546,324 546,381 542,381"/>
            <TextEquiv index="1" conf="0.9985814690589905">
              <Unicode>Q</Unicode>
            </TextEquiv>
          </Glyph>
          <Glyph id="w24123g1">
            <Coords points="553,324 557,324 557,381 553,381"/>
            <TextEquiv index="1" conf="0.9980608820915222">
              <Unicode>u</Unicode>
            </TextEquiv>
          </Glyph>
          <Glyph id="w24123g2">
            <Coords points="573,324 576,324 576,381 573,381"/>
            <TextEquiv index="1" conf="0.9701876640319824">
              <Unicode>â</Unicode>
            </TextEquiv>
          </Glyph>
          <TextEquiv index="1" conf="0.9669327832320548">
            <Unicode>Quâ</Unicode>
          </TextEquiv>
        </Word>
        <Word id="w24124">
          <Coords points="596,324 645,324 645,381 596,381"/>
          <Glyph id="w24124g0">
            <Coords points="596,324 599,324 599,381 596,381"/>
            <TextEquiv index="1" conf="0.9993438571691513">
              <Unicode>v</Unicode>
            </TextEquiv>
          </Glyph>
          <Glyph id="w24124g1">
            <Coords points="615,324 615,324 615,381 615,381"/>
            <TextEquiv index="1" conf="0.9999396651983261">
              <Unicode>e</Unicode>
            </TextEquiv>
          </Glyph>
          <Glyph id="w24124g2">
            <Coords points="626,324 626,324 626,381 626,381"/>
            <TextEquiv index="1" conf="0.999718189239502">
              <Unicode>r</Unicode>
            </TextEquiv>
          </Glyph>
          <Glyph id="w24124g3">
            <Coords points="638,324 642,324 642,381 638,381"/>
            <TextEquiv index="1" conf="0.7169467012087504">
              <Unicode>ò</Unicode>
            </TextEquiv>
          </Glyph>
          <Glyph id="w24124g4">
            <Coords points="642,324 645,324 645,381 642,381"/>
            <TextEquiv index="1" conf="0.4978581766287486">
              <Unicode>ô</Unicode>
            </TextEquiv>
          </Glyph>
          <TextEquiv index="1" conf="0.35658153675983245">
            <Unicode>veròô</Unicode>
          </TextEquiv>
        </Word>
        <Word id="w24125">
          <Coords points="672,324 745,324 745,381 672,381"/>
          <Glyph id="w24125g0">
            <Coords points="672,324 672,324 672,381 672,381"/>
            <TextEquiv index="1" conf="0.9994165301322937">
              <Unicode>ſ</Unicode>
            </TextEquiv>
          </Glyph>
          <Glyph id="w24125g1">
            <Coords points="680,324 684,324 684,381 680,381"/>
            <TextEquiv index="1" conf="0.9994059801101685">
              <Unicode>u</Unicode>
            </TextEquiv>
          </Glyph>
          <Glyph id="w24125g2">
            <Coords points="699,324 703,324 703,381 699,381"/>
            <TextEquiv index="1" conf="0.9998013079166412">
              <Unicode>r</Unicode>
            </TextEquiv>
          </Glyph>
          <Glyph id="w24125g3">
            <Coords points="718,324 718,324 718,381 718,381"/>
            <TextEquiv index="1" conf="0.9952291548252106">
              <Unicode>g</Unicode>
            </TextEquiv>
          </Glyph>
          <Glyph id="w24125g4">
            <Coords points="726,324 730,324 730,381 726,381"/>
            <TextEquiv index="1" conf="0.8605836629867554">
              <Unicode>a</Unicode>
            </TextEquiv>
          </Glyph>
          <Glyph id="w24125g5">
            <Coords points="745,324 745,324 745,381 745,381"/>
            <TextEquiv index="1" conf="0.9998772442340851">
              <Unicode>t</Unicode>
            </TextEquiv>
          </Glyph>
          <TextEquiv index="1" conf="0.8551947863569199">
            <Unicode>ſurgat</Unicode>
          </TextEquiv>
        </Word>
        <Word id="w24126">
          <Coords points="764,324 783,324 783,381 764,381"/>
          <Glyph id="w24126g0">
            <Coords points="764,324 764,324 764,381 764,381"/>
            <TextEquiv index="1" conf="0.9994779974222183">
              <Unicode>i</Unicode>
            </TextEquiv>
          </Glyph>
          <Glyph id="w24126g1">
            <Coords points="779,324 783,324 783,381 779,381"/>
            <TextEquiv index="1" conf="0.9998932182788849">
              <Unicode>d</Unicode>
            </TextEquiv>
          </Glyph>
          <TextEquiv index="1" conf="0.9993712714414369">
            <Unicode>id</Unicode>
          </TextEquiv>
        </Word>
        <Word id="w24127">
          <Coords points="802,324 867,324 867,381 802,381"/>
          <Glyph id="w24127g0">
            <Coords points="802,324 802,324 802,381 802,381"/>
            <TextEquiv index="1" conf="0.9996737539768219">
              <Unicode>p</Unicode>
            </TextEquiv>
          </Glyph>
          <Glyph id="w24127g1">
            <Coords points="821,324 821,324 821,381 821,381"/>
            <TextEquiv index="1" conf="0.9980245381593704">
              <Unicode>l</Unicode>
            </TextEquiv>
          </Glyph>
          <Glyph id="w24127g2">
            <Coords points="829,324 833,324 833,381 829,381"/>
            <TextEquiv index="1" conf="0.9998115003108978">
              <Unicode>a</Unicode>
            </TextEquiv>
          </Glyph>
          <Glyph id="w24127g3">
            <Coords points="844,324 848,324 848,381 844,381"/>
            <TextEquiv index="1" conf="0.992135539650917">
              <Unicode>n</Unicode>
            </TextEquiv>
          </Glyph>
          <Glyph id="w24127g4">
            <Coords points="867,324 867,324 867,381 867,381"/>
            <TextEquiv index="1" conf="0.9990869909524918">
              <Unicode>è</Unicode>
            </TextEquiv>
          </Glyph>
          <TextEquiv index="1" conf="0.9887624119938991">
            <Unicode>planè</Unicode>
          </TextEquiv>
        </Word>
        <Word id="w24128">
          <Coords points="886,324 917,324 917,381 886,381"/>
          <Glyph id="w24128g0">
            <Coords points="886,324 890,324 890,381 886,381"/>
            <TextEquiv index="1" conf="0.995861828327179">
              <Unicode>i</Unicode>
            </TextEquiv>
          </Glyph>
          <Glyph id="w24128g1">
            <Coords points="898,324 902,324 902,381 898,381"/>
            <TextEquiv index="1" conf="0.9997578561306">
              <Unicode>n</Unicode>
            </TextEquiv>
          </Glyph>
          <Glyph id="w24128g2">
            <Coords points="917,324 917,324 917,381 917,381"/>
            <TextEquiv index="1" conf="0.961232990026474">
              <Unicode>-</Unicode>
            </TextEquiv>
          </Glyph>
          <TextEquiv index="1" conf="0.957023449407647">
            <Unicode>in-</Unicode>
          </TextEquiv>
        </Word>
        <TextEquiv index="1" conf="0.9660938715151998">
          <Unicode>quentibus; hoc certum eſt. Quâ veròô ſurgat id planè in-</Unicode>
        </TextEquiv>
      </TextLine>
      <TextLine id="r0_l010">
        <Coords points="736,412 736,402 737,401 983,408 983,411 984,412 985,410 986,390 985,389 985,388 983,387 796,382 796,381 796,378 795,377 610,372 609,373 234,363 233,363 233,368 233,369 152,367 151,368 114,367 113,368 112,368 111,369 110,369 106,372 106,377 107,378 107,380 108,382 109,382 110,383 111,383 112,384 124,384 125,385 124,391 126,392 249,395 250,396 281,397 283,399 291,399 292,398 293,398 294,397 559,404 560,406 560,407 561,407 736,412"/>
        <Word id="w24129">
          <Coords points="114,363 208,363 208,412 114,412"/>
          <Glyph id="w24129g0">
            <Coords points="114,363 114,363 114,412 114,412"/>
            <TextEquiv index="1" conf="0.989118903875351">
              <Unicode>c</Unicode>
            </TextEquiv>
          </Glyph>
          <Glyph id="w24129g1">
            <Coords points="128,363 128,363 128,412 128,412"/>
            <TextEquiv index="1" conf="0.9999496936798096">
              <Unicode>e</Unicode>
            </TextEquiv>
          </Glyph>
          <Glyph id="w24129g2">
            <Coords points="138,363 142,363 142,412 138,412"/>
            <TextEquiv index="1" conf="0.9999484717845917">
              <Unicode>r</Unicode>
            </TextEquiv>
          </Glyph>
          <Glyph id="w24129g3">
            <Coords points="152,363 152,363 152,412 152,412"/>
            <TextEquiv index="1" conf="0.9999869465827942">
              <Unicode>t</Unicode>
            </TextEquiv>
          </Glyph>
          <Glyph id="w24129g4">
            <Coords points="163,363 166,363 166,412 163,412"/>
            <TextEquiv index="1" conf="0.999952882528305">
              <Unicode>u</Unicode>
            </TextEquiv>
          </Glyph>
          <Glyph id="w24129g5">
            <Coords points="191,363 191,363 191,412 191,412"/>
            <TextEquiv index="1" conf="0.99998939037323">
              <Unicode>m</Unicode>
            </TextEquiv>
          </Glyph>
          <Glyph id="w24129g6">
            <Coords points="205,363 208,363 208,412 205,412"/>
            <TextEquiv index="1" conf="0.997918114066124">
              <Unicode>.</Unicode>
            </TextEquiv>
          </Glyph>
          <TextEquiv index="1" conf="0.9868893006968824">
            <Unicode>certum.</Unicode>
          </TextEquiv>
        </Word>
        <Word id="w24130">
          <Coords points="243,363 338,363 338,412 243,412"/>
          <Glyph id="w24130g0">
            <Coords points="243,363 247,363 247,412 243,412"/>
            <TextEquiv index="1" conf="0.7546742707490921">
              <Unicode>E</Unicode>
            </TextEquiv>
          </Glyph>
          <Glyph id="w24130g1">
            <Coords points="261,363 264,363 264,412 261,412"/>
            <TextEquiv index="1" conf="0.8891418129205704">
              <Unicode>v</Unicode>
            </TextEquiv>
          </Glyph>
          <Glyph id="w24130g2">
            <Coords points="271,363 275,363 275,412 271,412"/>
            <TextEquiv index="1" conf="0.9998437613248825">
              <Unicode>i</Unicode>
            </TextEquiv>
          </Glyph>
          <Glyph id="w24130g3">
            <Coords points="289,363 292,363 292,412 289,412"/>
            <TextEquiv index="1" conf="0.9994094669818878">
              <Unicode>g</Unicode>
            </TextEquiv>
          </Glyph>
          <Glyph id="w24130g4">
            <Coords points="299,363 303,363 303,412 299,412"/>
            <TextEquiv index="1" conf="0.9988419264554977">
              <Unicode>i</Unicode>
            </TextEquiv>
          </Glyph>
          <Glyph id="w24130g5">
            <Coords points="310,363 313,363 313,412 310,412"/>
            <TextEquiv index="1" conf="0.999846562743187">
              <Unicode>l</Unicode>
            </TextEquiv>
          </Glyph>
          <Glyph id="w24130g6">
            <Coords points="320,363 324,363 324,412 320,412"/>
            <TextEquiv index="1" conf="0.9999822080135345">
              <Unicode>a</Unicode>
            </TextEquiv>
          </Glyph>
          <Glyph id="w24130g7">
            <Coords points="334,363 338,363 338,412 334,412"/>
            <TextEquiv index="1" conf="0.9995861798524857">
              <Unicode>t</Unicode>
            </TextEquiv>
          </Glyph>
          <TextEquiv index="1" conf="0.6693431378100851">
            <Unicode>Evigilat</Unicode>
          </TextEquiv>
        </Word>
        <Word id="w24131">
          <Coords points="359,363 404,363 404,412 359,412"/>
          <Glyph id="w24131g0">
            <Coords points="359,363 359,363 359,412 359,412"/>
            <TextEquiv index="1" conf="0.9922341555356979">
              <Unicode>c</Unicode>
            </TextEquiv>
          </Glyph>
          <Glyph id="w24131g1">
            <Coords points="369,363 369,363 369,412 369,412"/>
            <TextEquiv index="1" conf="0.9997310042381287">
              <Unicode>i</Unicode>
            </TextEquiv>
          </Glyph>
          <Glyph id="w24131g2">
            <Coords points="380,363 383,363 383,412 380,412"/>
            <TextEquiv index="1" conf="0.9888358563184738">
              <Unicode>r</Unicode>
            </TextEquiv>
          </Glyph>
          <Glyph id="w24131g3">
            <Coords points="394,363 397,363 397,412 394,412"/>
            <TextEquiv index="1" conf="0.9771070331335068">
              <Unicode>e</Unicode>
            </TextEquiv>
          </Glyph>
          <Glyph id="w24131g4">
            <Coords points="404,363 404,363 404,412 404,412"/>
            <TextEquiv index="1" conf="0.7669143676757812">
              <Unicode>a</Unicode>
            </TextEquiv>
          </Glyph>
          <TextEquiv index="1" conf="0.7350392882304191">
            <Unicode>cirea</Unicode>
          </TextEquiv>
        </Word>
        <Word id="w24132">
          <Coords points="432,363 513,363 513,412 432,412"/>
          <Glyph id="w24132g0">
            <Coords points="432,363 432,363 432,412 432,412"/>
            <TextEquiv index="1" conf="0.999873548746109">
              <Unicode>n</Unicode>
            </TextEquiv>
          </Glyph>
          <Glyph id="w24132g1">
            <Coords points="453,363 457,363 457,412 453,412"/>
            <TextEquiv index="1" conf="0.999710813164711">
              <Unicode>o</Unicode>
            </TextEquiv>
          </Glyph>
          <Glyph id="w24132g2">
            <Coords points="467,363 471,363 471,412 467,412"/>
            <TextEquiv index="1" conf="0.9992658048868179">
              <Unicode>n</Unicode>
            </TextEquiv>
          </Glyph>
          <Glyph id="w24132g3">
            <Coords points="485,363 488,363 488,412 485,412"/>
            <TextEquiv index="1" conf="0.999723270535469">
              <Unicode>a</Unicode>
            </TextEquiv>
          </Glyph>
          <Glyph id="w24132g4">
            <Coords points="509,363 513,363 513,412 509,412"/>
            <TextEquiv index="1" conf="0.9999290555715561">
              <Unicode>m</Unicode>
            </TextEquiv>
          </Glyph>
          <TextEquiv index="1" conf="0.9985032538633387">
            <Unicode>nonam</Unicode>
          </TextEquiv>
        </Word>
        <Word id="w24133">
          <Coords points="547,363 575,363 575,412 547,412"/>
          <Glyph id="w24133g0">
            <Coords points="547,363 551,363 551,412 547,412"/>
            <TextEquiv index="1" conf="0.9995457082986832">
              <Unicode>v</Unicode>
            </TextEquiv>
          </Glyph>
          <Glyph id="w24133g1">
            <Coords points="565,363 565,363 565,412 565,412"/>
            <TextEquiv index="1" conf="0.9999714195728302">
              <Unicode>e</Unicode>
            </TextEquiv>
          </Glyph>
          <Glyph id="w24133g2">
            <Coords points="575,363 575,363 575,412 575,412"/>
            <TextEquiv index="1" conf="0.9938299506902695">
              <Unicode>l</Unicode>
            </TextEquiv>
          </Glyph>
          <TextEquiv index="1" conf="0.9933500708103657">
            <Unicode>vel</Unicode>
          </TextEquiv>
        </Word>
        <Word id="w24134">
          <Coords points="607,363 733,363 733,412 607,412"/>
          <Glyph id="w24134g0">
            <Coords points="607,363 610,363 610,412 607,412"/>
            <TextEquiv index="1" conf="0.9999211579561234">
              <Unicode>d</Unicode>
            </TextEquiv>
          </Glyph>
          <Glyph id="w24134g1">
            <Coords points="621,363 624,363 624,412 621,412"/>
            <TextEquiv index="1" conf="0.9991773664951324">
              <Unicode>e</Unicode>
            </TextEquiv>
          </Glyph>
          <Glyph id="w24134g2">
            <Coords points="635,363 638,363 638,412 635,412"/>
            <TextEquiv index="1" conf="0.9969663470983505">
              <Unicode>c</Unicode>
            </TextEquiv>
          </Glyph>
          <Glyph id="w24134g3">
            <Coords points="645,363 649,363 649,412 645,412"/>
            <TextEquiv index="1" conf="0.9998430460691452">
              <Unicode>i</Unicode>
            </TextEquiv>
          </Glyph>
          <Glyph id="w24134g4">
            <Coords points="666,363 666,363 666,412 666,412"/>
            <TextEquiv index="1" conf="0.9999926090240479">
              <Unicode>m</Unicode>
            </TextEquiv>
          </Glyph>
          <Glyph id="w24134g5">
            <Coords points="684,363 684,363 684,412 684,412"/>
            <TextEquiv index="1" conf="0.9531742930412292">
              <Unicode>a</Unicode>
            </TextEquiv>
          </Glyph>
          <Glyph id="w24134g6">
            <Coords points="705,363 708,363 708,412 705,412"/>
            <TextEquiv index="1" conf="0.9997888207435608">
              <Unicode>m</Unicode>
            </TextEquiv>
          </Glyph>
          <Glyph id="w24134g7">
            <Coords points="729,363 733,363 733,412 729,412"/>
            <TextEquiv index="1" conf="0.7128994464874268">
              <Unicode>;</Unicode>
            </TextEquiv>
          </Glyph>
          <TextEquiv index="1" conf="0.6765911923140042">
            <Unicode>decimam;</Unicode>
          </TextEquiv>
        </Word>
        <Word id="w24135">
          <Coords points="757,363 792,363 792,412 757,412"/>
          <Glyph id="w24135g0">
            <Coords points="757,363 761,363 761,412 757,412"/>
            <TextEquiv index="1" conf="0.9971865564584732">
              <Unicode>ſ</Unicode>
            </TextEquiv>
          </Glyph>
          <Glyph id="w24135g1">
            <Coords points="771,363 775,363 775,412 771,412"/>
            <TextEquiv index="1" conf="0.9998126029968262">
              <Unicode>e</Unicode>
            </TextEquiv>
          </Glyph>
          <Glyph id="w24135g2">
            <Coords points="789,363 792,363 792,412 789,412"/>
            <TextEquiv index="1" conf="0.9981205463409424">
              <Unicode>d</Unicode>
            </TextEquiv>
          </Glyph>
          <TextEquiv index="1" conf="0.995125871976966">
            <Unicode>ſed</Unicode>
          </TextEquiv>
        </Word>
        <Word id="w24136">
          <Coords points="817,363 841,363 841,412 817,412"/>
          <Glyph id="w24136g0">
            <Coords points="817,363 820,363 820,412 817,412"/>
            <TextEquiv index="1" conf="0.9996559321880341">
              <Unicode>n</Unicode>
            </TextEquiv>
          </Glyph>
          <Glyph id="w24136g1">
            <Coords points="841,363 841,363 841,412 841,412"/>
            <TextEquiv index="1" conf="0.9996102005243301">
              <Unicode>e</Unicode>
            </TextEquiv>
          </Glyph>
          <TextEquiv index="1" conf="0.9992662668298169">
            <Unicode>ne</Unicode>
          </TextEquiv>
        </Word>
        <Word id="w24137">
          <Coords points="866,363 915,363 915,412 866,412"/>
          <Glyph id="w24137g0">
            <Coords points="866,363 869,363 869,412 866,412"/>
            <TextEquiv index="1" conf="0.9881928116083145">
              <Unicode>c</Unicode>
            </TextEquiv>
          </Glyph>
          <Glyph id="w24137g1">
            <Coords points="880,363 887,363 887,412 880,412"/>
            <TextEquiv index="1" conf="0.999828964471817">
              <Unicode>o</Unicode>
            </TextEquiv>
          </Glyph>
          <Glyph id="w24137g2">
            <Coords points="894,363 897,363 897,412 894,412"/>
            <TextEquiv index="1" conf="0.9997638761997223">
              <Unicode>n</Unicode>
            </TextEquiv>
          </Glyph>
          <Glyph id="w24137g3">
            <Coords points="911,363 915,363 915,412 911,412"/>
            <TextEquiv index="1" conf="0.9983368963003159">
              <Unicode>-</Unicode>
            </TextEquiv>
          </Glyph>
          <TextEquiv index="1" conf="0.9861477015610793">
            <Unicode>con-</Unicode>
          </TextEquiv>
        </Word>
        <TextEquiv index="1" conf="0.9806608195012471">
          <Unicode>certum. Evigilat cirea nonam vel decimam; ſed ne con-</Unicode>
        </TextEquiv>
      </TextLine>
      <TextLine id="r0_l011">
        <Coords points="418,442 418,441 418,439 419,439 541,442 542,441 543,441 544,440 913,450 913,451 914,452 916,452 916,451 916,443 917,442 918,436 983,438 984,437 984,423 983,423 739,416 738,415 738,414 737,412 688,411 687,410 685,410 684,411 640,410 639,410 302,402 301,401 250,399 249,398 122,395 120,396 120,400 120,401 111,401 109,403 108,403 105,405 105,424 105,425 182,427 182,429 183,430 257,432 259,434 331,435 332,436 361,437 362,438 364,438 365,437 415,439 415,441 416,442 418,442"/>
        <Word id="w24138">
          <Coords points="111,395 173,395 173,452 111,452"/>
          <Glyph id="w24138g0">
            <Coords points="111,395 111,395 111,452 111,452"/>
            <TextEquiv index="1" conf="0.9999364018440247">
              <Unicode>t</Unicode>
            </TextEquiv>
          </Glyph>
          <Glyph id="w24138g1">
            <Coords points="119,395 123,395 123,452 119,452"/>
            <TextEquiv index="1" conf="0.9996657371520996">
              <Unicode>i</Unicode>
            </TextEquiv>
          </Glyph>
          <Glyph id="w24138g2">
            <Coords points="131,395 134,395 134,452 131,452"/>
            <TextEquiv index="1" conf="0.9997094124555588">
              <Unicode>n</Unicode>
            </TextEquiv>
          </Glyph>
          <Glyph id="w24138g3">
            <Coords points="150,395 150,395 150,452 150,452"/>
            <TextEquiv index="1" conf="0.9847798347473145">
              <Unicode>u</Unicode>
            </TextEquiv>
          </Glyph>
          <Glyph id="w24138g4">
            <Coords points="169,395 173,395 173,452 169,452"/>
            <TextEquiv index="1" conf="0.7890145182609558">
              <Unicode>ò</Unicode>
            </TextEquiv>
          </Glyph>
          <TextEquiv index="1" conf="0.7764707648833884">
            <Unicode>tinuò</Unicode>
          </TextEquiv>
        </Word>
        <Word id="w24139">
          <Coords points="199,395 272,395 272,452 199,452"/>
          <Glyph id="w24139g0">
            <Coords points="199,395 203,395 203,452 199,452"/>
            <TextEquiv index="1" conf="0.8135067820549011">
              <Unicode>e</Unicode>
            </TextEquiv>
          </Glyph>
          <Glyph id="w24139g1">
            <Coords points="211,395 215,395 215,452 211,452"/>
            <TextEquiv index="1" conf="0.9999646544456482">
              <Unicode>r</Unicode>
            </TextEquiv>
          </Glyph>
          <Glyph id="w24139g2">
            <Coords points="226,395 230,395 230,452 226,452"/>
            <TextEquiv index="1" conf="0.9998822957277298">
              <Unicode>e</Unicode>
            </TextEquiv>
          </Glyph>
          <Glyph id="w24139g3">
            <Coords points="242,395 245,395 245,452 242,452"/>
            <TextEquiv index="1" conf="0.9996500611305237">
              <Unicode>d</Unicode>
            </TextEquiv>
          </Glyph>
          <Glyph id="w24139g4">
            <Coords points="253,395 257,395 257,452 253,452"/>
            <TextEquiv index="1" conf="0.9926861822605133">
              <Unicode>a</Unicode>
            </TextEquiv>
          </Glyph>
          <Glyph id="w24139g5">
            <Coords points="272,395 272,395 272,452 272,452"/>
            <TextEquiv index="1" conf="0.9999825656414032">
              <Unicode>s</Unicode>
            </TextEquiv>
          </Glyph>
          <TextEquiv index="1" conf="0.8071367241612729">
            <Unicode>eredas</Unicode>
          </TextEquiv>
        </Word>
        <Word id="w24140">
          <Coords points="291,395 391,395 391,452 291,452"/>
          <Glyph id="w24140g0">
            <Coords points="291,395 291,395 291,452 291,452"/>
            <TextEquiv index="1" conf="0.9979894161224365">
              <Unicode>ſ</Unicode>
            </TextEquiv>
          </Glyph>
          <Glyph id="w24140g1">
            <Coords points="299,395 303,395 303,452 299,452"/>
            <TextEquiv index="1" conf="0.9998996704816818">
              <Unicode>u</Unicode>
            </TextEquiv>
          </Glyph>
          <Glyph id="w24140g2">
            <Coords points="318,395 322,395 322,452 318,452"/>
            <TextEquiv index="1" conf="0.9999745786190033">
              <Unicode>r</Unicode>
            </TextEquiv>
          </Glyph>
          <Glyph id="w24140g3">
            <Coords points="337,395 337,395 337,452 337,452"/>
            <TextEquiv index="1" conf="0.9984599500894547">
              <Unicode>g</Unicode>
            </TextEquiv>
          </Glyph>
          <Glyph id="w24140g4">
            <Coords points="353,395 353,395 353,452 353,452"/>
            <TextEquiv index="1" conf="0.9998041838407516">
              <Unicode>e</Unicode>
            </TextEquiv>
          </Glyph>
          <Glyph id="w24140g5">
            <Coords points="364,395 368,395 368,452 364,452"/>
            <TextEquiv index="1" conf="0.9988257884979248">
              <Unicode>r</Unicode>
            </TextEquiv>
          </Glyph>
          <Glyph id="w24140g6">
            <Coords points="379,395 379,395 379,452 379,452"/>
            <TextEquiv index="1" conf="0.9999764859676361">
              <Unicode>e</Unicode>
            </TextEquiv>
          </Glyph>
          <Glyph id="w24140g7">
            <Coords points="387,395 391,395 391,452 387,452"/>
            <TextEquiv index="1" conf="0.9971693903207779">
              <Unicode>.</Unicode>
            </TextEquiv>
          </Glyph>
          <TextEquiv index="1" conf="0.9921227141390767">
            <Unicode>ſurgere.</Unicode>
          </TextEquiv>
        </Word>
        <Word id="w24141">
          <Coords points="444,395 483,395 483,452 444,452"/>
          <Glyph id="w24141g0">
            <Coords points="444,395 448,395 448,452 444,452"/>
            <TextEquiv index="1" conf="0.9264439791440964">
              <Unicode>U</Unicode>
            </TextEquiv>
          </Glyph>
          <Glyph id="w24141g1">
            <Coords points="460,395 460,395 460,452 460,452"/>
            <TextEquiv index="1" conf="0.9999453127384186">
              <Unicode>n</Unicode>
            </TextEquiv>
          </Glyph>
          <Glyph id="w24141g2">
            <Coords points="475,395 483,395 483,452 475,452"/>
            <TextEquiv index="1" conf="0.9676344245672226">
              <Unicode>â</Unicode>
            </TextEquiv>
          </Glyph>
          <TextEquiv index="1" conf="0.8964100617602968">
            <Unicode>Unâ</Unicode>
          </TextEquiv>
        </Word>
        <Word id="w24142">
          <Coords points="509,395 559,395 559,452 509,452"/>
          <Glyph id="w24142g0">
            <Coords points="509,395 509,395 509,452 509,452"/>
            <TextEquiv index="1" conf="0.9991602003574371">
              <Unicode>ſ</Unicode>
            </TextEquiv>
          </Glyph>
          <Glyph id="w24142g1">
            <Coords points="529,395 529,395 529,452 529,452"/>
            <TextEquiv index="1" conf="0.8843131065368652">
              <Unicode>æ</Unicode>
            </TextEquiv>
          </Glyph>
          <Glyph id="w24142g2">
            <Coords points="536,395 540,395 540,452 536,452"/>
            <TextEquiv index="1" conf="0.999726876616478">
              <Unicode>p</Unicode>
            </TextEquiv>
          </Glyph>
          <Glyph id="w24142g3">
            <Coords points="555,395 559,395 559,452 555,452"/>
            <TextEquiv index="1" conf="0.9866239279508591">
              <Unicode>è</Unicode>
            </TextEquiv>
          </Glyph>
          <TextEquiv index="1" conf="0.8715136627732947">
            <Unicode>ſæpè</Unicode>
          </TextEquiv>
        </Word>
        <Word id="w24143">
          <Coords points="590,395 659,395 659,452 590,452"/>
          <Glyph id="w24143g0">
            <Coords points="590,395 594,395 594,452 590,452"/>
            <TextEquiv index="1" conf="0.9996214956045151">
              <Unicode>m</Unicode>
            </TextEquiv>
          </Glyph>
          <Glyph id="w24143g1">
            <Coords points="609,395 609,395 609,452 609,452"/>
            <TextEquiv index="1" conf="0.9999478161334991">
              <Unicode>i</Unicode>
            </TextEquiv>
          </Glyph>
          <Glyph id="w24143g2">
            <Coords points="620,395 620,395 620,452 620,452"/>
            <TextEquiv index="1" conf="0.9999227970838547">
              <Unicode>n</Unicode>
            </TextEquiv>
          </Glyph>
          <Glyph id="w24143g3">
            <Coords points="639,395 639,395 639,452 639,452"/>
            <TextEquiv index="1" conf="0.6325090825557709">
              <Unicode>ù</Unicode>
            </TextEquiv>
          </Glyph>
          <Glyph id="w24143g4">
            <Coords points="655,395 659,395 659,452 655,452"/>
            <TextEquiv index="1" conf="0.996937170624733">
              <Unicode>s</Unicode>
            </TextEquiv>
          </Glyph>
          <TextEquiv index="1" conf="0.630251586716239">
            <Unicode>minùs</Unicode>
          </TextEquiv>
        </Word>
        <Word id="w24144">
          <Coords points="682,395 735,395 735,452 682,452"/>
          <Glyph id="w24144g0">
            <Coords points="682,395 685,395 685,452 682,452"/>
            <TextEquiv index="1" conf="0.9994759261608124">
              <Unicode>h</Unicode>
            </TextEquiv>
          </Glyph>
          <Glyph id="w24144g1">
            <Coords points="705,395 708,395 708,452 705,452"/>
            <TextEquiv index="1" conf="0.9996965527534485">
              <Unicode>o</Unicode>
            </TextEquiv>
          </Glyph>
          <Glyph id="w24144g2">
            <Coords points="720,395 720,395 720,452 720,452"/>
            <TextEquiv index="1" conf="0.9990037679672241">
              <Unicode>r</Unicode>
            </TextEquiv>
          </Glyph>
          <Glyph id="w24144g3">
            <Coords points="731,395 735,395 735,452 731,452"/>
            <TextEquiv index="1" conf="0.9423762857913971">
              <Unicode>â</Unicode>
            </TextEquiv>
          </Glyph>
          <TextEquiv index="1" conf="0.9406585507148554">
            <Unicode>horâ</Unicode>
          </TextEquiv>
        </Word>
        <Word id="w24145">
          <Coords points="762,395 804,395 804,452 762,452"/>
          <Glyph id="w24145g0">
            <Coords points="762,395 766,395 766,452 762,452"/>
            <TextEquiv index="1" conf="0.999675914645195">
              <Unicode>t</Unicode>
            </TextEquiv>
          </Glyph>
          <Glyph id="w24145g1">
            <Coords points="777,395 777,395 777,452 777,452"/>
            <TextEquiv index="1" conf="0.9999378025531769">
              <Unicode>e</Unicode>
            </TextEquiv>
          </Glyph>
          <Glyph id="w24145g2">
            <Coords points="789,395 793,395 793,452 789,452"/>
            <TextEquiv index="1" conf="0.9955204576253891">
              <Unicode>r</Unicode>
            </TextEquiv>
          </Glyph>
          <Glyph id="w24145g3">
            <Coords points="804,395 804,395 804,452 804,452"/>
            <TextEquiv index="1" conf="0.9473000317811966">
              <Unicode>,</Unicode>
            </TextEquiv>
          </Glyph>
          <TextEquiv index="1" conf="0.9426922936262854">
            <Unicode>ter,</Unicode>
          </TextEquiv>
        </Word>
        <Word id="w24146">
          <Coords points="835,395 915,395 915,452 835,452"/>
          <Glyph id="w24146g0">
            <Coords points="835,395 842,395 842,452 835,452"/>
            <TextEquiv index="1" conf="0.9863777309656143">
              <Unicode>q</Unicode>
            </TextEquiv>
          </Glyph>
          <Glyph id="w24146g1">
            <Coords points="850,395 854,395 854,452 850,452"/>
            <TextEquiv index="1" conf="0.9916569590568542">
              <Unicode>u</Unicode>
            </TextEquiv>
          </Glyph>
          <Glyph id="w24146g2">
            <Coords points="869,395 869,395 869,452 869,452"/>
            <TextEquiv index="1" conf="0.91649229824543">
              <Unicode>a</Unicode>
            </TextEquiv>
          </Glyph>
          <Glyph id="w24146g3">
            <Coords points="884,395 884,395 884,452 884,452"/>
            <TextEquiv index="1" conf="0.9993847459554672">
              <Unicode>t</Unicode>
            </TextEquiv>
          </Glyph>
          <Glyph id="w24146g4">
            <Coords points="896,395 900,395 900,452 896,452"/>
            <TextEquiv index="1" conf="0.9765477478504181">
              <Unicode>e</Unicode>
            </TextEquiv>
          </Glyph>
          <Glyph id="w24146g5">
            <Coords points="911,395 915,395 915,452 911,452"/>
            <TextEquiv index="1" conf="0.9906279891729355">
              <Unicode>r</Unicode>
            </TextEquiv>
          </Glyph>
          <TextEquiv index="1" conf="0.8667030720397558">
            <Unicode>quater</Unicode>
          </TextEquiv>
        </Word>
        <TextEquiv index="1" conf="0.9753921661736831">
          <Unicode>tinuò eredas ſurgere. Unâ ſæpè minùs horâ ter, quater</Unicode>
        </TextEquiv>
      </TextLine>
      <TextLine id="r0_l012">
        <Coords points="293,472 294,471 295,472 296,471 297,471 298,470 299,470 299,469 300,463 393,465 394,466 456,468 457,468 456,471 457,472 460,472 463,469 495,470 496,469 509,469 510,468 550,469 551,470 566,471 566,472 567,473 599,473 599,474 599,479 600,480 609,480 609,479 609,472 610,472 633,472 634,471 686,473 686,480 687,481 695,481 695,474 696,473 712,473 713,472 818,475 819,476 820,476 821,475 892,477 893,478 903,478 904,477 905,474 905,473 916,474 917,473 917,469 916,469 915,469 915,468 915,467 914,467 904,466 904,464 902,462 885,462 885,461 885,452 884,451 884,450 883,450 883,451 881,453 881,460 880,461 832,460 831,461 781,459 781,457 780,456 780,453 779,451 777,451 776,450 740,449 739,450 739,457 738,457 647,455 646,454 644,456 600,455 599,453 599,454 599,455 596,457 561,456 560,455 559,455 558,454 543,454 542,453 509,452 508,451 500,451 500,450 500,448 498,446 498,445 497,444 496,444 495,443 493,443 491,445 490,445 488,446 488,447 487,448 487,453 485,455 450,454 447,451 437,450 437,444 437,443 428,443 427,442 382,441 379,438 371,437 370,438 370,440 351,440 350,440 350,445 350,446 340,446 339,447 309,446 308,447 259,446 258,445 258,436 256,435 255,436 249,436 248,437 248,443 226,443 225,444 163,442 162,442 162,438 162,437 161,438 161,440 139,439 138,440 114,440 113,439 113,435 110,435 109,434 107,435 107,440 107,441 105,441 103,442 103,456 126,457 127,458 128,457 145,458 181,459 182,460 284,462 285,463 284,470 287,472 293,472"/>
        <Word id="w24147">
          <Coords points="119,434 141,434 141,481 119,481"/>
          <Glyph id="w24147g0">
            <Coords points="119,434 119,434 119,481 119,481"/>
            <TextEquiv index="1" conf="0.9761476516723633">
              <Unicode>m</Unicode>
            </TextEquiv>
          </Glyph>
          <Glyph id="w24147g1">
            <Coords points="138,434 141,434 141,481 138,481"/>
            <TextEquiv index="1" conf="0.9997603595256805">
              <Unicode>e</Unicode>
            </TextEquiv>
          </Glyph>
          <TextEquiv index="1" conf="0.9759137271861107">
            <Unicode>me</Unicode>
          </TextEquiv>
        </Word>
        <Word id="w24148">
          <Coords points="163,434 225,434 225,481 163,481"/>
          <Glyph id="w24148g0">
            <Coords points="163,434 171,434 171,481 163,481"/>
            <TextEquiv index="1" conf="0.9999001622200012">
              <Unicode>v</Unicode>
            </TextEquiv>
          </Glyph>
          <Glyph id="w24148g1">
            <Coords points="182,434 185,434 185,481 182,481"/>
            <TextEquiv index="1" conf="0.9998570382595062">
              <Unicode>o</Unicode>
            </TextEquiv>
          </Glyph>
          <Glyph id="w24148g2">
            <Coords points="200,434 200,434 200,481 200,481"/>
            <TextEquiv index="1" conf="0.754720151424408">
              <Unicode>c</Unicode>
            </TextEquiv>
          </Glyph>
          <Glyph id="w24148g3">
            <Coords points="207,434 211,434 211,481 207,481"/>
            <TextEquiv index="1" conf="0.9987978488206863">
              <Unicode>a</Unicode>
            </TextEquiv>
          </Glyph>
          <Glyph id="w24148g4">
            <Coords points="225,434 225,434 225,481 225,481"/>
            <TextEquiv index="1" conf="0.9695144593715668">
              <Unicode>t</Unicode>
            </TextEquiv>
          </Glyph>
          <TextEquiv index="1" conf="0.7306550356792625">
            <Unicode>vocat</Unicode>
          </TextEquiv>
        </Word>
        <Word id="w24149">
          <Coords points="247,434 350,434 350,481 247,481"/>
          <Glyph id="w24149g0">
            <Coords points="247,434 247,434 247,481 247,481"/>
            <TextEquiv index="1" conf="0.9980044960975647">
              <Unicode>ſ</Unicode>
            </TextEquiv>
          </Glyph>
          <Glyph id="w24149g1">
            <Coords points="255,434 258,434 258,481 255,481"/>
            <TextEquiv index="1" conf="0.9978789389133453">
              <Unicode>u</Unicode>
            </TextEquiv>
          </Glyph>
          <Glyph id="w24149g2">
            <Coords points="277,434 277,434 277,481 277,481"/>
            <TextEquiv index="1" conf="0.999943882226944">
              <Unicode>r</Unicode>
            </TextEquiv>
          </Glyph>
          <Glyph id="w24149g3">
            <Coords points="291,434 295,434 295,481 291,481"/>
            <TextEquiv index="1" conf="0.99998739361763">
              <Unicode>g</Unicode>
            </TextEquiv>
          </Glyph>
          <Glyph id="w24149g4">
            <Coords points="306,434 309,434 309,481 306,481"/>
            <TextEquiv index="1" conf="0.999893069267273">
              <Unicode>e</Unicode>
            </TextEquiv>
          </Glyph>
          <Glyph id="w24149g5">
            <Coords points="320,434 320,434 320,481 320,481"/>
            <TextEquiv index="1" conf="0.999827966094017">
              <Unicode>n</Unicode>
            </TextEquiv>
          </Glyph>
          <Glyph id="w24149g6">
            <Coords points="339,434 339,434 339,481 339,481"/>
            <TextEquiv index="1" conf="0.999986857175827">
              <Unicode>t</Unicode>
            </TextEquiv>
          </Glyph>
          <Glyph id="w24149g7">
            <Coords points="350,434 350,434 350,481 350,481"/>
            <TextEquiv index="1" conf="0.9999087601900101">
              <Unicode>i</Unicode>
            </TextEquiv>
          </Glyph>
          <TextEquiv index="1" conf="0.9954375306854272">
            <Unicode>ſurgenti</Unicode>
          </TextEquiv>
        </Word>
        <Word id="w24150">
          <Coords points="368,434 459,434 459,481 368,481"/>
          <Glyph id="w24150g0">
            <Coords points="368,434 368,434 368,481 368,481"/>
            <TextEquiv index="1" conf="0.9821309447288513">
              <Unicode>ſ</Unicode>
            </TextEquiv>
          </Glyph>
          <Glyph id="w24150g1">
            <Coords points="375,434 375,434 375,481 375,481"/>
            <TextEquiv index="1" conf="0.99899822473526">
              <Unicode>i</Unicode>
            </TextEquiv>
          </Glyph>
          <Glyph id="w24150g2">
            <Coords points="394,434 397,434 397,481 394,481"/>
            <TextEquiv index="1" conf="0.9902381300926208">
              <Unicode>m</Unicode>
            </TextEquiv>
          </Glyph>
          <Glyph id="w24150g3">
            <Coords points="412,434 415,434 415,481 412,481"/>
            <TextEquiv index="1" conf="0.9988134801387787">
              <Unicode>i</Unicode>
            </TextEquiv>
          </Glyph>
          <Glyph id="w24150g4">
            <Coords points="423,434 423,434 423,481 423,481"/>
            <TextEquiv index="1" conf="0.9999121129512787">
              <Unicode>l</Unicode>
            </TextEquiv>
          </Glyph>
          <Glyph id="w24150g5">
            <Coords points="430,434 434,434 434,481 430,481"/>
            <TextEquiv index="1" conf="0.9999195784330368">
              <Unicode>i</Unicode>
            </TextEquiv>
          </Glyph>
          <Glyph id="w24150g6">
            <Coords points="445,434 445,434 445,481 445,481"/>
            <TextEquiv index="1" conf="0.9999127238988876">
              <Unicode>s</Unicode>
            </TextEquiv>
          </Glyph>
          <Glyph id="w24150g7">
            <Coords points="456,434 459,434 459,481 456,481"/>
            <TextEquiv index="1" conf="0.9985527247190475">
              <Unicode>,</Unicode>
            </TextEquiv>
          </Glyph>
          <TextEquiv index="1" conf="0.9687643506622756">
            <Unicode>ſimilis,</Unicode>
          </TextEquiv>
        </Word>
        <Word id="w24151">
          <Coords points="489,434 507,434 507,481 489,481"/>
          <Glyph id="w24151g0">
            <Coords points="489,434 507,434 507,481 489,481"/>
            <TextEquiv index="1" conf="0.9995277225971222">
              <Unicode>&amp;</Unicode>
            </TextEquiv>
          </Glyph>
          <TextEquiv index="1" conf="0.9995277225971222">
            <Unicode>&amp;</Unicode>
          </TextEquiv>
        </Word>
        <Word id="w24152">
          <Coords points="525,434 569,434 569,481 525,481"/>
          <Glyph id="w24152g0">
            <Coords points="525,434 529,434 529,481 525,481"/>
            <TextEquiv index="1" conf="0.9921640157699585">
              <Unicode>t</Unicode>
            </TextEquiv>
          </Glyph>
          <Glyph id="w24152g1">
            <Coords points="540,434 540,434 540,481 540,481"/>
            <TextEquiv index="1" conf="0.9999933838844299">
              <Unicode>e</Unicode>
            </TextEquiv>
          </Glyph>
          <Glyph id="w24152g2">
            <Coords points="551,434 554,434 554,481 551,481"/>
            <TextEquiv index="1" conf="0.9996488243341446">
              <Unicode>r</Unicode>
            </TextEquiv>
          </Glyph>
          <Glyph id="w24152g3">
            <Coords points="565,434 569,434 569,481 565,481"/>
            <TextEquiv index="1" conf="0.8977636098861694">
              <Unicode>,</Unicode>
            </TextEquiv>
          </Glyph>
          <TextEquiv index="1" conf="0.8904100550406764">
            <Unicode>ter,</Unicode>
          </TextEquiv>
        </Word>
        <Word id="w24153">
          <Coords points="598,434 722,434 722,481 598,481"/>
          <Glyph id="w24153g0">
            <Coords points="598,434 602,434 602,481 598,481"/>
            <TextEquiv index="1" conf="0.9957092702388763">
              <Unicode>q</Unicode>
            </TextEquiv>
          </Glyph>
          <Glyph id="w24153g1">
            <Coords points="613,434 616,434 616,481 613,481"/>
            <TextEquiv index="1" conf="0.991631954908371">
              <Unicode>u</Unicode>
            </TextEquiv>
          </Glyph>
          <Glyph id="w24153g2">
            <Coords points="627,434 631,434 631,481 627,481"/>
            <TextEquiv index="1" conf="0.9928280264139175">
              <Unicode>a</Unicode>
            </TextEquiv>
          </Glyph>
          <Glyph id="w24153g3">
            <Coords points="646,434 646,434 646,481 646,481"/>
            <TextEquiv index="1" conf="0.9996562451124191">
              <Unicode>t</Unicode>
            </TextEquiv>
          </Glyph>
          <Glyph id="w24153g4">
            <Coords points="657,434 660,434 660,481 657,481"/>
            <TextEquiv index="1" conf="0.9999578297138214">
              <Unicode>e</Unicode>
            </TextEquiv>
          </Glyph>
          <Glyph id="w24153g5">
            <Coords points="668,434 671,434 671,481 668,481"/>
            <TextEquiv index="1" conf="0.9999774992465973">
              <Unicode>r</Unicode>
            </TextEquiv>
          </Glyph>
          <Glyph id="w24153g6">
            <Coords points="682,434 690,434 690,481 682,481"/>
            <TextEquiv index="1" conf="0.9997351914644241">
              <Unicode>q</Unicode>
            </TextEquiv>
          </Glyph>
          <Glyph id="w24153g7">
            <Coords points="697,434 701,434 701,481 697,481"/>
            <TextEquiv index="1" conf="0.9994767755270004">
              <Unicode>u</Unicode>
            </TextEquiv>
          </Glyph>
          <Glyph id="w24153g8">
            <Coords points="719,434 722,434 722,481 719,481"/>
            <TextEquiv index="1" conf="0.9954699724912643">
              <Unicode>e</Unicode>
            </TextEquiv>
          </Glyph>
          <TextEquiv index="1" conf="0.9746878225367576">
            <Unicode>quaterque</Unicode>
          </TextEquiv>
        </Word>
        <Word id="w24154">
          <Coords points="737,434 796,434 796,481 737,481"/>
          <Glyph id="w24154g0">
            <Coords points="737,434 741,434 741,481 737,481"/>
            <TextEquiv index="1" conf="0.988726869225502">
              <Unicode>l</Unicode>
            </TextEquiv>
          </Glyph>
          <Glyph id="w24154g1">
            <Coords points="752,434 752,434 752,481 752,481"/>
            <TextEquiv index="1" conf="0.9999661445617676">
              <Unicode>e</Unicode>
            </TextEquiv>
          </Glyph>
          <Glyph id="w24154g2">
            <Coords points="766,434 766,434 766,481 766,481"/>
            <TextEquiv index="1" conf="0.9999638497829437">
              <Unicode>c</Unicode>
            </TextEquiv>
          </Glyph>
          <Glyph id="w24154g3">
            <Coords points="777,434 777,434 777,481 777,481"/>
            <TextEquiv index="1" conf="0.9999655187129974">
              <Unicode>t</Unicode>
            </TextEquiv>
          </Glyph>
          <Glyph id="w24154g4">
            <Coords points="792,434 796,434 796,481 792,481"/>
            <TextEquiv index="1" conf="0.9993238002061844">
              <Unicode>o</Unicode>
            </TextEquiv>
          </Glyph>
          <TextEquiv index="1" conf="0.9879550567249054">
            <Unicode>lecto</Unicode>
          </TextEquiv>
        </Word>
        <Word id="w24155">
          <Coords points="818,434 909,434 909,481 818,481"/>
          <Glyph id="w24155g0">
            <Coords points="818,434 818,434 818,481 818,481"/>
            <TextEquiv index="1" conf="0.9999819993972778">
              <Unicode>r</Unicode>
            </TextEquiv>
          </Glyph>
          <Glyph id="w24155g1">
            <Coords points="832,434 836,434 836,481 832,481"/>
            <TextEquiv index="1" conf="0.9999696910381317">
              <Unicode>e</Unicode>
            </TextEquiv>
          </Glyph>
          <Glyph id="w24155g2">
            <Coords points="847,434 850,434 850,481 847,481"/>
            <TextEquiv index="1" conf="0.9962156862020493">
              <Unicode>v</Unicode>
            </TextEquiv>
          </Glyph>
          <Glyph id="w24155g3">
            <Coords points="865,434 869,434 869,481 865,481"/>
            <TextEquiv index="1" conf="0.9993565231561661">
              <Unicode>o</Unicode>
            </TextEquiv>
          </Glyph>
          <Glyph id="w24155g4">
            <Coords points="880,434 880,434 880,481 880,481"/>
            <TextEquiv index="1" conf="0.999325305223465">
              <Unicode>l</Unicode>
            </TextEquiv>
          </Glyph>
          <Glyph id="w24155g5">
            <Coords points="891,434 891,434 891,481 891,481"/>
            <TextEquiv index="1" conf="0.9990615993738174">
              <Unicode>u</Unicode>
            </TextEquiv>
          </Glyph>
          <Glyph id="w24155g6">
            <Coords points="905,434 909,434 909,481 905,481"/>
            <TextEquiv index="1" conf="0.9994653463363647">
              <Unicode>-</Unicode>
            </TextEquiv>
          </Glyph>
          <TextEquiv index="1" conf="0.993389896579388">
            <Unicode>revolu-</Unicode>
          </TextEquiv>
        </Word>
        <TextEquiv index="1" conf="0.991178731907878">
          <Unicode>me vocat ſurgenti ſimilis, &amp; ter, quaterque lecto revolu-</Unicode>
        </TextEquiv>
      </TextLine>
      <TextLine id="r0_l013">
        <Coords points="101,500 984,523 985,491 102,468 101,500"/>
        <Word id="w24156">
          <Coords points="105,468 137,468 137,523 105,523"/>
          <Glyph id="w24156g0">
            <Coords points="105,468 105,468 105,523 105,523"/>
            <TextEquiv index="1" conf="0.9926735460758209">
              <Unicode>t</Unicode>
            </TextEquiv>
          </Glyph>
          <Glyph id="w24156g1">
            <Coords points="116,468 119,468 119,523 116,523"/>
            <TextEquiv index="1" conf="0.9997078478336334">
              <Unicode>u</Unicode>
            </TextEquiv>
          </Glyph>
          <Glyph id="w24156g2">
            <Coords points="133,468 137,468 137,523 133,523"/>
            <TextEquiv index="1" conf="0.9999896585941315">
              <Unicode>s</Unicode>
            </TextEquiv>
          </Glyph>
          <TextEquiv index="1" conf="0.9923732717079341">
            <Unicode>tus</Unicode>
          </TextEquiv>
        </Word>
        <Word id="w24157">
          <Coords points="158,468 228,468 228,523 158,523"/>
          <Glyph id="w24157g0">
            <Coords points="158,468 158,468 158,523 158,523"/>
            <TextEquiv index="1" conf="0.8822335004806519">
              <Unicode>c</Unicode>
            </TextEquiv>
          </Glyph>
          <Glyph id="w24157g1">
            <Coords points="165,468 168,468 168,523 165,523"/>
            <TextEquiv index="1" conf="0.9998421669006348">
              <Unicode>a</Unicode>
            </TextEquiv>
          </Glyph>
          <Glyph id="w24157g2">
            <Coords points="189,468 193,468 193,523 189,523"/>
            <TextEquiv index="1" conf="0.9999098926782608">
              <Unicode>d</Unicode>
            </TextEquiv>
          </Glyph>
          <Glyph id="w24157g3">
            <Coords points="200,468 203,468 203,523 200,523"/>
            <TextEquiv index="1" conf="0.9998357892036438">
              <Unicode>i</Unicode>
            </TextEquiv>
          </Glyph>
          <Glyph id="w24157g4">
            <Coords points="210,468 214,468 214,523 210,523"/>
            <TextEquiv index="1" conf="0.99711112678051">
              <Unicode>t</Unicode>
            </TextEquiv>
          </Glyph>
          <Glyph id="w24157g5">
            <Coords points="224,468 228,468 228,523 224,523"/>
            <TextEquiv index="1" conf="0.8468865603208542">
              <Unicode>;</Unicode>
            </TextEquiv>
          </Glyph>
          <TextEquiv index="1" conf="0.7446862591434658">
            <Unicode>cadit;</Unicode>
          </TextEquiv>
        </Word>
        <Word id="w24158">
          <Coords points="249,468 270,468 270,523 249,523"/>
          <Glyph id="w24158g0">
            <Coords points="249,468 252,468 252,523 249,523"/>
            <TextEquiv index="1" conf="0.9814685881137848">
              <Unicode>a</Unicode>
            </TextEquiv>
          </Glyph>
          <Glyph id="w24158g1">
            <Coords points="270,468 270,468 270,523 270,523"/>
            <TextEquiv index="1" conf="0.8245620280504227">
              <Unicode>c</Unicode>
            </TextEquiv>
          </Glyph>
          <TextEquiv index="1" conf="0.8092817294828873">
            <Unicode>ac</Unicode>
          </TextEquiv>
        </Word>
        <Word id="w24159">
          <Coords points="291,468 385,468 385,523 291,523"/>
          <Glyph id="w24159g0">
            <Coords points="291,468 294,468 294,523 291,523"/>
            <TextEquiv index="1" conf="0.9998531937599182">
              <Unicode>t</Unicode>
            </TextEquiv>
          </Glyph>
          <Glyph id="w24159g1">
            <Coords points="301,468 305,468 305,523 301,523"/>
            <TextEquiv index="1" conf="0.9992931336164474">
              <Unicode>a</Unicode>
            </TextEquiv>
          </Glyph>
          <Glyph id="w24159g2">
            <Coords points="315,468 319,468 319,523 315,523"/>
            <TextEquiv index="1" conf="0.9984374791383743">
              <Unicode>n</Unicode>
            </TextEquiv>
          </Glyph>
          <Glyph id="w24159g3">
            <Coords points="340,468 343,468 343,523 340,523"/>
            <TextEquiv index="1" conf="0.9998567402362823">
              <Unicode>d</Unicode>
            </TextEquiv>
          </Glyph>
          <Glyph id="w24159g4">
            <Coords points="354,468 354,468 354,523 354,523"/>
            <TextEquiv index="1" conf="0.9997724890708923">
              <Unicode>i</Unicode>
            </TextEquiv>
          </Glyph>
          <Glyph id="w24159g5">
            <Coords points="364,468 364,468 364,523 364,523"/>
            <TextEquiv index="1" conf="0.9766231179237366">
              <Unicode>u</Unicode>
            </TextEquiv>
          </Glyph>
          <Glyph id="w24159g6">
            <Coords points="385,468 385,468 385,523 385,523"/>
            <TextEquiv index="1" conf="0.9983424991369247">
              <Unicode>,</Unicode>
            </TextEquiv>
          </Glyph>
          <TextEquiv index="1" conf="0.9722893682300987">
            <Unicode>tandiu,</Unicode>
          </TextEquiv>
        </Word>
        <Word id="w24160">
          <Coords points="413,468 476,468 476,523 413,523"/>
          <Glyph id="w24160g0">
            <Coords points="413,468 416,468 416,523 413,523"/>
            <TextEquiv index="1" conf="0.9990412294864655">
              <Unicode>n</Unicode>
            </TextEquiv>
          </Glyph>
          <Glyph id="w24160g1">
            <Coords points="434,468 434,468 434,523 434,523"/>
            <TextEquiv index="1" conf="0.9996908754110336">
              <Unicode>u</Unicode>
            </TextEquiv>
          </Glyph>
          <Glyph id="w24160g2">
            <Coords points="451,468 451,468 451,523 451,523"/>
            <TextEquiv index="1" conf="0.9998957961797714">
              <Unicode>n</Unicode>
            </TextEquiv>
          </Glyph>
          <Glyph id="w24160g3">
            <Coords points="472,468 476,468 476,523 472,523"/>
            <TextEquiv index="1" conf="0.6640948504209518">
              <Unicode>e</Unicode>
            </TextEquiv>
          </Glyph>
          <TextEquiv index="1" conf="0.6631839311356046">
            <Unicode>nune</Unicode>
          </TextEquiv>
        </Word>
        <Word id="w24161">
          <Coords points="493,468 507,468 507,523 493,523"/>
          <Glyph id="w24161g0">
            <Coords points="493,468 493,468 493,523 493,523"/>
            <TextEquiv index="1" conf="0.9989483505487442">
              <Unicode>i</Unicode>
            </TextEquiv>
          </Glyph>
          <Glyph id="w24161g1">
            <Coords points="504,468 507,468 507,523 504,523"/>
            <TextEquiv index="1" conf="0.9996545016765594">
              <Unicode>n</Unicode>
            </TextEquiv>
          </Glyph>
          <TextEquiv index="1" conf="0.9986032155684259">
            <Unicode>in</Unicode>
          </TextEquiv>
        </Word>
        <Word id="w24162">
          <Coords points="532,468 654,468 654,523 532,523"/>
          <Glyph id="w24162g0">
            <Coords points="532,468 539,468 539,523 532,523"/>
            <TextEquiv index="1" conf="0.9996651262044907">
              <Unicode>d</Unicode>
            </TextEquiv>
          </Glyph>
          <Glyph id="w24162g1">
            <Coords points="549,468 549,468 549,523 549,523"/>
            <TextEquiv index="1" conf="0.9999875426292419">
              <Unicode>e</Unicode>
            </TextEquiv>
          </Glyph>
          <Glyph id="w24162g2">
            <Coords points="563,468 567,468 567,523 563,523"/>
            <TextEquiv index="1" conf="0.996609628200531">
              <Unicode>x</Unicode>
            </TextEquiv>
          </Glyph>
          <Glyph id="w24162g3">
            <Coords points="577,468 577,468 577,523 577,523"/>
            <TextEquiv index="1" conf="0.9999240338802338">
              <Unicode>t</Unicode>
            </TextEquiv>
          </Glyph>
          <Glyph id="w24162g4">
            <Coords points="588,468 591,468 591,523 588,523"/>
            <TextEquiv index="1" conf="0.9999526739120483">
              <Unicode>r</Unicode>
            </TextEquiv>
          </Glyph>
          <Glyph id="w24162g5">
            <Coords points="602,468 605,468 605,523 602,523"/>
            <TextEquiv index="1" conf="0.9999604523181915">
              <Unicode>u</Unicode>
            </TextEquiv>
          </Glyph>
          <Glyph id="w24162g6">
            <Coords points="626,468 630,468 630,523 626,523"/>
            <TextEquiv index="1" conf="0.999736413359642">
              <Unicode>m</Unicode>
            </TextEquiv>
          </Glyph>
          <Glyph id="w24162g7">
            <Coords points="651,468 654,468 654,523 651,523"/>
            <TextEquiv index="1" conf="0.8745369464159012">
              <Unicode>,</Unicode>
            </TextEquiv>
          </Glyph>
          <TextEquiv index="1" conf="0.870897733017518">
            <Unicode>dextrum,</Unicode>
          </TextEquiv>
        </Word>
        <Word id="w24163">
          <Coords points="672,468 731,468 731,523 672,523"/>
          <Glyph id="w24163g0">
            <Coords points="672,468 672,468 672,523 672,523"/>
            <TextEquiv index="1" conf="0.9999014437198639">
              <Unicode>n</Unicode>
            </TextEquiv>
          </Glyph>
          <Glyph id="w24163g1">
            <Coords points="689,468 693,468 693,523 689,523"/>
            <TextEquiv index="1" conf="0.9996716976165771">
              <Unicode>u</Unicode>
            </TextEquiv>
          </Glyph>
          <Glyph id="w24163g2">
            <Coords points="706,468 710,468 710,523 706,523"/>
            <TextEquiv index="1" conf="0.9995879530906677">
              <Unicode>n</Unicode>
            </TextEquiv>
          </Glyph>
          <Glyph id="w24163g3">
            <Coords points="727,468 731,468 731,523 727,523"/>
            <TextEquiv index="1" conf="0.6760705783963203">
              <Unicode>e</Unicode>
            </TextEquiv>
          </Glyph>
          <TextEquiv index="1" conf="0.6755035597977487">
            <Unicode>nune</Unicode>
          </TextEquiv>
        </Word>
        <Word id="w24164">
          <Coords points="748,468 762,468 762,523 748,523"/>
          <Glyph id="w24164g0">
            <Coords points="748,468 748,468 748,523 748,523"/>
            <TextEquiv index="1" conf="0.9994520843029022">
              <Unicode>i</Unicode>
            </TextEquiv>
          </Glyph>
          <Glyph id="w24164g1">
            <Coords points="759,468 762,468 762,523 759,523"/>
            <TextEquiv index="1" conf="0.9998339414596558">
              <Unicode>n</Unicode>
            </TextEquiv>
          </Glyph>
          <TextEquiv index="1" conf="0.9992861167486389">
            <Unicode>in</Unicode>
          </TextEquiv>
        </Word>
        <Word id="w24165">
          <Coords points="787,468 902,468 902,523 787,523"/>
          <Glyph id="w24165g0">
            <Coords points="787,468 790,468 790,523 787,523"/>
            <TextEquiv index="1" conf="0.9519133269786835">
              <Unicode>ſ</Unicode>
            </TextEquiv>
          </Glyph>
          <Glyph id="w24165g1">
            <Coords points="797,468 801,468 801,523 797,523"/>
            <TextEquiv index="1" conf="0.9979222863912582">
              <Unicode>i</Unicode>
            </TextEquiv>
          </Glyph>
          <Glyph id="w24165g2">
            <Coords points="808,468 811,468 811,523 808,523"/>
            <TextEquiv index="1" conf="0.9993633478879929">
              <Unicode>n</Unicode>
            </TextEquiv>
          </Glyph>
          <Glyph id="w24165g3">
            <Coords points="825,468 829,468 829,523 825,523"/>
            <TextEquiv index="1" conf="0.9973519891500473">
              <Unicode>i</Unicode>
            </TextEquiv>
          </Glyph>
          <Glyph id="w24165g4">
            <Coords points="836,468 839,468 839,523 836,523"/>
            <TextEquiv index="1" conf="0.998245507478714">
              <Unicode>ſ</Unicode>
            </TextEquiv>
          </Glyph>
          <Glyph id="w24165g5">
            <Coords points="846,468 850,468 850,523 846,523"/>
            <TextEquiv index="1" conf="0.9999329000711441">
              <Unicode>t</Unicode>
            </TextEquiv>
          </Glyph>
          <Glyph id="w24165g6">
            <Coords points="860,468 864,468 864,523 860,523"/>
            <TextEquiv index="1" conf="0.9975038021802902">
              <Unicode>r</Unicode>
            </TextEquiv>
          </Glyph>
          <Glyph id="w24165g7">
            <Coords points="871,468 874,468 874,523 871,523"/>
            <TextEquiv index="1" conf="0.9996809363365173">
              <Unicode>u</Unicode>
            </TextEquiv>
          </Glyph>
          <Glyph id="w24165g8">
            <Coords points="899,468 902,468 902,523 899,523"/>
            <TextEquiv index="1" conf="0.9966779500246048">
              <Unicode>m</Unicode>
            </TextEquiv>
          </Glyph>
          <TextEquiv index="1" conf="0.9393015673751082">
            <Unicode>ſiniſtrum</Unicode>
          </TextEquiv>
        </Word>
        <TextEquiv index="1" conf="0.9752419129280108">
          <Unicode>tus cadit; ac tandiu, nune in dextrum, nune in ſiniſtrum</Unicode>
        </TextEquiv>
      </TextLine>
      <TextLine id="r0_l014">
        <Coords points="62,539 918,561 919,526 63,504 62,539"/>
        <Word id="w24166">
          <Coords points="108,504 163,504 163,561 108,561"/>
          <Glyph id="w24166g0">
            <Coords points="108,504 108,504 108,561 108,561"/>
            <TextEquiv index="1" conf="0.9615852683782578">
              <Unicode>l</Unicode>
            </TextEquiv>
          </Glyph>
          <Glyph id="w24166g1">
            <Coords points="115,504 119,504 119,561 115,561"/>
            <TextEquiv index="1" conf="0.9997654855251312">
              <Unicode>a</Unicode>
            </TextEquiv>
          </Glyph>
          <Glyph id="w24166g2">
            <Coords points="130,504 134,504 134,561 130,561"/>
            <TextEquiv index="1" conf="0.9999955296516418">
              <Unicode>t</Unicode>
            </TextEquiv>
          </Glyph>
          <Glyph id="w24166g3">
            <Coords points="141,504 145,504 145,561 141,561"/>
            <TextEquiv index="1" conf="0.9999382197856903">
              <Unicode>u</Unicode>
            </TextEquiv>
          </Glyph>
          <Glyph id="w24166g4">
            <Coords points="159,504 163,504 163,561 159,561"/>
            <TextEquiv index="1" conf="0.999836653470993">
              <Unicode>s</Unicode>
            </TextEquiv>
          </Glyph>
          <TextEquiv index="1" conf="0.9611390479775367">
            <Unicode>latus</Unicode>
          </TextEquiv>
        </Word>
        <Word id="w24167">
          <Coords points="185,504 299,504 299,561 185,561"/>
          <Glyph id="w24167g0">
            <Coords points="185,504 189,504 189,561 185,561"/>
            <TextEquiv index="1" conf="0.9961429387331009">
              <Unicode>r</Unicode>
            </TextEquiv>
          </Glyph>
          <Glyph id="w24167g1">
            <Coords points="200,504 203,504 203,561 200,561"/>
            <TextEquiv index="1" conf="0.9999719262123108">
              <Unicode>e</Unicode>
            </TextEquiv>
          </Glyph>
          <Glyph id="w24167g2">
            <Coords points="218,504 218,504 218,561 218,561"/>
            <TextEquiv index="1" conf="0.9788583666086197">
              <Unicode>c</Unicode>
            </TextEquiv>
          </Glyph>
          <Glyph id="w24167g3">
            <Coords points="225,504 229,504 229,561 225,561"/>
            <TextEquiv index="1" conf="0.9993611872196198">
              <Unicode>u</Unicode>
            </TextEquiv>
          </Glyph>
          <Glyph id="w24167g4">
            <Coords points="244,504 244,504 244,561 244,561"/>
            <TextEquiv index="1" conf="0.8983474522829056">
              <Unicode>b</Unicode>
            </TextEquiv>
          </Glyph>
          <Glyph id="w24167g5">
            <Coords points="258,504 262,504 262,561 258,561"/>
            <TextEquiv index="1" conf="0.9938771426677704">
              <Unicode>a</Unicode>
            </TextEquiv>
          </Glyph>
          <Glyph id="w24167g6">
            <Coords points="277,504 280,504 280,561 277,561"/>
            <TextEquiv index="1" conf="0.9999681711196899">
              <Unicode>t</Unicode>
            </TextEquiv>
          </Glyph>
          <Glyph id="w24167g7">
            <Coords points="295,504 299,504 299,561 295,561"/>
            <TextEquiv index="1" conf="0.9973956197500229">
              <Unicode>,</Unicode>
            </TextEquiv>
          </Glyph>
          <TextEquiv index="1" conf="0.8677257401324046">
            <Unicode>recubat,</Unicode>
          </TextEquiv>
        </Word>
        <Word id="w24168">
          <Coords points="343,504 412,504 412,561 343,561"/>
          <Glyph id="w24168g0">
            <Coords points="343,504 343,504 343,561 343,561"/>
            <TextEquiv index="1" conf="0.9993897974491119">
              <Unicode>d</Unicode>
            </TextEquiv>
          </Glyph>
          <Glyph id="w24168g1">
            <Coords points="357,504 365,504 365,561 357,561"/>
            <TextEquiv index="1" conf="0.9999748468399048">
              <Unicode>o</Unicode>
            </TextEquiv>
          </Glyph>
          <Glyph id="w24168g2">
            <Coords points="372,504 376,504 376,561 372,561"/>
            <TextEquiv index="1" conf="0.9999190419912338">
              <Unicode>n</Unicode>
            </TextEquiv>
          </Glyph>
          <Glyph id="w24168g3">
            <Coords points="394,504 398,504 398,561 394,561"/>
            <TextEquiv index="1" conf="0.9999902546405792">
              <Unicode>e</Unicode>
            </TextEquiv>
          </Glyph>
          <Glyph id="w24168g4">
            <Coords points="409,504 412,504 412,561 409,561"/>
            <TextEquiv index="1" conf="0.7053996473550797">
              <Unicode>c</Unicode>
            </TextEquiv>
          </Glyph>
          <TextEquiv index="1" conf="0.7048875375701241">
            <Unicode>donec</Unicode>
          </TextEquiv>
        </Word>
        <Word id="w24169">
          <Coords points="434,504 475,504 475,561 434,561"/>
          <Glyph id="w24169g0">
            <Coords points="434,504 438,504 438,561 434,561"/>
            <TextEquiv index="1" conf="0.997029185295105">
              <Unicode>i</Unicode>
            </TextEquiv>
          </Glyph>
          <Glyph id="w24169g1">
            <Coords points="445,504 449,504 449,561 445,561"/>
            <TextEquiv index="1" conf="0.998032957315445">
              <Unicode>p</Unicode>
            </TextEquiv>
          </Glyph>
          <Glyph id="w24169g2">
            <Coords points="464,504 464,504 464,561 464,561"/>
            <TextEquiv index="1" conf="0.9983742535114288">
              <Unicode>ſ</Unicode>
            </TextEquiv>
          </Glyph>
          <Glyph id="w24169g3">
            <Coords points="471,504 475,504 475,561 471,561"/>
            <TextEquiv index="1" conf="0.9948243647813797">
              <Unicode>a</Unicode>
            </TextEquiv>
          </Glyph>
          <TextEquiv index="1" conf="0.9883085219017307">
            <Unicode>ipſa</Unicode>
          </TextEquiv>
        </Word>
        <Word id="w24170">
          <Coords points="511,504 651,504 651,561 511,561"/>
          <Glyph id="w24170g0">
            <Coords points="511,504 515,504 515,561 511,561"/>
            <TextEquiv index="1" conf="0.9995459616184235">
              <Unicode>d</Unicode>
            </TextEquiv>
          </Glyph>
          <Glyph id="w24170g1">
            <Coords points="526,504 530,504 530,561 526,561"/>
            <TextEquiv index="1" conf="0.9999588429927826">
              <Unicode>o</Unicode>
            </TextEquiv>
          </Glyph>
          <Glyph id="w24170g2">
            <Coords points="544,504 544,504 544,561 544,561"/>
            <TextEquiv index="1" conf="0.9998948723077774">
              <Unicode>r</Unicode>
            </TextEquiv>
          </Glyph>
          <Glyph id="w24170g3">
            <Coords points="563,504 566,504 566,561 563,561"/>
            <TextEquiv index="1" conf="0.9999123960733414">
              <Unicode>m</Unicode>
            </TextEquiv>
          </Glyph>
          <Glyph id="w24170g4">
            <Coords points="581,504 581,504 581,561 581,561"/>
            <TextEquiv index="1" conf="0.9996674954891205">
              <Unicode>i</Unicode>
            </TextEquiv>
          </Glyph>
          <Glyph id="w24170g5">
            <Coords points="596,504 596,504 596,561 596,561"/>
            <TextEquiv index="1" conf="0.9999922215938568">
              <Unicode>e</Unicode>
            </TextEquiv>
          </Glyph>
          <Glyph id="w24170g6">
            <Coords points="607,504 607,504 607,561 607,561"/>
            <TextEquiv index="1" conf="0.9999333769083023">
              <Unicode>n</Unicode>
            </TextEquiv>
          </Glyph>
          <Glyph id="w24170g7">
            <Coords points="629,504 632,504 632,561 629,561"/>
            <TextEquiv index="1" conf="0.9996157288551331">
              <Unicode>d</Unicode>
            </TextEquiv>
          </Glyph>
          <Glyph id="w24170g8">
            <Coords points="647,504 651,504 651,561 647,561"/>
            <TextEquiv index="1" conf="0.9994333237409592">
              <Unicode>o</Unicode>
            </TextEquiv>
          </Glyph>
          <TextEquiv index="1" conf="0.9979559062589761">
            <Unicode>dormiendo</Unicode>
          </TextEquiv>
        </Word>
        <Word id="w24171">
          <Coords points="680,504 794,504 794,561 680,561"/>
          <Glyph id="w24171g0">
            <Coords points="680,504 680,504 680,561 680,561"/>
            <TextEquiv index="1" conf="0.8628904968500137">
              <Unicode>f</Unicode>
            </TextEquiv>
          </Glyph>
          <Glyph id="w24171g1">
            <Coords points="687,504 691,504 691,561 687,561"/>
            <TextEquiv index="1" conf="0.9986469447612762">
              <Unicode>a</Unicode>
            </TextEquiv>
          </Glyph>
          <Glyph id="w24171g2">
            <Coords points="702,504 706,504 706,561 702,561"/>
            <TextEquiv index="1" conf="0.9875433892011642">
              <Unicode>t</Unicode>
            </TextEquiv>
          </Glyph>
          <Glyph id="w24171g3">
            <Coords points="713,504 713,504 713,561 713,561"/>
            <TextEquiv index="1" conf="0.999284029006958">
              <Unicode>i</Unicode>
            </TextEquiv>
          </Glyph>
          <Glyph id="w24171g4">
            <Coords points="728,504 731,504 731,561 728,561"/>
            <TextEquiv index="1" conf="0.9995910227298737">
              <Unicode>g</Unicode>
            </TextEquiv>
          </Glyph>
          <Glyph id="w24171g5">
            <Coords points="739,504 742,504 742,561 739,561"/>
            <TextEquiv index="1" conf="0.8544007837772369">
              <Unicode>a</Unicode>
            </TextEquiv>
          </Glyph>
          <Glyph id="w24171g6">
            <Coords points="753,504 757,504 757,561 753,561"/>
            <TextEquiv index="1" conf="0.9990702271461487">
              <Unicode>t</Unicode>
            </TextEquiv>
          </Glyph>
          <Glyph id="w24171g7">
            <Coords points="764,504 768,504 768,561 764,561"/>
            <TextEquiv index="1" conf="0.9983016699552536">
              <Unicode>u</Unicode>
            </TextEquiv>
          </Glyph>
          <Glyph id="w24171g8">
            <Coords points="794,504 794,504 794,561 794,561"/>
            <TextEquiv index="1" conf="0.9997010231018066">
              <Unicode>m</Unicode>
            </TextEquiv>
          </Glyph>
          <TextEquiv index="1" conf="0.7241436596596602">
            <Unicode>fatigatum</Unicode>
          </TextEquiv>
        </Word>
        <Word id="w24172">
          <Coords points="838,504 911,504 911,561 838,561"/>
          <Glyph id="w24172g0">
            <Coords points="838,504 838,504 838,561 838,561"/>
            <TextEquiv index="1" conf="0.8990445286035538">
              <Unicode>e</Unicode>
            </TextEquiv>
          </Glyph>
          <Glyph id="w24172g1">
            <Coords points="849,504 849,504 849,561 849,561"/>
            <TextEquiv index="1" conf="0.9797273874282837">
              <Unicode>j</Unicode>
            </TextEquiv>
          </Glyph>
          <Glyph id="w24172g2">
            <Coords points="860,504 860,504 860,561 860,561"/>
            <TextEquiv index="1" conf="0.9997770339250565">
              <Unicode>i</Unicode>
            </TextEquiv>
          </Glyph>
          <Glyph id="w24172g3">
            <Coords points="874,504 874,504 874,561 874,561"/>
            <TextEquiv index="1" conf="0.9178437143564224">
              <Unicode>c</Unicode>
            </TextEquiv>
          </Glyph>
          <Glyph id="w24172g4">
            <Coords points="882,504 885,504 885,561 882,561"/>
            <TextEquiv index="1" conf="0.9985817819833755">
              <Unicode>i</Unicode>
            </TextEquiv>
          </Glyph>
          <Glyph id="w24172g5">
            <Coords points="893,504 896,504 896,561 893,561"/>
            <TextEquiv index="1" conf="0.9111635088920593">
              <Unicode>a</Unicode>
            </TextEquiv>
          </Glyph>
          <Glyph id="w24172g6">
            <Coords points="907,504 911,504 911,561 907,561"/>
            <TextEquiv index="1" conf="0.9999110400676727">
              <Unicode>t</Unicode>
            </TextEquiv>
          </Glyph>
          <TextEquiv index="1" conf="0.735359429432422">
            <Unicode>ejiciat</Unicode>
          </TextEquiv>
        </Word>
        <TextEquiv index="1" conf="0.9794485923254265">
          <Unicode>latus recubat, donec ipſa dormiendo fatigatum ejiciat</Unicode>
        </TextEquiv>
      </TextLine>
      <TextLine id="r0_l015">
        <Coords points="607,592 607,591 607,590 608,590 663,591 665,589 788,592 789,586 789,585 812,586 813,585 822,585 823,584 911,587 912,586 913,586 914,585 914,582 912,581 911,581 911,580 911,577 910,577 905,577 905,576 905,564 864,562 862,560 861,561 860,561 859,562 231,546 230,545 141,543 140,543 140,550 104,550 103,550 103,551 102,552 102,553 101,554 101,556 100,557 100,561 103,565 106,565 107,565 107,573 108,575 260,579 261,579 260,581 261,582 262,581 506,587 507,588 605,591 606,592 607,592"/>
        <Word id="w24173">
          <Coords points="108,543 174,543 174,592 108,592"/>
          <Glyph id="w24173g0">
            <Coords points="108,543 115,543 115,592 108,592"/>
            <TextEquiv index="1" conf="0.9990754723548889">
              <Unicode>q</Unicode>
            </TextEquiv>
          </Glyph>
          <Glyph id="w24173g1">
            <Coords points="122,543 125,543 125,592 122,592"/>
            <TextEquiv index="1" conf="0.99831622838974">
              <Unicode>u</Unicode>
            </TextEquiv>
          </Glyph>
          <Glyph id="w24173g2">
            <Coords points="139,543 143,543 143,592 139,592"/>
            <TextEquiv index="1" conf="0.9994312077760696">
              <Unicode>i</Unicode>
            </TextEquiv>
          </Glyph>
          <Glyph id="w24173g3">
            <Coords points="153,543 153,543 153,592 153,592"/>
            <TextEquiv index="1" conf="0.9980795234441757">
              <Unicode>e</Unicode>
            </TextEquiv>
          </Glyph>
          <Glyph id="w24173g4">
            <Coords points="164,543 167,543 167,592 164,592"/>
            <TextEquiv index="1" conf="0.9998041540384293">
              <Unicode>s</Unicode>
            </TextEquiv>
          </Glyph>
          <Glyph id="w24173g5">
            <Coords points="174,543 174,543 174,592 174,592"/>
            <TextEquiv index="1" conf="0.9982202351093292">
              <Unicode>.</Unicode>
            </TextEquiv>
          </Glyph>
          <TextEquiv index="1" conf="0.99294635574307">
            <Unicode>quies.</Unicode>
          </TextEquiv>
        </Word>
        <Word id="w24174">
          <Coords points="223,543 237,543 237,592 223,592"/>
          <Glyph id="w24174g0">
            <Coords points="223,543 226,543 226,592 223,592"/>
            <TextEquiv index="1" conf="0.9311694204807281">
              <Unicode>E</Unicode>
            </TextEquiv>
          </Glyph>
          <Glyph id="w24174g1">
            <Coords points="237,543 237,543 237,592 237,592"/>
            <TextEquiv index="1" conf="0.9601567685604095">
              <Unicode>n</Unicode>
            </TextEquiv>
          </Glyph>
          <TextEquiv index="1" conf="0.8940686217510452">
            <Unicode>En</Unicode>
          </TextEquiv>
        </Word>
        <Word id="w24175">
          <Coords points="272,543 380,543 380,592 272,592"/>
          <Glyph id="w24175g0">
            <Coords points="272,543 272,543 272,592 272,592"/>
            <TextEquiv index="1" conf="0.9999595880508423">
              <Unicode>t</Unicode>
            </TextEquiv>
          </Glyph>
          <Glyph id="w24175g1">
            <Coords points="279,543 282,543 282,592 279,592"/>
            <TextEquiv index="1" conf="0.9997051358222961">
              <Unicode>i</Unicode>
            </TextEquiv>
          </Glyph>
          <Glyph id="w24175g2">
            <Coords points="293,543 293,543 293,592 293,592"/>
            <TextEquiv index="1" conf="0.9999475479125977">
              <Unicode>n</Unicode>
            </TextEquiv>
          </Glyph>
          <Glyph id="w24175g3">
            <Coords points="310,543 314,543 314,592 310,592"/>
            <TextEquiv index="1" conf="0.9987794905900955">
              <Unicode>n</Unicode>
            </TextEquiv>
          </Glyph>
          <Glyph id="w24175g4">
            <Coords points="328,543 331,543 331,592 328,592"/>
            <TextEquiv index="1" conf="0.9986302405595779">
              <Unicode>i</Unicode>
            </TextEquiv>
          </Glyph>
          <Glyph id="w24175g5">
            <Coords points="338,543 342,543 342,592 338,592"/>
            <TextEquiv index="1" conf="0.9999717175960541">
              <Unicode>t</Unicode>
            </TextEquiv>
          </Glyph>
          <Glyph id="w24175g6">
            <Coords points="352,543 352,543 352,592 352,592"/>
            <TextEquiv index="1" conf="0.9549092054367065">
              <Unicode>u</Unicode>
            </TextEquiv>
          </Glyph>
          <Glyph id="w24175g7">
            <Coords points="376,543 380,543 380,592 376,592"/>
            <TextEquiv index="1" conf="0.9998983889818192">
              <Unicode>m</Unicode>
            </TextEquiv>
          </Glyph>
          <TextEquiv index="1" conf="0.9519444069173308">
            <Unicode>tinnitum</Unicode>
          </TextEquiv>
        </Word>
        <Word id="w24176">
          <Coords points="411,543 492,543 492,592 411,592"/>
          <Glyph id="w24176g0">
            <Coords points="411,543 415,543 415,592 411,592"/>
            <TextEquiv index="1" conf="0.936753049492836">
              <Unicode>a</Unicode>
            </TextEquiv>
          </Glyph>
          <Glyph id="w24176g1">
            <Coords points="429,543 432,543 432,592 429,592"/>
            <TextEquiv index="1" conf="0.9993265867233276">
              <Unicode>u</Unicode>
            </TextEquiv>
          </Glyph>
          <Glyph id="w24176g2">
            <Coords points="453,543 457,543 457,592 453,592"/>
            <TextEquiv index="1" conf="0.9998875111341476">
              <Unicode>d</Unicode>
            </TextEquiv>
          </Glyph>
          <Glyph id="w24176g3">
            <Coords points="464,543 467,543 467,592 464,592"/>
            <TextEquiv index="1" conf="0.9997446984052658">
              <Unicode>i</Unicode>
            </TextEquiv>
          </Glyph>
          <Glyph id="w24176g4">
            <Coords points="478,543 485,543 485,592 478,592"/>
            <TextEquiv index="1" conf="0.9988594949245453">
              <Unicode>o</Unicode>
            </TextEquiv>
          </Glyph>
          <Glyph id="w24176g5">
            <Coords points="492,543 492,543 492,592 492,592"/>
            <TextEquiv index="1" conf="0.9983657449483871">
              <Unicode>.</Unicode>
            </TextEquiv>
          </Glyph>
          <TextEquiv index="1" conf="0.9331831424208924">
            <Unicode>audio.</Unicode>
          </TextEquiv>
        </Word>
        <Word id="w24177">
          <Coords points="540,543 638,543 638,592 540,592"/>
          <Glyph id="w24177g0">
            <Coords points="540,543 551,543 551,592 540,592"/>
            <TextEquiv index="1" conf="0.9230586290359497">
              <Unicode>A</Unicode>
            </TextEquiv>
          </Glyph>
          <Glyph id="w24177g1">
            <Coords points="561,543 565,543 565,592 561,592"/>
            <TextEquiv index="1" conf="0.9906197637319565">
              <Unicode>u</Unicode>
            </TextEquiv>
          </Glyph>
          <Glyph id="w24177g2">
            <Coords points="586,543 589,543 589,592 586,592"/>
            <TextEquiv index="1" conf="0.9993547201156616">
              <Unicode>d</Unicode>
            </TextEquiv>
          </Glyph>
          <Glyph id="w24177g3">
            <Coords points="596,543 600,543 600,592 596,592"/>
            <TextEquiv index="1" conf="0.9998218268156052">
              <Unicode>i</Unicode>
            </TextEquiv>
          </Glyph>
          <Glyph id="w24177g4">
            <Coords points="607,543 610,543 610,592 607,592"/>
            <TextEquiv index="1" conf="0.9545432925224304">
              <Unicode>t</Unicode>
            </TextEquiv>
          </Glyph>
          <Glyph id="w24177g5">
            <Coords points="617,543 621,543 621,592 617,592"/>
            <TextEquiv index="1" conf="0.9995806515216827">
              <Unicode>u</Unicode>
            </TextEquiv>
          </Glyph>
          <Glyph id="w24177g6">
            <Coords points="635,543 638,543 638,592 635,592"/>
            <TextEquiv index="1" conf="0.9255054146051407">
              <Unicode>r</Unicode>
            </TextEquiv>
          </Glyph>
          <TextEquiv index="1" conf="0.8068094782970328">
            <Unicode>Auditur</Unicode>
          </TextEquiv>
        </Word>
        <Word id="w24178">
          <Coords points="666,543 725,543 725,592 666,592"/>
          <Glyph id="w24178g0">
            <Coords points="666,543 666,543 666,592 666,592"/>
            <TextEquiv index="1" conf="0.9898232221603394">
              <Unicode>ſ</Unicode>
            </TextEquiv>
          </Glyph>
          <Glyph id="w24178g1">
            <Coords points="676,543 680,543 680,592 676,592"/>
            <TextEquiv index="1" conf="0.9920823872089386">
              <Unicode>o</Unicode>
            </TextEquiv>
          </Glyph>
          <Glyph id="w24178g2">
            <Coords points="687,543 690,543 690,592 687,592"/>
            <TextEquiv index="1" conf="0.9981452524662018">
              <Unicode>n</Unicode>
            </TextEquiv>
          </Glyph>
          <Glyph id="w24178g3">
            <Coords points="704,543 708,543 708,592 704,592"/>
            <TextEquiv index="1" conf="0.9967128485441208">
              <Unicode>u</Unicode>
            </TextEquiv>
          </Glyph>
          <Glyph id="w24178g4">
            <Coords points="722,543 725,543 725,592 722,592"/>
            <TextEquiv index="1" conf="0.9826192259788513">
              <Unicode>s</Unicode>
            </TextEquiv>
          </Glyph>
          <TextEquiv index="1" conf="0.959962874642622">
            <Unicode>ſonus</Unicode>
          </TextEquiv>
        </Word>
        <Word id="w24179">
          <Coords points="746,543 907,543 907,592 746,592"/>
          <Glyph id="w24179g0">
            <Coords points="746,543 750,543 750,592 746,592"/>
            <TextEquiv index="1" conf="0.8913495540618896">
              <Unicode>t</Unicode>
            </TextEquiv>
          </Glyph>
          <Glyph id="w24179g1">
            <Coords points="757,543 760,543 760,592 757,592"/>
            <TextEquiv index="1" conf="0.9996041655540466">
              <Unicode>i</Unicode>
            </TextEquiv>
          </Glyph>
          <Glyph id="w24179g2">
            <Coords points="767,543 767,543 767,592 767,592"/>
            <TextEquiv index="1" conf="0.9873444437980652">
              <Unicode>n</Unicode>
            </TextEquiv>
          </Glyph>
          <Glyph id="w24179g3">
            <Coords points="784,543 784,543 784,592 784,592"/>
            <TextEquiv index="1" conf="0.9987543672323227">
              <Unicode>t</Unicode>
            </TextEquiv>
          </Glyph>
          <Glyph id="w24179g4">
            <Coords points="795,543 795,543 795,592 795,592"/>
            <TextEquiv index="1" conf="0.9999791383743286">
              <Unicode>i</Unicode>
            </TextEquiv>
          </Glyph>
          <Glyph id="w24179g5">
            <Coords points="805,543 805,543 805,592 805,592"/>
            <TextEquiv index="1" conf="0.9985835999250412">
              <Unicode>n</Unicode>
            </TextEquiv>
          </Glyph>
          <Glyph id="w24179g6">
            <Coords points="819,543 823,543 823,592 819,592"/>
            <TextEquiv index="1" conf="0.9165357202291489">
              <Unicode>n</Unicode>
            </TextEquiv>
          </Glyph>
          <Glyph id="w24179g7">
            <Coords points="837,543 837,543 837,592 837,592"/>
            <TextEquiv index="1" conf="0.46865683794021606">
              <Unicode>a</Unicode>
            </TextEquiv>
          </Glyph>
          <Glyph id="w24179g8">
            <Coords points="854,543 854,543 854,592 854,592"/>
            <TextEquiv index="1" conf="0.99186210334301">
              <Unicode>b</Unicode>
            </TextEquiv>
          </Glyph>
          <Glyph id="w24179g9">
            <Coords points="868,543 868,543 868,592 868,592"/>
            <TextEquiv index="1" conf="0.9970611184835434">
              <Unicode>u</Unicode>
            </TextEquiv>
          </Glyph>
          <Glyph id="w24179g10">
            <Coords points="886,543 886,543 886,592 886,592"/>
            <TextEquiv index="1" conf="0.9270447194576263">
              <Unicode>l</Unicode>
            </TextEquiv>
          </Glyph>
          <Glyph id="w24179g11">
            <Coords points="896,543 896,543 896,592 896,592"/>
            <TextEquiv index="1" conf="0.9963623136281967">
              <Unicode>i</Unicode>
            </TextEquiv>
          </Glyph>
          <Glyph id="w24179g12">
            <Coords points="907,543 907,543 907,592 907,592"/>
            <TextEquiv index="1" conf="0.9893332421779633">
              <Unicode>.</Unicode>
            </TextEquiv>
          </Glyph>
          <TextEquiv index="1" conf="0.3405782157549512">
            <Unicode>tintinnabuli.</Unicode>
          </TextEquiv>
        </Word>
        <TextEquiv index="1" conf="0.9749733178683047">
          <Unicode>quies. En tinnitum audio. Auditur ſonus tintinnabuli.</Unicode>
        </TextEquiv>
      </TextLine>
      <TextLine id="r0_l016">
        <Coords points="798,637 798,636 799,622 819,622 820,621 912,624 913,623 913,618 911,616 911,615 909,614 902,613 902,601 901,599 899,599 897,601 897,607 872,607 871,606 837,605 836,604 836,598 833,598 832,598 832,605 832,606 817,605 816,606 791,606 790,605 790,598 789,596 772,596 770,598 770,605 706,603 705,603 705,595 705,594 677,594 676,595 674,594 673,595 673,603 640,603 639,602 636,601 635,602 611,602 610,601 610,597 608,595 608,593 607,592 605,592 604,592 604,601 604,602 568,601 567,600 567,599 559,598 558,598 558,594 557,592 539,592 538,591 500,590 499,591 498,591 494,594 494,605 493,606 492,606 492,608 491,609 462,608 462,607 462,600 461,599 459,599 457,597 451,597 450,596 450,591 449,590 449,589 413,588 412,588 412,595 412,596 375,595 374,594 374,591 373,591 372,591 372,594 372,595 369,594 368,595 335,595 334,594 267,592 266,591 266,587 262,583 262,582 260,582 259,583 258,583 258,585 258,586 225,585 224,584 224,582 223,581 221,581 220,581 220,582 219,583 219,589 219,590 192,589 191,588 190,588 189,589 157,588 156,587 126,586 125,586 125,581 124,579 103,579 102,578 101,579 100,580 100,602 101,603 119,604 120,605 121,604 183,606 184,606 184,612 185,614 193,614 194,613 194,607 202,607 203,606 275,608 276,609 326,610 327,611 343,612 344,612 344,618 344,619 349,619 350,620 352,620 353,620 353,612 353,611 388,612 389,613 389,619 390,620 391,620 393,622 402,622 404,621 404,620 406,618 406,614 406,613 444,614 445,614 461,614 553,616 554,617 556,617 557,616 590,617 591,618 593,618 594,617 664,619 665,618 704,619 705,620 706,619 796,622 797,622 796,636 797,637 798,637"/>
        <Word id="w24180">
          <Coords points="106,578 172,578 172,637 106,637"/>
          <Glyph id="w24180g0">
            <Coords points="106,578 122,578 122,637 106,637"/>
            <TextEquiv index="1" conf="0.98714978992939">
              <Unicode>N</Unicode>
            </TextEquiv>
          </Glyph>
          <Glyph id="w24180g1">
            <Coords points="129,578 133,578 133,637 129,637"/>
            <TextEquiv index="1" conf="0.9994373023509979">
              <Unicode>u</Unicode>
            </TextEquiv>
          </Glyph>
          <Glyph id="w24180g2">
            <Coords points="149,578 149,578 149,637 149,637"/>
            <TextEquiv index="1" conf="0.9984649568796158">
              <Unicode>n</Unicode>
            </TextEquiv>
          </Glyph>
          <Glyph id="w24180g3">
            <Coords points="172,578 172,578 172,637 172,637"/>
            <TextEquiv index="1" conf="0.9747090637683868">
              <Unicode>e</Unicode>
            </TextEquiv>
          </Glyph>
          <TextEquiv index="1" conf="0.9601662663574834">
            <Unicode>Nune</Unicode>
          </TextEquiv>
        </Word>
        <Word id="w24181">
          <Coords points="191,578 290,578 290,637 191,637"/>
          <Glyph id="w24181g0">
            <Coords points="191,578 191,578 191,637 191,637"/>
            <TextEquiv index="1" conf="0.998442143201828">
              <Unicode>p</Unicode>
            </TextEquiv>
          </Glyph>
          <Glyph id="w24181g1">
            <Coords points="210,578 214,578 214,637 210,637"/>
            <TextEquiv index="1" conf="0.9998333007097244">
              <Unicode>r</Unicode>
            </TextEquiv>
          </Glyph>
          <Glyph id="w24181g2">
            <Coords points="221,578 221,578 221,637 221,637"/>
            <TextEquiv index="1" conf="0.999895766377449">
              <Unicode>i</Unicode>
            </TextEquiv>
          </Glyph>
          <Glyph id="w24181g3">
            <Coords points="240,578 240,578 240,637 240,637"/>
            <TextEquiv index="1" conf="0.9998725801706314">
              <Unicode>m</Unicode>
            </TextEquiv>
          </Glyph>
          <Glyph id="w24181g4">
            <Coords points="260,578 260,578 260,637 260,637"/>
            <TextEquiv index="1" conf="0.9985677152872086">
              <Unicode>ù</Unicode>
            </TextEquiv>
          </Glyph>
          <Glyph id="w24181g5">
            <Coords points="286,578 290,578 290,637 286,637"/>
            <TextEquiv index="1" conf="0.9997481405735016">
              <Unicode>m</Unicode>
            </TextEquiv>
          </Glyph>
          <TextEquiv index="1" conf="0.9963639721471125">
            <Unicode>primùm</Unicode>
          </TextEquiv>
        </Word>
        <Word id="w24182">
          <Coords points="321,578 466,578 466,637 321,637"/>
          <Glyph id="w24182g0">
            <Coords points="321,578 321,578 321,637 321,637"/>
            <TextEquiv index="1" conf="0.9993852823972702">
              <Unicode>e</Unicode>
            </TextEquiv>
          </Glyph>
          <Glyph id="w24182g1">
            <Coords points="336,578 340,578 340,637 336,637"/>
            <TextEquiv index="1" conf="0.9918221831321716">
              <Unicode>x</Unicode>
            </TextEquiv>
          </Glyph>
          <Glyph id="w24182g2">
            <Coords points="351,578 351,578 351,637 351,637"/>
            <TextEquiv index="1" conf="0.9974035620689392">
              <Unicode>p</Unicode>
            </TextEquiv>
          </Glyph>
          <Glyph id="w24182g3">
            <Coords points="370,578 370,578 370,637 370,637"/>
            <TextEquiv index="1" conf="0.9997187405824661">
              <Unicode>e</Unicode>
            </TextEquiv>
          </Glyph>
          <Glyph id="w24182g4">
            <Coords points="382,578 386,578 386,637 382,637"/>
            <TextEquiv index="1" conf="0.999582827091217">
              <Unicode>r</Unicode>
            </TextEquiv>
          </Glyph>
          <Glyph id="w24182g5">
            <Coords points="401,578 401,578 401,637 401,637"/>
            <TextEquiv index="1" conf="0.9999630451202393">
              <Unicode>g</Unicode>
            </TextEquiv>
          </Glyph>
          <Glyph id="w24182g6">
            <Coords points="413,578 413,578 413,637 413,637"/>
            <TextEquiv index="1" conf="0.9999248385429382">
              <Unicode>i</Unicode>
            </TextEquiv>
          </Glyph>
          <Glyph id="w24182g7">
            <Coords points="424,578 424,578 424,637 424,637"/>
            <TextEquiv index="1" conf="0.9988704770803452">
              <Unicode>ſ</Unicode>
            </TextEquiv>
          </Glyph>
          <Glyph id="w24182g8">
            <Coords points="436,578 436,578 436,637 436,637"/>
            <TextEquiv index="1" conf="0.7819872200489044">
              <Unicode>c</Unicode>
            </TextEquiv>
          </Glyph>
          <Glyph id="w24182g9">
            <Coords points="447,578 447,578 447,637 447,637"/>
            <TextEquiv index="1" conf="0.999949187040329">
              <Unicode>i</Unicode>
            </TextEquiv>
          </Glyph>
          <Glyph id="w24182g10">
            <Coords points="459,578 459,578 459,637 459,637"/>
            <TextEquiv index="1" conf="0.999912291765213">
              <Unicode>t</Unicode>
            </TextEquiv>
          </Glyph>
          <Glyph id="w24182g11">
            <Coords points="466,578 466,578 466,637 466,637"/>
            <TextEquiv index="1" conf="0.9996491223573685">
              <Unicode>.</Unicode>
            </TextEquiv>
          </Glyph>
          <TextEquiv index="1" conf="0.7712263670506451">
            <Unicode>expergiſcit.</Unicode>
          </TextEquiv>
        </Word>
        <Word id="w24183">
          <Coords points="497,578 539,578 539,637 497,637"/>
          <Glyph id="w24183g0">
            <Coords points="497,578 504,578 504,637 497,637"/>
            <TextEquiv index="1" conf="0.9998003840446472">
              <Unicode>S</Unicode>
            </TextEquiv>
          </Glyph>
          <Glyph id="w24183g1">
            <Coords points="516,578 520,578 520,637 516,637"/>
            <TextEquiv index="1" conf="0.9995125532150269">
              <Unicode>e</Unicode>
            </TextEquiv>
          </Glyph>
          <Glyph id="w24183g2">
            <Coords points="531,578 539,578 539,637 531,637"/>
            <TextEquiv index="1" conf="0.9996433109045029">
              <Unicode>d</Unicode>
            </TextEquiv>
          </Glyph>
          <TextEquiv index="1" conf="0.9989565904994134">
            <Unicode>Sed</Unicode>
          </TextEquiv>
        </Word>
        <Word id="w24184">
          <Coords points="554,578 631,578 631,637 554,637"/>
          <Glyph id="w24184g0">
            <Coords points="554,578 554,578 554,637 554,637"/>
            <TextEquiv index="1" conf="0.9986655116081238">
              <Unicode>i</Unicode>
            </TextEquiv>
          </Glyph>
          <Glyph id="w24184g1">
            <Coords points="566,578 566,578 566,637 566,637"/>
            <TextEquiv index="1" conf="0.9999863803386688">
              <Unicode>t</Unicode>
            </TextEquiv>
          </Glyph>
          <Glyph id="w24184g2">
            <Coords points="581,578 581,578 581,637 581,637"/>
            <TextEquiv index="1" conf="0.9999872446060181">
              <Unicode>e</Unicode>
            </TextEquiv>
          </Glyph>
          <Glyph id="w24184g3">
            <Coords points="592,578 592,578 592,637 592,637"/>
            <TextEquiv index="1" conf="0.9969887882471085">
              <Unicode>r</Unicode>
            </TextEquiv>
          </Glyph>
          <Glyph id="w24184g4">
            <Coords points="604,578 604,578 604,637 604,637"/>
            <TextEquiv index="1" conf="0.837351843714714">
              <Unicode>ù</Unicode>
            </TextEquiv>
          </Glyph>
          <Glyph id="w24184g5">
            <Coords points="631,578 631,578 631,637 631,637"/>
            <TextEquiv index="1" conf="0.9995670169591904">
              <Unicode>m</Unicode>
            </TextEquiv>
          </Glyph>
          <TextEquiv index="1" conf="0.8333333638440245">
            <Unicode>iterùm</Unicode>
          </TextEquiv>
        </Word>
        <Word id="w24185">
          <Coords points="661,578 818,578 818,637 661,637"/>
          <Glyph id="w24185g0">
            <Coords points="661,578 665,578 665,637 661,637"/>
            <TextEquiv index="1" conf="0.9996346980333328">
              <Unicode>o</Unicode>
            </TextEquiv>
          </Glyph>
          <Glyph id="w24185g1">
            <Coords points="677,578 677,578 677,637 677,637"/>
            <TextEquiv index="1" conf="0.999925047159195">
              <Unicode>b</Unicode>
            </TextEquiv>
          </Glyph>
          <Glyph id="w24185g2">
            <Coords points="700,578 703,578 703,637 700,637"/>
            <TextEquiv index="1" conf="0.9999592900276184">
              <Unicode>d</Unicode>
            </TextEquiv>
          </Glyph>
          <Glyph id="w24185g3">
            <Coords points="715,578 719,578 719,637 715,637"/>
            <TextEquiv index="1" conf="0.9999348223209381">
              <Unicode>o</Unicode>
            </TextEquiv>
          </Glyph>
          <Glyph id="w24185g4">
            <Coords points="730,578 734,578 734,637 730,637"/>
            <TextEquiv index="1" conf="0.9997211992740631">
              <Unicode>r</Unicode>
            </TextEquiv>
          </Glyph>
          <Glyph id="w24185g5">
            <Coords points="749,578 753,578 753,637 749,637"/>
            <TextEquiv index="1" conf="0.9998271465301514">
              <Unicode>m</Unicode>
            </TextEquiv>
          </Glyph>
          <Glyph id="w24185g6">
            <Coords points="768,578 768,578 768,637 768,637"/>
            <TextEquiv index="1" conf="0.9994072616100311">
              <Unicode>i</Unicode>
            </TextEquiv>
          </Glyph>
          <Glyph id="w24185g7">
            <Coords points="780,578 780,578 780,637 780,637"/>
            <TextEquiv index="1" conf="0.9989064186811447">
              <Unicode>ſ</Unicode>
            </TextEquiv>
          </Glyph>
          <Glyph id="w24185g8">
            <Coords points="791,578 791,578 791,637 791,637"/>
            <TextEquiv index="1" conf="0.6120948046445847">
              <Unicode>e</Unicode>
            </TextEquiv>
          </Glyph>
          <Glyph id="w24185g9">
            <Coords points="807,578 807,578 807,637 807,637"/>
            <TextEquiv index="1" conf="0.99897101521492">
              <Unicode>e</Unicode>
            </TextEquiv>
          </Glyph>
          <Glyph id="w24185g10">
            <Coords points="818,578 818,578 818,637 818,637"/>
            <TextEquiv index="1" conf="0.9995232224464417">
              <Unicode>t</Unicode>
            </TextEquiv>
          </Glyph>
          <TextEquiv index="1" conf="0.6095346257822613">
            <Unicode>obdormiſeet</Unicode>
          </TextEquiv>
        </Word>
        <Word id="w24186">
          <Coords points="834,578 910,578 910,637 834,637"/>
          <Glyph id="w24186g0">
            <Coords points="834,578 834,578 834,637 834,637"/>
            <TextEquiv index="1" conf="0.999624565243721">
              <Unicode>b</Unicode>
            </TextEquiv>
          </Glyph>
          <Glyph id="w24186g1">
            <Coords points="853,578 856,578 856,637 853,637"/>
            <TextEquiv index="1" conf="0.9999229311943054">
              <Unicode>r</Unicode>
            </TextEquiv>
          </Glyph>
          <Glyph id="w24186g2">
            <Coords points="868,578 872,578 872,637 868,637"/>
            <TextEquiv index="1" conf="0.9996711313724518">
              <Unicode>e</Unicode>
            </TextEquiv>
          </Glyph>
          <Glyph id="w24186g3">
            <Coords points="883,578 887,578 887,637 883,637"/>
            <TextEquiv index="1" conf="0.9428468495607376">
              <Unicode>v</Unicode>
            </TextEquiv>
          </Glyph>
          <Glyph id="w24186g4">
            <Coords points="895,578 899,578 899,637 895,637"/>
            <TextEquiv index="1" conf="0.9994935095310211">
              <Unicode>i</Unicode>
            </TextEquiv>
          </Glyph>
          <Glyph id="w24186g5">
            <Coords points="906,578 910,578 910,637 906,637"/>
            <TextEquiv index="1" conf="0.9891566932201385">
              <Unicode>.</Unicode>
            </TextEquiv>
          </Glyph>
          <TextEquiv index="1" conf="0.9314227160104681">
            <Unicode>brevi.</Unicode>
          </TextEquiv>
        </Word>
        <TextEquiv index="1" conf="0.9830575259747328">
          <Unicode>Nune primùm expergiſcit. Sed iterùm obdormiſeet brevi.</Unicode>
        </TextEquiv>
      </TextLine>
      <TextLine id="r0_l017">
        <Coords points="432,668 561,671 562,632 433,629 432,668"/>
        <Word id="w24187">
          <Coords points="465,629 559,629 559,671 465,671"/>
          <Glyph id="w24187g0">
            <Coords points="465,629 469,629 469,671 465,671"/>
            <TextEquiv index="1" conf="0.9841008186340332">
              <Unicode>T</Unicode>
            </TextEquiv>
          </Glyph>
          <Glyph id="w24187g1">
            <Coords points="501,629 501,629 501,671 501,671"/>
            <TextEquiv index="1" conf="0.9834301918745041">
              <Unicode>I</Unicode>
            </TextEquiv>
          </Glyph>
          <Glyph id="w24187g2">
            <Coords points="528,629 546,629 546,671 528,671"/>
            <TextEquiv index="1" conf="0.9097780386606853">
              <Unicode>M</Unicode>
            </TextEquiv>
          </Glyph>
          <Glyph id="w24187g3">
            <Coords points="554,629 559,629 559,671 554,671"/>
            <TextEquiv index="1" conf="0.9579920470714569">
              <Unicode>.</Unicode>
            </TextEquiv>
          </Glyph>
          <TextEquiv index="1" conf="0.8434910584407616">
            <Unicode>TIM.</Unicode>
          </TextEquiv>
        </Word>
        <TextEquiv index="1" conf="0.9588252740601699">
          <Unicode>TIM.</Unicode>
        </TextEquiv>
      </TextLine>
      <TextLine id="r0_l018">
        <Coords points="556,707 557,706 563,707 563,706 563,705 564,705 839,712 840,711 846,711 846,704 847,703 910,705 910,704 910,703 910,702 909,701 909,689 907,688 880,687 879,686 871,686 871,685 871,673 870,673 869,673 869,676 869,677 867,677 866,678 833,677 832,678 273,663 272,662 272,658 146,655 145,654 144,654 143,655 142,659 142,660 139,660 138,660 137,660 135,662 135,684 136,685 203,687 204,688 357,692 358,693 500,697 501,697 500,699 500,700 72,689 72,690 500,701 500,704 502,706 556,707"/>
        <Word id="w24188">
          <Coords points="147,654 179,654 179,712 147,712"/>
          <Glyph id="w24188g0">
            <Coords points="147,654 155,654 155,712 147,712"/>
            <TextEquiv index="1" conf="0.9829500466585159">
              <Unicode>D</Unicode>
            </TextEquiv>
          </Glyph>
          <Glyph id="w24188g1">
            <Coords points="163,654 167,654 167,712 163,712"/>
            <TextEquiv index="1" conf="0.9979701191186905">
              <Unicode>i</Unicode>
            </TextEquiv>
          </Glyph>
          <Glyph id="w24188g2">
            <Coords points="179,654 179,654 179,712 179,712"/>
            <TextEquiv index="1" conf="0.5161863807588816">
              <Unicode>c</Unicode>
            </TextEquiv>
          </Glyph>
          <TextEquiv index="1" conf="0.5063554950736063">
            <Unicode>Dic</Unicode>
          </TextEquiv>
        </Word>
        <Word id="w24189">
          <Coords points="203,654 279,654 279,712 203,712"/>
          <Glyph id="w24189g0">
            <Coords points="203,654 207,654 207,712 203,712"/>
            <TextEquiv index="1" conf="0.9768675118684769">
              <Unicode>a</Unicode>
            </TextEquiv>
          </Glyph>
          <Glyph id="w24189g1">
            <Coords points="223,654 227,654 227,712 223,712"/>
            <TextEquiv index="1" conf="0.9999689161777496">
              <Unicode>d</Unicode>
            </TextEquiv>
          </Glyph>
          <Glyph id="w24189g2">
            <Coords points="239,654 243,654 243,712 239,712"/>
            <TextEquiv index="1" conf="0.9999791383743286">
              <Unicode>e</Unicode>
            </TextEquiv>
          </Glyph>
          <Glyph id="w24189g3">
            <Coords points="255,654 255,654 255,712 255,712"/>
            <TextEquiv index="1" conf="0.9032509922981262">
              <Unicode>ſ</Unicode>
            </TextEquiv>
          </Glyph>
          <Glyph id="w24189g4">
            <Coords points="263,654 263,654 263,712 263,712"/>
            <TextEquiv index="1" conf="0.9987616986036301">
              <Unicode>ſ</Unicode>
            </TextEquiv>
          </Glyph>
          <Glyph id="w24189g5">
            <Coords points="275,654 279,654 279,712 275,712"/>
            <TextEquiv index="1" conf="0.9987672716379166">
              <Unicode>e</Unicode>
            </TextEquiv>
          </Glyph>
          <TextEquiv index="1" conf="0.8801318464083503">
            <Unicode>adeſſe</Unicode>
          </TextEquiv>
        </Word>
        <Word id="w24190">
          <Coords points="303,654 399,654 399,712 303,712"/>
          <Glyph id="w24190g0">
            <Coords points="303,654 303,654 303,712 303,712"/>
            <TextEquiv index="1" conf="0.9999715685844421">
              <Unicode>t</Unicode>
            </TextEquiv>
          </Glyph>
          <Glyph id="w24190g1">
            <Coords points="315,654 315,654 315,712 315,712"/>
            <TextEquiv index="1" conf="0.9996419697999954">
              <Unicode>u</Unicode>
            </TextEquiv>
          </Glyph>
          <Glyph id="w24190g2">
            <Coords points="331,654 335,654 335,712 331,712"/>
            <TextEquiv index="1" conf="0.9998241662979126">
              <Unicode>t</Unicode>
            </TextEquiv>
          </Glyph>
          <Glyph id="w24190g3">
            <Coords points="347,654 351,654 351,712 347,712"/>
            <TextEquiv index="1" conf="0.9997220486402512">
              <Unicode>o</Unicode>
            </TextEquiv>
          </Glyph>
          <Glyph id="w24190g4">
            <Coords points="363,654 363,654 363,712 363,712"/>
            <TextEquiv index="1" conf="0.9999976754188538">
              <Unicode>r</Unicode>
            </TextEquiv>
          </Glyph>
          <Glyph id="w24190g5">
            <Coords points="375,654 379,654 379,712 375,712"/>
            <TextEquiv index="1" conf="0.999962329864502">
              <Unicode>e</Unicode>
            </TextEquiv>
          </Glyph>
          <Glyph id="w24190g6">
            <Coords points="395,654 399,654 399,712 395,712"/>
            <TextEquiv index="1" conf="0.9999367892742157">
              <Unicode>m</Unicode>
            </TextEquiv>
          </Glyph>
          <TextEquiv index="1" conf="0.9990568715869947">
            <Unicode>tutorem</Unicode>
          </TextEquiv>
        </Word>
        <Word id="w24191">
          <Coords points="431,654 435,654 435,712 431,712"/>
          <Glyph id="w24191g0">
            <Coords points="431,654 435,654 435,712 431,712"/>
            <TextEquiv index="1" conf="0.9914138168096542">
              <Unicode>è</Unicode>
            </TextEquiv>
          </Glyph>
          <TextEquiv index="1" conf="0.9914138168096542">
            <Unicode>è</Unicode>
          </TextEquiv>
        </Word>
        <Word id="w24192">
          <Coords points="459,654 595,654 595,712 459,712"/>
          <Glyph id="w24192g0">
            <Coords points="459,654 459,654 459,712 459,712"/>
            <TextEquiv index="1" conf="0.9244573265314102">
              <Unicode>l</Unicode>
            </TextEquiv>
          </Glyph>
          <Glyph id="w24192g1">
            <Coords points="471,654 475,654 475,712 471,712"/>
            <TextEquiv index="1" conf="0.9997436851263046">
              <Unicode>o</Unicode>
            </TextEquiv>
          </Glyph>
          <Glyph id="w24192g2">
            <Coords points="487,654 487,654 487,712 487,712"/>
            <TextEquiv index="1" conf="0.9999479353427887">
              <Unicode>n</Unicode>
            </TextEquiv>
          </Glyph>
          <Glyph id="w24192g3">
            <Coords points="511,654 511,654 511,712 511,712"/>
            <TextEquiv index="1" conf="0.9992509484291077">
              <Unicode>g</Unicode>
            </TextEquiv>
          </Glyph>
          <Glyph id="w24192g4">
            <Coords points="519,654 523,654 523,712 519,712"/>
            <TextEquiv index="1" conf="0.9999568164348602">
              <Unicode>i</Unicode>
            </TextEquiv>
          </Glyph>
          <Glyph id="w24192g5">
            <Coords points="531,654 535,654 535,712 531,712"/>
            <TextEquiv index="1" conf="0.999797061085701">
              <Unicode>n</Unicode>
            </TextEquiv>
          </Glyph>
          <Glyph id="w24192g6">
            <Coords points="551,654 559,654 559,712 551,712"/>
            <TextEquiv index="1" conf="0.9955838024616241">
              <Unicode>q</Unicode>
            </TextEquiv>
          </Glyph>
          <Glyph id="w24192g7">
            <Coords points="567,654 571,654 571,712 567,712"/>
            <TextEquiv index="1" conf="0.9970300197601318">
              <Unicode>u</Unicode>
            </TextEquiv>
          </Glyph>
          <Glyph id="w24192g8">
            <Coords points="591,654 595,654 595,712 591,712"/>
            <TextEquiv index="1" conf="0.9888649582862854">
              <Unicode>o</Unicode>
            </TextEquiv>
          </Glyph>
          <TextEquiv index="1" conf="0.9062408629271478">
            <Unicode>longinquo</Unicode>
          </TextEquiv>
        </Word>
        <Word id="w24193">
          <Coords points="619,654 743,654 743,712 619,712"/>
          <Glyph id="w24193g0">
            <Coords points="619,654 623,654 623,712 619,712"/>
            <TextEquiv index="1" conf="0.9998562335968018">
              <Unicode>r</Unicode>
            </TextEquiv>
          </Glyph>
          <Glyph id="w24193g1">
            <Coords points="635,654 635,654 635,712 635,712"/>
            <TextEquiv index="1" conf="0.999925896525383">
              <Unicode>e</Unicode>
            </TextEquiv>
          </Glyph>
          <Glyph id="w24193g2">
            <Coords points="651,654 655,654 655,712 651,712"/>
            <TextEquiv index="1" conf="0.9999661147594452">
              <Unicode>d</Unicode>
            </TextEquiv>
          </Glyph>
          <Glyph id="w24193g3">
            <Coords points="663,654 667,654 667,712 663,712"/>
            <TextEquiv index="1" conf="0.9995468407869339">
              <Unicode>u</Unicode>
            </TextEquiv>
          </Glyph>
          <Glyph id="w24193g4">
            <Coords points="687,654 687,654 687,712 687,712"/>
            <TextEquiv index="1" conf="0.5699112936854362">
              <Unicode>c</Unicode>
            </TextEquiv>
          </Glyph>
          <Glyph id="w24193g5">
            <Coords points="699,654 699,654 699,712 699,712"/>
            <TextEquiv index="1" conf="0.9971486926078796">
              <Unicode>e</Unicode>
            </TextEquiv>
          </Glyph>
          <Glyph id="w24193g6">
            <Coords points="719,654 723,654 723,712 719,712"/>
            <TextEquiv index="1" conf="0.9999715089797974">
              <Unicode>m</Unicode>
            </TextEquiv>
          </Glyph>
          <Glyph id="w24193g7">
            <Coords points="739,654 743,654 743,712 739,712"/>
            <TextEquiv index="1" conf="0.8838042318820953">
              <Unicode>,</Unicode>
            </TextEquiv>
          </Glyph>
          <TextEquiv index="1" conf="0.5018855588853852">
            <Unicode>reducem,</Unicode>
          </TextEquiv>
        </Word>
        <Word id="w24194">
          <Coords points="771,654 807,654 807,712 771,712"/>
          <Glyph id="w24194g0">
            <Coords points="771,654 779,654 779,712 771,712"/>
            <TextEquiv index="1" conf="0.988083153963089">
              <Unicode>q</Unicode>
            </TextEquiv>
          </Glyph>
          <Glyph id="w24194g1">
            <Coords points="787,654 791,654 791,712 787,712"/>
            <TextEquiv index="1" conf="0.948249414563179">
              <Unicode>u</Unicode>
            </TextEquiv>
          </Glyph>
          <Glyph id="w24194g2">
            <Coords points="803,654 807,654 807,712 803,712"/>
            <TextEquiv index="1" conf="0.999482586979866">
              <Unicode>i</Unicode>
            </TextEquiv>
          </Glyph>
          <TextEquiv index="1" conf="0.9364644825325532">
            <Unicode>qui</Unicode>
          </TextEquiv>
        </Word>
        <Word id="w24195">
          <Coords points="831,654 899,654 899,712 831,712"/>
          <Glyph id="w24195g0">
            <Coords points="831,654 831,654 831,712 831,712"/>
            <TextEquiv index="1" conf="0.999260202050209">
              <Unicode>i</Unicode>
            </TextEquiv>
          </Glyph>
          <Glyph id="w24195g1">
            <Coords points="843,654 843,654 843,712 843,712"/>
            <TextEquiv index="1" conf="0.9638016074895859">
              <Unicode>p</Unicode>
            </TextEquiv>
          </Glyph>
          <Glyph id="w24195g2">
            <Coords points="859,654 859,654 859,712 859,712"/>
            <TextEquiv index="1" conf="0.9987442195415497">
              <Unicode>ſ</Unicode>
            </TextEquiv>
          </Glyph>
          <Glyph id="w24195g3">
            <Coords points="867,654 871,654 871,712 867,712"/>
            <TextEquiv index="1" conf="0.9972445666790009">
              <Unicode>u</Unicode>
            </TextEquiv>
          </Glyph>
          <Glyph id="w24195g4">
            <Coords points="895,654 899,654 899,712 895,712"/>
            <TextEquiv index="1" conf="0.9978341311216354">
              <Unicode>m</Unicode>
            </TextEquiv>
          </Glyph>
          <TextEquiv index="1" conf="0.957151203580569">
            <Unicode>ipſum</Unicode>
          </TextEquiv>
        </Word>
        <TextEquiv index="1" conf="0.9713311822210647">
          <Unicode>Dic adeſſe tutorem è longinquo reducem, qui ipſum</Unicode>
        </TextEquiv>
      </TextLine>
      <TextLine id="r0_l019">
        <Coords points="71,722 198,726 199,694 72,690 71,722"/>
        <Word id="w24196">
          <Coords points="104,690 190,690 190,726 104,726"/>
          <Glyph id="w24196g0">
            <Coords points="104,690 104,690 104,726 104,726"/>
            <TextEquiv index="1" conf="0.9863909035921097">
              <Unicode>e</Unicode>
            </TextEquiv>
          </Glyph>
          <Glyph id="w24196g1">
            <Coords points="121,690 124,690 124,726 121,726"/>
            <TextEquiv index="1" conf="0.9586533159017563">
              <Unicode>v</Unicode>
            </TextEquiv>
          </Glyph>
          <Glyph id="w24196g2">
            <Coords points="137,690 141,690 141,726 137,726"/>
            <TextEquiv index="1" conf="0.9988324791193008">
              <Unicode>o</Unicode>
            </TextEquiv>
          </Glyph>
          <Glyph id="w24196g3">
            <Coords points="154,690 154,690 154,726 154,726"/>
            <TextEquiv index="1" conf="0.9996223896741867">
              <Unicode>c</Unicode>
            </TextEquiv>
          </Glyph>
          <Glyph id="w24196g4">
            <Coords points="167,690 170,690 170,726 167,726"/>
            <TextEquiv index="1" conf="0.9993468970060349">
              <Unicode>e</Unicode>
            </TextEquiv>
          </Glyph>
          <Glyph id="w24196g5">
            <Coords points="177,690 180,690 180,726 177,726"/>
            <TextEquiv index="1" conf="0.9999210387468338">
              <Unicode>t</Unicode>
            </TextEquiv>
          </Glyph>
          <Glyph id="w24196g6">
            <Coords points="190,690 190,690 190,726 190,726"/>
            <TextEquiv index="1" conf="0.6006336808204651">
              <Unicode>.</Unicode>
            </TextEquiv>
          </Glyph>
          <TextEquiv index="1" conf="0.5666709175871467">
            <Unicode>evocet.</Unicode>
          </TextEquiv>
        </Word>
        <TextEquiv index="1" conf="0.9347715292658124">
          <Unicode>evocet.</Unicode>
        </TextEquiv>
      </TextLine>
      <TextLine id="r0_l020">
        <Coords points="443,769 555,772 556,746 444,743 443,769"/>
        <Word id="w24197">
          <Coords points="456,743 552,743 552,772 456,772"/>
          <Glyph id="w24197g0">
            <Coords points="456,743 460,743 460,772 456,772"/>
            <TextEquiv index="1" conf="0.8578465208411217">
              <Unicode>E</Unicode>
            </TextEquiv>
          </Glyph>
          <Glyph id="w24197g1">
            <Coords points="489,743 498,743 498,772 489,772"/>
            <TextEquiv index="1" conf="0.9639919400215149">
              <Unicode>R</Unicode>
            </TextEquiv>
          </Glyph>
          <Glyph id="w24197g2">
            <Coords points="535,743 540,743 540,772 535,772"/>
            <TextEquiv index="1" conf="0.9704052060842514">
              <Unicode>G</Unicode>
            </TextEquiv>
          </Glyph>
          <Glyph id="w24197g3">
            <Coords points="552,743 552,743 552,772 552,772"/>
            <TextEquiv index="1" conf="0.9549621492624283">
              <Unicode>.</Unicode>
            </TextEquiv>
          </Glyph>
          <TextEquiv index="1" conf="0.7663413736102849">
            <Unicode>ERG.</Unicode>
          </TextEquiv>
        </Word>
        <TextEquiv index="1" conf="0.9368014540523291">
          <Unicode>ERG.</Unicode>
        </TextEquiv>
      </TextLine>
      <TextLine id="r0_l021">
        <Coords points="129,801 908,821 909,784 130,764 129,801"/>
        <Word id="w24198">
          <Coords points="147,764 212,764 212,821 147,821"/>
          <Glyph id="w24198g0">
            <Coords points="147,764 151,764 151,821 147,821"/>
            <TextEquiv index="1" conf="0.997758075594902">
              <Unicode>T</Unicode>
            </TextEquiv>
          </Glyph>
          <Glyph id="w24198g1">
            <Coords points="158,764 162,764 162,821 158,821"/>
            <TextEquiv index="1" conf="0.9993153363466263">
              <Unicode>u</Unicode>
            </TextEquiv>
          </Glyph>
          <Glyph id="w24198g2">
            <Coords points="178,764 181,764 181,821 178,821"/>
            <TextEquiv index="1" conf="0.9991273730993271">
              <Unicode>t</Unicode>
            </TextEquiv>
          </Glyph>
          <Glyph id="w24198g3">
            <Coords points="193,764 197,764 197,821 193,821"/>
            <TextEquiv index="1" conf="0.9999473094940186">
              <Unicode>o</Unicode>
            </TextEquiv>
          </Glyph>
          <Glyph id="w24198g4">
            <Coords points="208,764 212,764 212,821 208,821"/>
            <TextEquiv index="1" conf="0.9870127588510513">
              <Unicode>r</Unicode>
            </TextEquiv>
          </Glyph>
          <TextEquiv index="1" conf="0.9832151107407975">
            <Unicode>Tutor</Unicode>
          </TextEquiv>
        </Word>
        <Word id="w24199">
          <Coords points="227,764 258,764 258,821 227,821"/>
          <Glyph id="w24199g0">
            <Coords points="227,764 231,764 231,821 227,821"/>
            <TextEquiv index="1" conf="0.9887359738349915">
              <Unicode>i</Unicode>
            </TextEquiv>
          </Glyph>
          <Glyph id="w24199g1">
            <Coords points="239,764 239,764 239,821 239,821"/>
            <TextEquiv index="1" conf="0.9984206855297089">
              <Unicode>l</Unicode>
            </TextEquiv>
          </Glyph>
          <Glyph id="w24199g2">
            <Coords points="246,764 250,764 250,821 246,821"/>
            <TextEquiv index="1" conf="0.9910316318273544">
              <Unicode>l</Unicode>
            </TextEquiv>
          </Glyph>
          <Glyph id="w24199g3">
            <Coords points="258,764 258,764 258,821 258,821"/>
            <TextEquiv index="1" conf="0.9996676743030548">
              <Unicode>i</Unicode>
            </TextEquiv>
          </Glyph>
          <TextEquiv index="1" conf="0.9779959836536908">
            <Unicode>illi</Unicode>
          </TextEquiv>
        </Word>
        <Word id="w24200">
          <Coords points="281,764 434,764 434,821 281,821"/>
          <Glyph id="w24200g0">
            <Coords points="281,764 281,764 281,821 281,821"/>
            <TextEquiv index="1" conf="0.5027399128302932">
              <Unicode>c</Unicode>
            </TextEquiv>
          </Glyph>
          <Glyph id="w24200g1">
            <Coords points="288,764 292,764 292,821 288,821"/>
            <TextEquiv index="1" conf="0.8960697501897812">
              <Unicode>h</Unicode>
            </TextEquiv>
          </Glyph>
          <Glyph id="w24200g2">
            <Coords points="308,764 311,764 311,821 308,821"/>
            <TextEquiv index="1" conf="0.9955874532461166">
              <Unicode>a</Unicode>
            </TextEquiv>
          </Glyph>
          <Glyph id="w24200g3">
            <Coords points="323,764 327,764 327,821 323,821"/>
            <TextEquiv index="1" conf="0.9989725947380066">
              <Unicode>r</Unicode>
            </TextEquiv>
          </Glyph>
          <Glyph id="w24200g4">
            <Coords points="334,764 334,764 334,821 334,821"/>
            <TextEquiv index="1" conf="0.9996635466814041">
              <Unicode>i</Unicode>
            </TextEquiv>
          </Glyph>
          <Glyph id="w24200g5">
            <Coords points="346,764 346,764 346,821 346,821"/>
            <TextEquiv index="1" conf="0.9996019601821899">
              <Unicode>ſ</Unicode>
            </TextEquiv>
          </Glyph>
          <Glyph id="w24200g6">
            <Coords points="353,764 353,764 353,821 353,821"/>
            <TextEquiv index="1" conf="0.9939780980348587">
              <Unicode>ſ</Unicode>
            </TextEquiv>
          </Glyph>
          <Glyph id="w24200g7">
            <Coords points="361,764 365,764 365,821 361,821"/>
            <TextEquiv index="1" conf="0.9941147714853287">
              <Unicode>i</Unicode>
            </TextEquiv>
          </Glyph>
          <Glyph id="w24200g8">
            <Coords points="380,764 384,764 384,821 380,821"/>
            <TextEquiv index="1" conf="0.9999447017908096">
              <Unicode>m</Unicode>
            </TextEquiv>
          </Glyph>
          <Glyph id="w24200g9">
            <Coords points="399,764 403,764 403,821 399,821"/>
            <TextEquiv index="1" conf="0.9999629557132721">
              <Unicode>u</Unicode>
            </TextEquiv>
          </Glyph>
          <Glyph id="w24200g10">
            <Coords points="418,764 422,764 422,821 418,821"/>
            <TextEquiv index="1" conf="0.9999666512012482">
              <Unicode>s</Unicode>
            </TextEquiv>
          </Glyph>
          <Glyph id="w24200g11">
            <Coords points="434,764 434,764 434,821 434,821"/>
            <TextEquiv index="1" conf="0.9955874085426331">
              <Unicode>,</Unicode>
            </TextEquiv>
          </Glyph>
          <TextEquiv index="1" conf="0.44038982353490846">
            <Unicode>chariſſimus,</Unicode>
          </TextEquiv>
        </Word>
        <Word id="w24201">
          <Coords points="457,764 499,764 499,821 457,821"/>
          <Glyph id="w24201g0">
            <Coords points="457,764 460,764 460,821 457,821"/>
            <TextEquiv index="1" conf="0.97903211414814">
              <Unicode>c</Unicode>
            </TextEquiv>
          </Glyph>
          <Glyph id="w24201g1">
            <Coords points="468,764 472,764 472,821 468,821"/>
            <TextEquiv index="1" conf="0.9995313882827759">
              <Unicode>u</Unicode>
            </TextEquiv>
          </Glyph>
          <Glyph id="w24201g2">
            <Coords points="495,764 499,764 499,821 495,821"/>
            <TextEquiv index="1" conf="0.9998472034931183">
              <Unicode>m</Unicode>
            </TextEquiv>
          </Glyph>
          <TextEquiv index="1" conf="0.9784238056416306">
            <Unicode>cum</Unicode>
          </TextEquiv>
        </Word>
        <Word id="w24202">
          <Coords points="525,764 583,764 583,821 525,821"/>
          <Glyph id="w24202g0">
            <Coords points="525,764 525,764 525,821 525,821"/>
            <TextEquiv index="1" conf="0.9961545169353485">
              <Unicode>b</Unicode>
            </TextEquiv>
          </Glyph>
          <Glyph id="w24202g1">
            <Coords points="545,764 552,764 552,821 545,821"/>
            <TextEquiv index="1" conf="0.9997569024562836">
              <Unicode>o</Unicode>
            </TextEquiv>
          </Glyph>
          <Glyph id="w24202g2">
            <Coords points="560,764 564,764 564,821 560,821"/>
            <TextEquiv index="1" conf="0.9999528527259827">
              <Unicode>n</Unicode>
            </TextEquiv>
          </Glyph>
          <Glyph id="w24202g3">
            <Coords points="579,764 583,764 583,821 579,821"/>
            <TextEquiv index="1" conf="0.9715952426195145">
              <Unicode>â</Unicode>
            </TextEquiv>
          </Glyph>
          <TextEquiv index="1" conf="0.9675780846053119">
            <Unicode>bonâ</Unicode>
          </TextEquiv>
        </Word>
        <Word id="w24203">
          <Coords points="606,764 636,764 636,821 606,821"/>
          <Glyph id="w24203g0">
            <Coords points="606,764 606,764 606,821 606,821"/>
            <TextEquiv index="1" conf="0.9999325573444366">
              <Unicode>t</Unicode>
            </TextEquiv>
          </Glyph>
          <Glyph id="w24203g1">
            <Coords points="613,764 617,764 617,821 613,821"/>
            <TextEquiv index="1" conf="0.9961903691291809">
              <Unicode>u</Unicode>
            </TextEquiv>
          </Glyph>
          <Glyph id="w24203g2">
            <Coords points="633,764 636,764 636,821 633,821"/>
            <TextEquiv index="1" conf="0.9888613373041153">
              <Unicode>â</Unicode>
            </TextEquiv>
          </Glyph>
          <TextEquiv index="1" conf="0.9850277032617384">
            <Unicode>tuâ</Unicode>
          </TextEquiv>
        </Word>
        <Word id="w24204">
          <Coords points="659,764 720,764 720,821 659,821"/>
          <Glyph id="w24204g0">
            <Coords points="659,764 667,764 667,821 659,821"/>
            <TextEquiv index="1" conf="0.9999014437198639">
              <Unicode>v</Unicode>
            </TextEquiv>
          </Glyph>
          <Glyph id="w24204g1">
            <Coords points="678,764 678,764 678,821 678,821"/>
            <TextEquiv index="1" conf="0.9999940693378448">
              <Unicode>e</Unicode>
            </TextEquiv>
          </Glyph>
          <Glyph id="w24204g2">
            <Coords points="690,764 690,764 690,821 690,821"/>
            <TextEquiv index="1" conf="0.9999783933162689">
              <Unicode>n</Unicode>
            </TextEquiv>
          </Glyph>
          <Glyph id="w24204g3">
            <Coords points="705,764 709,764 709,821 705,821"/>
            <TextEquiv index="1" conf="0.9993125796318054">
              <Unicode>i</Unicode>
            </TextEquiv>
          </Glyph>
          <Glyph id="w24204g4">
            <Coords points="717,764 720,764 720,821 717,821"/>
            <TextEquiv index="1" conf="0.9825338919957478">
              <Unicode>â</Unicode>
            </TextEquiv>
          </Glyph>
          <TextEquiv index="1" conf="0.9817346748807406">
            <Unicode>veniâ</Unicode>
          </TextEquiv>
        </Word>
        <Word id="w24205">
          <Coords points="743,764 828,764 828,821 743,821"/>
          <Glyph id="w24205g0">
            <Coords points="743,764 747,764 747,821 743,821"/>
            <TextEquiv index="1" conf="0.9999507963657379">
              <Unicode>d</Unicode>
            </TextEquiv>
          </Glyph>
          <Glyph id="w24205g1">
            <Coords points="755,764 759,764 759,821 755,821"/>
            <TextEquiv index="1" conf="0.9970042407512665">
              <Unicode>i</Unicode>
            </TextEquiv>
          </Glyph>
          <Glyph id="w24205g2">
            <Coords points="770,764 770,764 770,821 770,821"/>
            <TextEquiv index="1" conf="0.7179080694913864">
              <Unicode>e</Unicode>
            </TextEquiv>
          </Glyph>
          <Glyph id="w24205g3">
            <Coords points="778,764 782,764 782,821 778,821"/>
            <TextEquiv index="1" conf="0.9996178895235062">
              <Unicode>a</Unicode>
            </TextEquiv>
          </Glyph>
          <Glyph id="w24205g4">
            <Coords points="805,764 808,764 808,821 805,821"/>
            <TextEquiv index="1" conf="0.9999916851520538">
              <Unicode>m</Unicode>
            </TextEquiv>
          </Glyph>
          <Glyph id="w24205g5">
            <Coords points="828,764 828,764 828,821 828,821"/>
            <TextEquiv index="1" conf="0.9982667118310928">
              <Unicode>,</Unicode>
            </TextEquiv>
          </Glyph>
          <TextEquiv index="1" conf="0.7142026696669788">
            <Unicode>dieam,</Unicode>
          </TextEquiv>
        </Word>
        <Word id="w24206">
          <Coords points="847,764 904,764 904,821 847,821"/>
          <Glyph id="w24206g0">
            <Coords points="847,764 847,764 847,821 847,821"/>
            <TextEquiv index="1" conf="0.9969598352909088">
              <Unicode>ſ</Unicode>
            </TextEquiv>
          </Glyph>
          <Glyph id="w24206g1">
            <Coords points="858,764 862,764 862,821 858,821"/>
            <TextEquiv index="1" conf="0.9999778866767883">
              <Unicode>o</Unicode>
            </TextEquiv>
          </Glyph>
          <Glyph id="w24206g2">
            <Coords points="881,764 885,764 885,821 881,821"/>
            <TextEquiv index="1" conf="0.9998743981122971">
              <Unicode>m</Unicode>
            </TextEquiv>
          </Glyph>
          <Glyph id="w24206g3">
            <Coords points="900,764 904,764 904,821 900,821"/>
            <TextEquiv index="1" conf="0.9995410144329071">
              <Unicode>-</Unicode>
            </TextEquiv>
          </Glyph>
          <TextEquiv index="1" conf="0.996355049343985">
            <Unicode>ſom-</Unicode>
          </TextEquiv>
        </Word>
        <TextEquiv index="1" conf="0.9805063328728724">
          <Unicode>Tutor illi chariſſimus, cum bonâ tuâ veniâ dieam, ſom-</Unicode>
        </TextEquiv>
      </TextLine>
      <TextLine id="r0_l022">
        <Coords points="91,840 679,855 680,820 92,805 91,840"/>
        <Word id="w24207">
          <Coords points="96,805 137,805 137,855 96,855"/>
          <Glyph id="w24207g0">
            <Coords points="96,805 96,805 96,855 96,855"/>
            <TextEquiv index="1" conf="0.9910905212163925">
              <Unicode>n</Unicode>
            </TextEquiv>
          </Glyph>
          <Glyph id="w24207g1">
            <Coords points="115,805 118,805 118,855 115,855"/>
            <TextEquiv index="1" conf="0.9998153895139694">
              <Unicode>u</Unicode>
            </TextEquiv>
          </Glyph>
          <Glyph id="w24207g2">
            <Coords points="133,805 137,805 137,855 133,855"/>
            <TextEquiv index="1" conf="0.9998556524515152">
              <Unicode>s</Unicode>
            </TextEquiv>
          </Glyph>
          <TextEquiv index="1" conf="0.990764520437157">
            <Unicode>nus</Unicode>
          </TextEquiv>
        </Word>
        <Word id="w24208">
          <Coords points="159,805 195,805 195,855 159,855"/>
          <Glyph id="w24208g0">
            <Coords points="159,805 159,805 159,855 159,855"/>
            <TextEquiv index="1" conf="0.9999759495258331">
              <Unicode>e</Unicode>
            </TextEquiv>
          </Glyph>
          <Glyph id="w24208g1">
            <Coords points="170,805 173,805 173,855 170,855"/>
            <TextEquiv index="1" conf="0.9992678761482239">
              <Unicode>ſ</Unicode>
            </TextEquiv>
          </Glyph>
          <Glyph id="w24208g2">
            <Coords points="181,805 184,805 184,855 181,855"/>
            <TextEquiv index="1" conf="0.9999043941497803">
              <Unicode>t</Unicode>
            </TextEquiv>
          </Glyph>
          <Glyph id="w24208g3">
            <Coords points="195,805 195,805 195,855 195,855"/>
            <TextEquiv index="1" conf="0.9856861531734467">
              <Unicode>,</Unicode>
            </TextEquiv>
          </Glyph>
          <TextEquiv index="1" conf="0.9848466538623589">
            <Unicode>eſt,</Unicode>
          </TextEquiv>
        </Word>
        <Word id="w24209">
          <Coords points="228,805 258,805 258,855 228,855"/>
          <Glyph id="w24209g0">
            <Coords points="228,805 228,805 228,855 228,855"/>
            <TextEquiv index="1" conf="0.8692201226949692">
              <Unicode>c</Unicode>
            </TextEquiv>
          </Glyph>
          <Glyph id="w24209g1">
            <Coords points="236,805 239,805 239,855 236,855"/>
            <TextEquiv index="1" conf="0.9994302541017532">
              <Unicode>u</Unicode>
            </TextEquiv>
          </Glyph>
          <Glyph id="w24209g2">
            <Coords points="254,805 258,805 258,855 254,855"/>
            <TextEquiv index="1" conf="0.9963081628084183">
              <Unicode>i</Unicode>
            </TextEquiv>
          </Glyph>
          <TextEquiv index="1" conf="0.865517697244267">
            <Unicode>cui</Unicode>
          </TextEquiv>
        </Word>
        <Word id="w24210">
          <Coords points="276,805 291,805 291,855 276,855"/>
          <Glyph id="w24210g0">
            <Coords points="276,805 280,805 280,855 276,855"/>
            <TextEquiv index="1" conf="0.9967526942491531">
              <Unicode>ſ</Unicode>
            </TextEquiv>
          </Glyph>
          <Glyph id="w24210g1">
            <Coords points="291,805 291,805 291,855 291,855"/>
            <TextEquiv index="1" conf="0.9999321699142456">
              <Unicode>e</Unicode>
            </TextEquiv>
          </Glyph>
          <TextEquiv index="1" conf="0.9966850844284263">
            <Unicode>ſe</Unicode>
          </TextEquiv>
        </Word>
        <Word id="w24211">
          <Coords points="313,805 324,805 324,855 313,855"/>
          <Glyph id="w24211g0">
            <Coords points="313,805 313,805 313,855 313,855"/>
            <TextEquiv index="1" conf="0.9996655881404877">
              <Unicode>i</Unicode>
            </TextEquiv>
          </Glyph>
          <Glyph id="w24211g1">
            <Coords points="324,805 324,805 324,855 324,855"/>
            <TextEquiv index="1" conf="0.9985484629869461">
              <Unicode>n</Unicode>
            </TextEquiv>
          </Glyph>
          <TextEquiv index="1" conf="0.9982145365386255">
            <Unicode>in</Unicode>
          </TextEquiv>
        </Word>
        <Word id="w24212">
          <Coords points="349,805 430,805 430,855 349,855"/>
          <Glyph id="w24212g0">
            <Coords points="349,805 349,805 349,855 349,855"/>
            <TextEquiv index="1" conf="0.9998976588249207">
              <Unicode>p</Unicode>
            </TextEquiv>
          </Glyph>
          <Glyph id="w24212g1">
            <Coords points="368,805 371,805 371,855 368,855"/>
            <TextEquiv index="1" conf="0.9997427016496658">
              <Unicode>r</Unicode>
            </TextEquiv>
          </Glyph>
          <Glyph id="w24212g2">
            <Coords points="379,805 382,805 382,855 379,855"/>
            <TextEquiv index="1" conf="0.9995662420988083">
              <Unicode>i</Unicode>
            </TextEquiv>
          </Glyph>
          <Glyph id="w24212g3">
            <Coords points="401,805 401,805 401,855 401,855"/>
            <TextEquiv index="1" conf="0.9999872744083405">
              <Unicode>m</Unicode>
            </TextEquiv>
          </Glyph>
          <Glyph id="w24212g4">
            <Coords points="419,805 419,805 419,855 419,855"/>
            <TextEquiv index="1" conf="0.9978191405534744">
              <Unicode>i</Unicode>
            </TextEquiv>
          </Glyph>
          <Glyph id="w24212g5">
            <Coords points="430,805 430,805 430,855 430,855"/>
            <TextEquiv index="1" conf="0.9997878968715668">
              <Unicode>s</Unicode>
            </TextEquiv>
          </Glyph>
          <TextEquiv index="1" conf="0.996803497574282">
            <Unicode>primis</Unicode>
          </TextEquiv>
        </Word>
        <Word id="w24213">
          <Coords points="448,805 569,805 569,855 448,855"/>
          <Glyph id="w24213g0">
            <Coords points="448,805 452,805 452,855 448,855"/>
            <TextEquiv index="1" conf="0.9996288418769836">
              <Unicode>t</Unicode>
            </TextEquiv>
          </Glyph>
          <Glyph id="w24213g1">
            <Coords points="459,805 463,805 463,855 459,855"/>
            <TextEquiv index="1" conf="0.9997613281011581">
              <Unicode>u</Unicode>
            </TextEquiv>
          </Glyph>
          <Glyph id="w24213g2">
            <Coords points="478,805 481,805 481,855 478,855"/>
            <TextEquiv index="1" conf="0.9993052035570145">
              <Unicode>t</Unicode>
            </TextEquiv>
          </Glyph>
          <Glyph id="w24213g3">
            <Coords points="489,805 492,805 492,855 489,855"/>
            <TextEquiv index="1" conf="0.999129131436348">
              <Unicode>a</Unicode>
            </TextEquiv>
          </Glyph>
          <Glyph id="w24213g4">
            <Coords points="503,805 507,805 507,855 503,855"/>
            <TextEquiv index="1" conf="0.9993032366037369">
              <Unicode>n</Unicode>
            </TextEquiv>
          </Glyph>
          <Glyph id="w24213g5">
            <Coords points="525,805 529,805 529,855 525,855"/>
            <TextEquiv index="1" conf="0.9995906203985214">
              <Unicode>d</Unicode>
            </TextEquiv>
          </Glyph>
          <Glyph id="w24213g6">
            <Coords points="540,805 544,805 544,855 540,855"/>
            <TextEquiv index="1" conf="0.9994921386241913">
              <Unicode>u</Unicode>
            </TextEquiv>
          </Glyph>
          <Glyph id="w24213g7">
            <Coords points="566,805 569,805 569,855 566,855"/>
            <TextEquiv index="1" conf="0.99992336332798">
              <Unicode>m</Unicode>
            </TextEquiv>
          </Glyph>
          <TextEquiv index="1" conf="0.996140155444817">
            <Unicode>tutandum</Unicode>
          </TextEquiv>
        </Word>
        <Word id="w24214">
          <Coords points="602,805 675,805 675,855 602,855"/>
          <Glyph id="w24214g0">
            <Coords points="602,805 606,805 606,855 602,855"/>
            <TextEquiv index="1" conf="0.9995600283145905">
              <Unicode>d</Unicode>
            </TextEquiv>
          </Glyph>
          <Glyph id="w24214g1">
            <Coords points="617,805 621,805 621,855 617,855"/>
            <TextEquiv index="1" conf="0.9998314827680588">
              <Unicode>e</Unicode>
            </TextEquiv>
          </Glyph>
          <Glyph id="w24214g2">
            <Coords points="635,805 639,805 639,855 635,855"/>
            <TextEquiv index="1" conf="0.9999777972698212">
              <Unicode>d</Unicode>
            </TextEquiv>
          </Glyph>
          <Glyph id="w24214g3">
            <Coords points="646,805 650,805 650,855 646,855"/>
            <TextEquiv index="1" conf="0.9999458491802216">
              <Unicode>i</Unicode>
            </TextEquiv>
          </Glyph>
          <Glyph id="w24214g4">
            <Coords points="657,805 661,805 661,855 657,855"/>
            <TextEquiv index="1" conf="0.9996878802776337">
              <Unicode>t</Unicode>
            </TextEquiv>
          </Glyph>
          <Glyph id="w24214g5">
            <Coords points="672,805 675,805 675,855 672,855"/>
            <TextEquiv index="1" conf="0.8903099894523621">
              <Unicode>.</Unicode>
            </TextEquiv>
          </Glyph>
          <TextEquiv index="1" conf="0.8894226827671011">
            <Unicode>dedit.</Unicode>
          </TextEquiv>
        </Word>
        <TextEquiv index="1" conf="0.9929620936149504">
          <Unicode>nus eſt, cui ſe in primis tutandum dedit.</Unicode>
        </TextEquiv>
      </TextLine>
      <TextLine id="r0_l023">
        <Coords points="403,892 554,896 555,862 404,858 403,892"/>
        <Word id="w24215">
          <Coords points="459,858 549,858 549,896 459,896"/>
          <Glyph id="w24215g0">
            <Coords points="459,858 463,858 463,896 459,896"/>
            <TextEquiv index="1" conf="0.9440054446458817">
              <Unicode>T</Unicode>
            </TextEquiv>
          </Glyph>
          <Glyph id="w24215g1">
            <Coords points="493,858 493,858 493,896 493,896"/>
            <TextEquiv index="1" conf="0.9767837822437286">
              <Unicode>I</Unicode>
            </TextEquiv>
          </Glyph>
          <Glyph id="w24215g2">
            <Coords points="519,858 536,858 536,896 519,896"/>
            <TextEquiv index="1" conf="0.8859720081090927">
              <Unicode>M</Unicode>
            </TextEquiv>
          </Glyph>
          <Glyph id="w24215g3">
            <Coords points="549,858 549,858 549,896 549,896"/>
            <TextEquiv index="1" conf="0.9833984375">
              <Unicode>.</Unicode>
            </TextEquiv>
          </Glyph>
          <TextEquiv index="1" conf="0.8033826606102771">
            <Unicode>TIM.</Unicode>
          </TextEquiv>
        </Word>
        <TextEquiv index="1" conf="0.9475399181246758">
          <Unicode>TIM.</Unicode>
        </TextEquiv>
      </TextLine>
      <TextLine id="r0_l024">
        <Coords points="551,931 552,930 553,930 554,929 680,933 681,931 681,930 682,930 868,935 869,934 870,934 870,933 871,931 898,931 899,930 900,931 901,930 902,930 904,928 904,916 902,915 873,914 873,913 873,906 872,905 701,900 700,900 700,898 699,897 699,896 699,895 698,895 697,896 697,899 696,900 696,901 404,894 403,893 403,892 403,891 369,891 367,889 367,888 366,888 365,888 365,889 141,884 141,883 141,881 140,881 139,881 138,885 138,886 136,886 135,886 135,887 132,887 129,890 129,892 128,893 128,902 126,904 127,905 127,908 128,909 128,910 129,911 130,911 131,912 175,914 176,914 176,917 175,918 101,916 101,917 101,918 176,920 178,922 187,922 188,921 189,921 191,919 191,918 192,917 192,913 391,918 392,919 544,923 545,924 544,930 545,930 546,930 547,931 551,931"/>
        <Word id="w24216">
          <Coords points="134,881 215,881 215,935 134,935"/>
          <Glyph id="w24216g0">
            <Coords points="134,881 138,881 138,935 134,935"/>
            <TextEquiv index="1" conf="0.9999496340751648">
              <Unicode>S</Unicode>
            </TextEquiv>
          </Glyph>
          <Glyph id="w24216g1">
            <Coords points="150,881 150,881 150,935 150,935"/>
            <TextEquiv index="1" conf="0.9995431452989578">
              <Unicode>u</Unicode>
            </TextEquiv>
          </Glyph>
          <Glyph id="w24216g2">
            <Coords points="169,881 169,881 169,935 169,935"/>
            <TextEquiv index="1" conf="0.9998262822628021">
              <Unicode>r</Unicode>
            </TextEquiv>
          </Glyph>
          <Glyph id="w24216g3">
            <Coords points="184,881 188,881 188,935 184,935"/>
            <TextEquiv index="1" conf="0.999953955411911">
              <Unicode>g</Unicode>
            </TextEquiv>
          </Glyph>
          <Glyph id="w24216g4">
            <Coords points="196,881 199,881 199,935 196,935"/>
            <TextEquiv index="1" conf="0.999690443277359">
              <Unicode>a</Unicode>
            </TextEquiv>
          </Glyph>
          <Glyph id="w24216g5">
            <Coords points="211,881 215,881 215,935 211,935"/>
            <TextEquiv index="1" conf="0.9998756647109985">
              <Unicode>t</Unicode>
            </TextEquiv>
          </Glyph>
          <TextEquiv index="1" conf="0.9988396213358638">
            <Unicode>Surgat</Unicode>
          </TextEquiv>
        </Word>
        <Word id="w24217">
          <Coords points="238,881 284,881 284,935 238,935"/>
          <Glyph id="w24217g0">
            <Coords points="238,881 238,881 238,935 238,935"/>
            <TextEquiv index="1" conf="0.9586161375045776">
              <Unicode>ſ</Unicode>
            </TextEquiv>
          </Glyph>
          <Glyph id="w24217g1">
            <Coords points="241,881 245,881 245,935 241,935"/>
            <TextEquiv index="1" conf="0.9972184747457504">
              <Unicode>a</Unicode>
            </TextEquiv>
          </Glyph>
          <Glyph id="w24217g2">
            <Coords points="261,881 261,881 261,935 261,935"/>
            <TextEquiv index="1" conf="0.9998128563165665">
              <Unicode>n</Unicode>
            </TextEquiv>
          </Glyph>
          <Glyph id="w24217g3">
            <Coords points="280,881 284,881 284,935 280,935"/>
            <TextEquiv index="1" conf="0.8615664839744568">
              <Unicode>è</Unicode>
            </TextEquiv>
          </Glyph>
          <TextEquiv index="1" conf="0.8234601070755762">
            <Unicode>ſanè</Unicode>
          </TextEquiv>
        </Word>
        <Word id="w24218">
          <Coords points="310,881 353,881 353,935 310,935"/>
          <Glyph id="w24218g0">
            <Coords points="310,881 310,881 310,935 310,935"/>
            <TextEquiv index="1" conf="0.9996116608381271">
              <Unicode>m</Unicode>
            </TextEquiv>
          </Glyph>
          <Glyph id="w24218g1">
            <Coords points="330,881 333,881 333,935 330,935"/>
            <TextEquiv index="1" conf="0.9999494254589081">
              <Unicode>o</Unicode>
            </TextEquiv>
          </Glyph>
          <Glyph id="w24218g2">
            <Coords points="349,881 353,881 353,935 349,935"/>
            <TextEquiv index="1" conf="0.998304471373558">
              <Unicode>d</Unicode>
            </TextEquiv>
          </Glyph>
          <TextEquiv index="1" conf="0.9978663214681157">
            <Unicode>mod</Unicode>
          </TextEquiv>
        </Word>
        <Word id="w24219">
          <Coords points="395,881 410,881 410,935 395,935"/>
          <Glyph id="w24219g0">
            <Coords points="395,881 410,881 410,935 395,935"/>
            <TextEquiv index="1" conf="0.9976731836795807">
              <Unicode>&amp;</Unicode>
            </TextEquiv>
          </Glyph>
          <TextEquiv index="1" conf="0.9976731836795807">
            <Unicode>&amp;</Unicode>
          </TextEquiv>
        </Word>
        <Word id="w24220">
          <Coords points="437,881 464,881 464,935 437,935"/>
          <Glyph id="w24220g0">
            <Coords points="437,881 441,881 441,935 437,935"/>
            <TextEquiv index="1" conf="0.9998324662446976">
              <Unicode>m</Unicode>
            </TextEquiv>
          </Glyph>
          <Glyph id="w24220g1">
            <Coords points="460,881 464,881 464,935 460,935"/>
            <TextEquiv index="1" conf="0.9999224543571472">
              <Unicode>e</Unicode>
            </TextEquiv>
          </Glyph>
          <TextEquiv index="1" conf="0.9997549335933575">
            <Unicode>me</Unicode>
          </TextEquiv>
        </Word>
        <Word id="w24221">
          <Coords points="487,881 621,881 621,935 487,935"/>
          <Glyph id="w24221g0">
            <Coords points="487,881 490,881 490,935 487,935"/>
            <TextEquiv index="1" conf="0.9997266083955765">
              <Unicode>a</Unicode>
            </TextEquiv>
          </Glyph>
          <Glyph id="w24221g1">
            <Coords points="502,881 506,881 506,935 502,935"/>
            <TextEquiv index="1" conf="0.9959913641214371">
              <Unicode>l</Unicode>
            </TextEquiv>
          </Glyph>
          <Glyph id="w24221g2">
            <Coords points="513,881 513,881 513,935 513,935"/>
            <TextEquiv index="1" conf="0.9990598112344742">
              <Unicode>l</Unicode>
            </TextEquiv>
          </Glyph>
          <Glyph id="w24221g3">
            <Coords points="529,881 532,881 532,935 529,935"/>
            <TextEquiv index="1" conf="0.9888087511062622">
              <Unicode>o</Unicode>
            </TextEquiv>
          </Glyph>
          <Glyph id="w24221g4">
            <Coords points="544,881 548,881 548,935 544,935"/>
            <TextEquiv index="1" conf="0.9995104521512985">
              <Unicode>q</Unicode>
            </TextEquiv>
          </Glyph>
          <Glyph id="w24221g5">
            <Coords points="559,881 559,881 559,935 559,935"/>
            <TextEquiv index="1" conf="0.9860335737466812">
              <Unicode>u</Unicode>
            </TextEquiv>
          </Glyph>
          <Glyph id="w24221g6">
            <Coords points="575,881 578,881 578,935 575,935"/>
            <TextEquiv index="1" conf="0.9998473078012466">
              <Unicode>a</Unicode>
            </TextEquiv>
          </Glyph>
          <Glyph id="w24221g7">
            <Coords points="590,881 590,881 590,935 590,935"/>
            <TextEquiv index="1" conf="0.999988853931427">
              <Unicode>t</Unicode>
            </TextEquiv>
          </Glyph>
          <Glyph id="w24221g8">
            <Coords points="601,881 601,881 601,935 601,935"/>
            <TextEquiv index="1" conf="0.9998180419206619">
              <Unicode>u</Unicode>
            </TextEquiv>
          </Glyph>
          <Glyph id="w24221g9">
            <Coords points="621,881 621,881 621,935 621,935"/>
            <TextEquiv index="1" conf="0.9978536069393158">
              <Unicode>r</Unicode>
            </TextEquiv>
          </Glyph>
          <TextEquiv index="1" conf="0.9670218764281775">
            <Unicode>alloquatur</Unicode>
          </TextEquiv>
        </Word>
        <Word id="w24222">
          <Coords points="651,881 724,881 724,935 651,935"/>
          <Glyph id="w24222g0">
            <Coords points="651,881 655,881 655,935 651,935"/>
            <TextEquiv index="1" conf="0.9982836693525314">
              <Unicode>o</Unicode>
            </TextEquiv>
          </Glyph>
          <Glyph id="w24222g1">
            <Coords points="670,881 670,881 670,935 670,935"/>
            <TextEquiv index="1" conf="0.9868702739477158">
              <Unicode>e</Unicode>
            </TextEquiv>
          </Glyph>
          <Glyph id="w24222g2">
            <Coords points="678,881 682,881 682,935 678,935"/>
            <TextEquiv index="1" conf="0.845397174358368">
              <Unicode>y</Unicode>
            </TextEquiv>
          </Glyph>
          <Glyph id="w24222g3">
            <Coords points="697,881 697,881 697,935 697,935"/>
            <TextEquiv index="1" conf="0.9926139563322067">
              <Unicode>ù</Unicode>
            </TextEquiv>
          </Glyph>
          <Glyph id="w24222g4">
            <Coords points="716,881 716,881 716,935 716,935"/>
            <TextEquiv index="1" conf="0.9999567866325378">
              <Unicode>s</Unicode>
            </TextEquiv>
          </Glyph>
          <Glyph id="w24222g5">
            <Coords points="724,881 724,881 724,935 724,935"/>
            <TextEquiv index="1" conf="0.9987762421369553">
              <Unicode>.</Unicode>
            </TextEquiv>
          </Glyph>
          <TextEquiv index="1" conf="0.8256664517429295">
            <Unicode>oeyùs.</Unicode>
          </TextEquiv>
        </Word>
        <Word id="w24223">
          <Coords points="781,881 827,881 827,935 781,935"/>
          <Glyph id="w24223g0">
            <Coords points="781,881 785,881 785,935 781,935"/>
            <TextEquiv index="1" conf="0.9999189376831055">
              <Unicode>D</Unicode>
            </TextEquiv>
          </Glyph>
          <Glyph id="w24223g1">
            <Coords points="797,881 800,881 800,935 797,935"/>
            <TextEquiv index="1" conf="0.999920979142189">
              <Unicode>u</Unicode>
            </TextEquiv>
          </Glyph>
          <Glyph id="w24223g2">
            <Coords points="823,881 827,881 827,935 823,935"/>
            <TextEquiv index="1" conf="0.9999949932098389">
              <Unicode>m</Unicode>
            </TextEquiv>
          </Glyph>
          <TextEquiv index="1" conf="0.999834917242218">
            <Unicode>Dum</Unicode>
          </TextEquiv>
        </Word>
        <Word id="w24224">
          <Coords points="858,881 900,881 900,935 858,935"/>
          <Glyph id="w24224g0">
            <Coords points="858,881 862,881 862,935 858,935"/>
            <TextEquiv index="1" conf="0.9967908561229706">
              <Unicode>e</Unicode>
            </TextEquiv>
          </Glyph>
          <Glyph id="w24224g1">
            <Coords points="869,881 869,881 869,935 869,935"/>
            <TextEquiv index="1" conf="0.8370598554611206">
              <Unicode>j</Unicode>
            </TextEquiv>
          </Glyph>
          <Glyph id="w24224g2">
            <Coords points="877,881 881,881 881,935 877,935"/>
            <TextEquiv index="1" conf="0.9993664175271988">
              <Unicode>u</Unicode>
            </TextEquiv>
          </Glyph>
          <Glyph id="w24224g3">
            <Coords points="896,881 900,881 900,935 896,935"/>
            <TextEquiv index="1" conf="0.9999391436576843">
              <Unicode>s</Unicode>
            </TextEquiv>
          </Glyph>
          <TextEquiv index="1" conf="0.8337942207015714">
            <Unicode>ejus</Unicode>
          </TextEquiv>
        </Word>
        <TextEquiv index="1" conf="0.9875942731791354">
          <Unicode>Surgat ſanè mod &amp; me alloquatur oeyùs. Dum ejus</Unicode>
        </TextEquiv>
      </TextLine>
      <TextLine id="r0_l025">
        <Coords points="361,964 362,963 554,968 554,967 555,966 794,973 794,972 795,966 888,968 889,968 889,966 889,965 897,965 898,964 900,965 901,964 902,964 903,963 903,957 902,957 892,956 892,952 892,951 860,950 859,950 859,941 859,940 649,935 648,936 104,922 103,921 97,920 97,921 96,925 95,926 95,927 92,927 91,928 91,932 31,931 30,931 31,932 90,933 90,934 90,935 89,936 89,937 88,938 88,943 92,947 143,949 144,949 144,951 144,952 178,953 179,953 179,955 179,956 181,956 182,956 182,957 182,958 237,959 238,960 351,963 352,964 361,964"/>
        <Word id="w24225">
          <Coords points="101,920 125,920 125,973 101,973"/>
          <Glyph id="w24225g0">
            <Coords points="101,920 101,920 101,973 101,973"/>
            <TextEquiv index="1" conf="0.9943706095218658">
              <Unicode>d</Unicode>
            </TextEquiv>
          </Glyph>
          <Glyph id="w24225g1">
            <Coords points="109,920 113,920 113,973 109,973"/>
            <TextEquiv index="1" conf="0.9997070282697678">
              <Unicode>i</Unicode>
            </TextEquiv>
          </Glyph>
          <Glyph id="w24225g2">
            <Coords points="121,920 125,920 125,973 121,973"/>
            <TextEquiv index="1" conf="0.9977734833955765">
              <Unicode>u</Unicode>
            </TextEquiv>
          </Glyph>
          <TextEquiv index="1" conf="0.9918659530051854">
            <Unicode>diu</Unicode>
          </TextEquiv>
        </Word>
        <Word id="w24226">
          <Coords points="157,920 277,920 277,973 157,973"/>
          <Glyph id="w24226g0">
            <Coords points="157,920 157,920 157,973 157,973"/>
            <TextEquiv index="1" conf="0.9978436529636383">
              <Unicode>n</Unicode>
            </TextEquiv>
          </Glyph>
          <Glyph id="w24226g1">
            <Coords points="177,920 181,920 181,973 177,973"/>
            <TextEquiv index="1" conf="0.9986733794212341">
              <Unicode>o</Unicode>
            </TextEquiv>
          </Glyph>
          <Glyph id="w24226g2">
            <Coords points="193,920 197,920 197,973 193,973"/>
            <TextEquiv index="1" conf="0.8717406541109085">
              <Unicode>c</Unicode>
            </TextEquiv>
          </Glyph>
          <Glyph id="w24226g3">
            <Coords points="205,920 209,920 209,973 205,973"/>
            <TextEquiv index="1" conf="0.9994249790906906">
              <Unicode>t</Unicode>
            </TextEquiv>
          </Glyph>
          <Glyph id="w24226g4">
            <Coords points="217,920 221,920 221,973 217,973"/>
            <TextEquiv index="1" conf="0.9997645020484924">
              <Unicode>u</Unicode>
            </TextEquiv>
          </Glyph>
          <Glyph id="w24226g5">
            <Coords points="237,920 245,920 245,973 237,973"/>
            <TextEquiv index="1" conf="0.9948727786540985">
              <Unicode>q</Unicode>
            </TextEquiv>
          </Glyph>
          <Glyph id="w24226g6">
            <Coords points="253,920 257,920 257,973 253,973"/>
            <TextEquiv index="1" conf="0.9996503591537476">
              <Unicode>u</Unicode>
            </TextEquiv>
          </Glyph>
          <Glyph id="w24226g7">
            <Coords points="273,920 277,920 277,973 273,973"/>
            <TextEquiv index="1" conf="0.999498263001442">
              <Unicode>e</Unicode>
            </TextEquiv>
          </Glyph>
          <TextEquiv index="1" conf="0.8628174166582688">
            <Unicode>noctuque</Unicode>
          </TextEquiv>
        </Word>
        <Word id="w24227">
          <Coords points="293,920 397,920 397,973 293,973"/>
          <Glyph id="w24227g0">
            <Coords points="293,920 297,920 297,973 293,973"/>
            <TextEquiv index="1" conf="0.9994054287672043">
              <Unicode>i</Unicode>
            </TextEquiv>
          </Glyph>
          <Glyph id="w24227g1">
            <Coords points="305,920 309,920 309,973 305,973"/>
            <TextEquiv index="1" conf="0.9993152171373367">
              <Unicode>n</Unicode>
            </TextEquiv>
          </Glyph>
          <Glyph id="w24227g2">
            <Coords points="329,920 333,920 333,973 329,973"/>
            <TextEquiv index="1" conf="0.999138131737709">
              <Unicode>v</Unicode>
            </TextEquiv>
          </Glyph>
          <Glyph id="w24227g3">
            <Coords points="341,920 345,920 345,973 341,973"/>
            <TextEquiv index="1" conf="0.9998237937688828">
              <Unicode>i</Unicode>
            </TextEquiv>
          </Glyph>
          <Glyph id="w24227g4">
            <Coords points="357,920 361,920 361,973 357,973"/>
            <TextEquiv index="1" conf="0.9973703324794769">
              <Unicode>g</Unicode>
            </TextEquiv>
          </Glyph>
          <Glyph id="w24227g5">
            <Coords points="369,920 373,920 373,973 369,973"/>
            <TextEquiv index="1" conf="0.9998311549425125">
              <Unicode>i</Unicode>
            </TextEquiv>
          </Glyph>
          <Glyph id="w24227g6">
            <Coords points="381,920 381,920 381,973 381,973"/>
            <TextEquiv index="1" conf="0.9997731447219849">
              <Unicode>l</Unicode>
            </TextEquiv>
          </Glyph>
          <Glyph id="w24227g7">
            <Coords points="393,920 397,920 397,973 393,973"/>
            <TextEquiv index="1" conf="0.9996018707752228">
              <Unicode>o</Unicode>
            </TextEquiv>
          </Glyph>
          <TextEquiv index="1" conf="0.9942711655836373">
            <Unicode>invigilo</Unicode>
          </TextEquiv>
        </Word>
        <Word id="w24228">
          <Coords points="425,920 504,920 504,973 425,973"/>
          <Glyph id="w24228g0">
            <Coords points="425,920 429,920 429,973 425,973"/>
            <TextEquiv index="1" conf="0.9895782619714737">
              <Unicode>r</Unicode>
            </TextEquiv>
          </Glyph>
          <Glyph id="w24228g1">
            <Coords points="441,920 441,920 441,973 441,973"/>
            <TextEquiv index="1" conf="0.9989510029554367">
              <Unicode>e</Unicode>
            </TextEquiv>
          </Glyph>
          <Glyph id="w24228g2">
            <Coords points="449,920 453,920 453,973 449,973"/>
            <TextEquiv index="1" conf="0.9996868669986725">
              <Unicode>b</Unicode>
            </TextEquiv>
          </Glyph>
          <Glyph id="w24228g3">
            <Coords points="468,920 468,920 468,973 468,973"/>
            <TextEquiv index="1" conf="0.9998523890972137">
              <Unicode>u</Unicode>
            </TextEquiv>
          </Glyph>
          <Glyph id="w24228g4">
            <Coords points="488,920 488,920 488,973 488,973"/>
            <TextEquiv index="1" conf="0.9999502897262573">
              <Unicode>s</Unicode>
            </TextEquiv>
          </Glyph>
          <Glyph id="w24228g5">
            <Coords points="504,920 504,920 504,973 504,973"/>
            <TextEquiv index="1" conf="0.9813961982727051">
              <Unicode>,</Unicode>
            </TextEquiv>
          </Glyph>
          <TextEquiv index="1" conf="0.9696544416170688">
            <Unicode>rebus,</Unicode>
          </TextEquiv>
        </Word>
        <Word id="w24229">
          <Coords points="540,920 620,920 620,973 540,973"/>
          <Glyph id="w24229g0">
            <Coords points="540,920 540,920 540,973 540,973"/>
            <TextEquiv index="1" conf="0.9866137355566025">
              <Unicode>i</Unicode>
            </TextEquiv>
          </Glyph>
          <Glyph id="w24229g1">
            <Coords points="548,920 552,920 552,973 548,973"/>
            <TextEquiv index="1" conf="0.9894171804189682">
              <Unicode>p</Unicode>
            </TextEquiv>
          </Glyph>
          <Glyph id="w24229g2">
            <Coords points="568,920 568,920 568,973 568,973"/>
            <TextEquiv index="1" conf="0.990855023264885">
              <Unicode>ſ</Unicode>
            </TextEquiv>
          </Glyph>
          <Glyph id="w24229g3">
            <Coords points="576,920 580,920 580,973 576,973"/>
            <TextEquiv index="1" conf="0.9997389614582062">
              <Unicode>u</Unicode>
            </TextEquiv>
          </Glyph>
          <Glyph id="w24229g4">
            <Coords points="604,920 604,920 604,973 604,973"/>
            <TextEquiv index="1" conf="0.9999879896640778">
              <Unicode>m</Unicode>
            </TextEquiv>
          </Glyph>
          <Glyph id="w24229g5">
            <Coords points="620,920 620,920 620,973 620,973"/>
            <TextEquiv index="1" conf="0.5405696630477905">
              <Unicode>.</Unicode>
            </TextEquiv>
          </Glyph>
          <TextEquiv index="1" conf="0.522720810973039">
            <Unicode>ipſum.</Unicode>
          </TextEquiv>
        </Word>
        <Word id="w24230">
          <Coords points="644,920 668,920 668,973 644,973"/>
          <Glyph id="w24230g0">
            <Coords points="644,920 648,920 648,973 644,973"/>
            <TextEquiv index="1" conf="0.9974090158939362">
              <Unicode>d</Unicode>
            </TextEquiv>
          </Glyph>
          <Glyph id="w24230g1">
            <Coords points="656,920 660,920 660,973 656,973"/>
            <TextEquiv index="1" conf="0.9988818764686584">
              <Unicode>i</Unicode>
            </TextEquiv>
          </Glyph>
          <Glyph id="w24230g2">
            <Coords points="668,920 668,920 668,973 668,973"/>
            <TextEquiv index="1" conf="0.9931037425994873">
              <Unicode>u</Unicode>
            </TextEquiv>
          </Glyph>
          <TextEquiv index="1" conf="0.9894230909846384">
            <Unicode>diu</Unicode>
          </TextEquiv>
        </Word>
        <Word id="w24231">
          <Coords points="700,920 820,920 820,973 700,973"/>
          <Glyph id="w24231g0">
            <Coords points="700,920 704,920 704,973 700,973"/>
            <TextEquiv index="1" conf="0.9998350590467453">
              <Unicode>n</Unicode>
            </TextEquiv>
          </Glyph>
          <Glyph id="w24231g1">
            <Coords points="724,920 728,920 728,973 724,973"/>
            <TextEquiv index="1" conf="0.9992561191320419">
              <Unicode>o</Unicode>
            </TextEquiv>
          </Glyph>
          <Glyph id="w24231g2">
            <Coords points="740,920 740,920 740,973 740,973"/>
            <TextEquiv index="1" conf="0.9981942474842072">
              <Unicode>c</Unicode>
            </TextEquiv>
          </Glyph>
          <Glyph id="w24231g3">
            <Coords points="752,920 752,920 752,973 752,973"/>
            <TextEquiv index="1" conf="0.9999294281005859">
              <Unicode>t</Unicode>
            </TextEquiv>
          </Glyph>
          <Glyph id="w24231g4">
            <Coords points="764,920 764,920 764,973 764,973"/>
            <TextEquiv index="1" conf="0.9999458491802216">
              <Unicode>u</Unicode>
            </TextEquiv>
          </Glyph>
          <Glyph id="w24231g5">
            <Coords points="784,920 788,920 788,973 784,973"/>
            <TextEquiv index="1" conf="0.9982527047395706">
              <Unicode>q</Unicode>
            </TextEquiv>
          </Glyph>
          <Glyph id="w24231g6">
            <Coords points="800,920 800,920 800,973 800,973"/>
            <TextEquiv index="1" conf="0.9994498044252396">
              <Unicode>u</Unicode>
            </TextEquiv>
          </Glyph>
          <Glyph id="w24231g7">
            <Coords points="820,920 820,920 820,973 820,973"/>
            <TextEquiv index="1" conf="0.9997837394475937">
              <Unicode>e</Unicode>
            </TextEquiv>
          </Glyph>
          <TextEquiv index="1" conf="0.994657643158472">
            <Unicode>noctuque</Unicode>
          </TextEquiv>
        </Word>
        <Word id="w24232">
          <Coords points="852,920 900,920 900,973 852,973"/>
          <Glyph id="w24232g0">
            <Coords points="852,920 856,920 856,973 852,973"/>
            <TextEquiv index="1" conf="0.9993942528963089">
              <Unicode>d</Unicode>
            </TextEquiv>
          </Glyph>
          <Glyph id="w24232g1">
            <Coords points="872,920 876,920 876,973 872,973"/>
            <TextEquiv index="1" conf="0.9999032318592072">
              <Unicode>o</Unicode>
            </TextEquiv>
          </Glyph>
          <Glyph id="w24232g2">
            <Coords points="884,920 888,920 888,973 884,973"/>
            <TextEquiv index="1" conf="0.9884940534830093">
              <Unicode>r</Unicode>
            </TextEquiv>
          </Glyph>
          <Glyph id="w24232g3">
            <Coords points="896,920 900,920 900,973 896,973"/>
            <TextEquiv index="1" conf="0.9997901618480682">
              <Unicode>-</Unicode>
            </TextEquiv>
          </Glyph>
          <TextEquiv index="1" conf="0.9875924012247528">
            <Unicode>dor-</Unicode>
          </TextEquiv>
        </Word>
        <TextEquiv index="1" conf="0.9866035735269763">
          <Unicode>diu noctuque invigilo rebus, ipſum. diu noctuque dor-</Unicode>
        </TextEquiv>
      </TextLine>
      <TextLine id="r0_l026">
        <Coords points="283,989 286,987 286,986 285,985 285,983 284,982 283,982 283,980 283,979 273,979 272,979 272,975 271,973 269,973 268,972 268,971 267,970 265,972 216,971 215,970 216,962 214,961 182,960 182,959 182,958 181,958 181,960 180,961 177,961 176,969 176,970 126,968 125,968 125,962 124,960 123,960 122,959 121,959 121,960 120,967 101,967 100,968 91,967 90,968 89,968 88,969 88,984 243,988 244,987 246,987 279,988 280,989 283,989"/>
        <Word id="w24233">
          <Coords points="99,958 148,958 148,989 99,989"/>
          <Glyph id="w24233g0">
            <Coords points="99,958 103,958 103,989 99,989"/>
            <TextEquiv index="1" conf="0.9999339878559113">
              <Unicode>m</Unicode>
            </TextEquiv>
          </Glyph>
          <Glyph id="w24233g1">
            <Coords points="117,958 120,958 120,989 117,989"/>
            <TextEquiv index="1" conf="0.9998928606510162">
              <Unicode>i</Unicode>
            </TextEquiv>
          </Glyph>
          <Glyph id="w24233g2">
            <Coords points="131,958 134,958 134,989 131,989"/>
            <TextEquiv index="1" conf="0.9999195039272308">
              <Unicode>r</Unicode>
            </TextEquiv>
          </Glyph>
          <Glyph id="w24233g3">
            <Coords points="145,958 148,958 148,989 145,989"/>
            <TextEquiv index="1" conf="0.999943196773529">
              <Unicode>e</Unicode>
            </TextEquiv>
          </Glyph>
          <TextEquiv index="1" conf="0.9996895846244381">
            <Unicode>mire</Unicode>
          </TextEquiv>
        </Word>
        <Word id="w24234">
          <Coords points="180,958 281,958 281,989 180,989"/>
          <Glyph id="w24234g0">
            <Coords points="180,958 180,958 180,989 180,989"/>
            <TextEquiv index="1" conf="0.8257106617093086">
              <Unicode>d</Unicode>
            </TextEquiv>
          </Glyph>
          <Glyph id="w24234g1">
            <Coords points="190,958 194,958 194,989 190,989"/>
            <TextEquiv index="1" conf="0.9999609589576721">
              <Unicode>e</Unicode>
            </TextEquiv>
          </Glyph>
          <Glyph id="w24234g2">
            <Coords points="208,958 211,958 211,989 208,989"/>
            <TextEquiv index="1" conf="0.9996936023235321">
              <Unicode>d</Unicode>
            </TextEquiv>
          </Glyph>
          <Glyph id="w24234g3">
            <Coords points="225,958 225,958 225,989 225,989"/>
            <TextEquiv index="1" conf="0.9999607801437378">
              <Unicode>e</Unicode>
            </TextEquiv>
          </Glyph>
          <Glyph id="w24234g4">
            <Coords points="239,958 239,958 239,989 239,989"/>
            <TextEquiv index="1" conf="0.994418129324913">
              <Unicode>c</Unicode>
            </TextEquiv>
          </Glyph>
          <Glyph id="w24234g5">
            <Coords points="253,958 253,958 253,989 253,989"/>
            <TextEquiv index="1" conf="0.9999833106994629">
              <Unicode>e</Unicode>
            </TextEquiv>
          </Glyph>
          <Glyph id="w24234g6">
            <Coords points="264,958 267,958 267,989 264,989"/>
            <TextEquiv index="1" conf="0.9986840486526489">
              <Unicode>t</Unicode>
            </TextEquiv>
          </Glyph>
          <Glyph id="w24234g7">
            <Coords points="278,958 281,958 281,989 278,989"/>
            <TextEquiv index="1" conf="0.9301572889089584">
              <Unicode>.</Unicode>
            </TextEquiv>
          </Glyph>
          <TextEquiv index="1" conf="0.762442520274656">
            <Unicode>dedecet.</Unicode>
          </TextEquiv>
        </Word>
        <TextEquiv index="1" conf="0.9804931965011817">
          <Unicode>mire dedecet.</Unicode>
        </TextEquiv>
      </TextLine>
      <TextLine id="r0_l027">
        <Coords points="435,1039 548,1042 549,1013 436,1010 435,1039"/>
        <Word id="w24235">
          <Coords points="448,1010 543,1010 543,1042 448,1042"/>
          <Glyph id="w24235g0">
            <Coords points="448,1010 453,1010 453,1042 448,1042"/>
            <TextEquiv index="1" conf="0.9978825151920319">
              <Unicode>E</Unicode>
            </TextEquiv>
          </Glyph>
          <Glyph id="w24235g1">
            <Coords points="483,1010 491,1010 491,1042 483,1042"/>
            <TextEquiv index="1" conf="0.954412505030632">
              <Unicode>R</Unicode>
            </TextEquiv>
          </Glyph>
          <Glyph id="w24235g2">
            <Coords points="530,1010 530,1010 530,1042 530,1042"/>
            <TextEquiv index="1" conf="0.9850650876760483">
              <Unicode>G</Unicode>
            </TextEquiv>
          </Glyph>
          <Glyph id="w24235g3">
            <Coords points="543,1010 543,1010 543,1042 543,1042"/>
            <TextEquiv index="1" conf="0.9851372539997101">
              <Unicode>.</Unicode>
            </TextEquiv>
          </Glyph>
          <TextEquiv index="1" conf="0.9242239190012735">
            <Unicode>ERG.</Unicode>
          </TextEquiv>
        </Word>
        <TextEquiv index="1" conf="0.9806243404746056">
          <Unicode>ERG.</Unicode>
        </TextEquiv>
      </TextLine>
      <TextLine id="r0_l028">
        <Coords points="121,1084 899,1104 900,1063 122,1043 121,1084"/>
        <Word id="w24236">
          <Coords points="127,1043 196,1043 196,1104 127,1104"/>
          <Glyph id="w24236g0">
            <Coords points="127,1043 127,1043 127,1104 127,1104"/>
            <TextEquiv index="1" conf="0.9996602088212967">
              <Unicode>I</Unicode>
            </TextEquiv>
          </Glyph>
          <Glyph id="w24236g1">
            <Coords points="139,1043 139,1043 139,1104 139,1104"/>
            <TextEquiv index="1" conf="0.9999258667230606">
              <Unicode>p</Unicode>
            </TextEquiv>
          </Glyph>
          <Glyph id="w24236g2">
            <Coords points="158,1043 158,1043 158,1104 158,1104"/>
            <TextEquiv index="1" conf="0.9905043244361877">
              <Unicode>ſ</Unicode>
            </TextEquiv>
          </Glyph>
          <Glyph id="w24236g3">
            <Coords points="166,1043 170,1043 170,1104 166,1104"/>
            <TextEquiv index="1" conf="0.9998731762170792">
              <Unicode>u</Unicode>
            </TextEquiv>
          </Glyph>
          <Glyph id="w24236g4">
            <Coords points="192,1043 196,1043 196,1104 192,1104"/>
            <TextEquiv index="1" conf="0.9999264627695084">
              <Unicode>m</Unicode>
            </TextEquiv>
          </Glyph>
          <TextEquiv index="1" conf="0.9898959883489833">
            <Unicode>Ipſum</Unicode>
          </TextEquiv>
        </Word>
        <Word id="w24237">
          <Coords points="223,1043 372,1043 372,1104 223,1104"/>
          <Glyph id="w24237g0">
            <Coords points="223,1043 227,1043 227,1104 223,1104"/>
            <TextEquiv index="1" conf="0.9999451637268066">
              <Unicode>a</Unicode>
            </TextEquiv>
          </Glyph>
          <Glyph id="w24237g1">
            <Coords points="242,1043 246,1043 246,1104 242,1104"/>
            <TextEquiv index="1" conf="0.9999520182609558">
              <Unicode>d</Unicode>
            </TextEquiv>
          </Glyph>
          <Glyph id="w24237g2">
            <Coords points="265,1043 269,1043 269,1104 265,1104"/>
            <TextEquiv index="1" conf="0.9999607801437378">
              <Unicode>m</Unicode>
            </TextEquiv>
          </Glyph>
          <Glyph id="w24237g3">
            <Coords points="288,1043 292,1043 292,1104 288,1104"/>
            <TextEquiv index="1" conf="0.9999494850635529">
              <Unicode>o</Unicode>
            </TextEquiv>
          </Glyph>
          <Glyph id="w24237g4">
            <Coords points="303,1043 303,1043 303,1104 303,1104"/>
            <TextEquiv index="1" conf="0.9978351444005966">
              <Unicode>n</Unicode>
            </TextEquiv>
          </Glyph>
          <Glyph id="w24237g5">
            <Coords points="322,1043 326,1043 326,1104 322,1104"/>
            <TextEquiv index="1" conf="0.9999539852142334">
              <Unicode>e</Unicode>
            </TextEquiv>
          </Glyph>
          <Glyph id="w24237g6">
            <Coords points="334,1043 334,1043 334,1104 334,1104"/>
            <TextEquiv index="1" conf="0.8861044645309448">
              <Unicode>b</Unicode>
            </TextEquiv>
          </Glyph>
          <Glyph id="w24237g7">
            <Coords points="357,1043 361,1043 361,1104 357,1104"/>
            <TextEquiv index="1" conf="0.9997239261865616">
              <Unicode>o</Unicode>
            </TextEquiv>
          </Glyph>
          <Glyph id="w24237g8">
            <Coords points="372,1043 372,1043 372,1104 372,1104"/>
            <TextEquiv index="1" conf="0.9965289533138275">
              <Unicode>,</Unicode>
            </TextEquiv>
          </Glyph>
          <TextEquiv index="1" conf="0.8806637434939749">
            <Unicode>admonebo,</Unicode>
          </TextEquiv>
        </Word>
        <Word id="w24238">
          <Coords points="399,1043 502,1043 502,1104 399,1104"/>
          <Glyph id="w24238g0">
            <Coords points="399,1043 403,1043 403,1104 399,1104"/>
            <TextEquiv index="1" conf="0.995701014995575">
              <Unicode>u</Unicode>
            </TextEquiv>
          </Glyph>
          <Glyph id="w24238g1">
            <Coords points="418,1043 422,1043 422,1104 418,1104"/>
            <TextEquiv index="1" conf="0.9998358935117722">
              <Unicode>r</Unicode>
            </TextEquiv>
          </Glyph>
          <Glyph id="w24238g2">
            <Coords points="437,1043 441,1043 441,1104 437,1104"/>
            <TextEquiv index="1" conf="0.9997826218605042">
              <Unicode>g</Unicode>
            </TextEquiv>
          </Glyph>
          <Glyph id="w24238g3">
            <Coords points="452,1043 456,1043 456,1104 452,1104"/>
            <TextEquiv index="1" conf="0.9998506158590317">
              <Unicode>e</Unicode>
            </TextEquiv>
          </Glyph>
          <Glyph id="w24238g4">
            <Coords points="464,1043 464,1043 464,1104 464,1104"/>
            <TextEquiv index="1" conf="0.999887004494667">
              <Unicode>b</Unicode>
            </TextEquiv>
          </Glyph>
          <Glyph id="w24238g5">
            <Coords points="487,1043 491,1043 491,1104 487,1104"/>
            <TextEquiv index="1" conf="0.9995490312576294">
              <Unicode>o</Unicode>
            </TextEquiv>
          </Glyph>
          <Glyph id="w24238g6">
            <Coords points="502,1043 502,1043 502,1104 502,1104"/>
            <TextEquiv index="1" conf="0.9950096309185028">
              <Unicode>,</Unicode>
            </TextEquiv>
          </Glyph>
          <TextEquiv index="1" conf="0.9896478520428108">
            <Unicode>urgebo,</Unicode>
          </TextEquiv>
        </Word>
        <Word id="w24239">
          <Coords points="533,1043 548,1043 548,1104 533,1104"/>
          <Glyph id="w24239g0">
            <Coords points="533,1043 548,1043 548,1104 533,1104"/>
            <TextEquiv index="1" conf="0.9989932477474213">
              <Unicode>&amp;</Unicode>
            </TextEquiv>
          </Glyph>
          <TextEquiv index="1" conf="0.9989932477474213">
            <Unicode>&amp;</Unicode>
          </TextEquiv>
        </Word>
        <Word id="w24240">
          <Coords points="567,1043 602,1043 602,1104 567,1104"/>
          <Glyph id="w24240g0">
            <Coords points="567,1043 571,1043 571,1104 567,1104"/>
            <TextEquiv index="1" conf="0.999182939529419">
              <Unicode>h</Unicode>
            </TextEquiv>
          </Glyph>
          <Glyph id="w24240g1">
            <Coords points="586,1043 586,1043 586,1104 586,1104"/>
            <TextEquiv index="1" conf="0.9995190799236298">
              <Unicode>i</Unicode>
            </TextEquiv>
          </Glyph>
          <Glyph id="w24240g2">
            <Coords points="602,1043 602,1043 602,1104 602,1104"/>
            <TextEquiv index="1" conf="0.5239122360944748">
              <Unicode>e</Unicode>
            </TextEquiv>
          </Glyph>
          <TextEquiv index="1" conf="0.5232324140701992">
            <Unicode>hie</Unicode>
          </TextEquiv>
        </Word>
        <Word id="w24241">
          <Coords points="628,1043 739,1043 739,1104 628,1104"/>
          <Glyph id="w24241g0">
            <Coords points="628,1043 632,1043 632,1104 628,1104"/>
            <TextEquiv index="1" conf="0.999860942363739">
              <Unicode>v</Unicode>
            </TextEquiv>
          </Glyph>
          <Glyph id="w24241g1">
            <Coords points="647,1043 651,1043 651,1104 647,1104"/>
            <TextEquiv index="1" conf="0.9991216063499451">
              <Unicode>o</Unicode>
            </TextEquiv>
          </Glyph>
          <Glyph id="w24241g2">
            <Coords points="659,1043 663,1043 663,1104 659,1104"/>
            <TextEquiv index="1" conf="0.999726191163063">
              <Unicode>l</Unicode>
            </TextEquiv>
          </Glyph>
          <Glyph id="w24241g3">
            <Coords points="674,1043 674,1043 674,1104 674,1104"/>
            <TextEquiv index="1" conf="0.9999670088291168">
              <Unicode>e</Unicode>
            </TextEquiv>
          </Glyph>
          <Glyph id="w24241g4">
            <Coords points="686,1043 686,1043 686,1104 686,1104"/>
            <TextEquiv index="1" conf="0.999936044216156">
              <Unicode>n</Unicode>
            </TextEquiv>
          </Glyph>
          <Glyph id="w24241g5">
            <Coords points="705,1043 705,1043 705,1104 705,1104"/>
            <TextEquiv index="1" conf="0.999936580657959">
              <Unicode>t</Unicode>
            </TextEquiv>
          </Glyph>
          <Glyph id="w24241g6">
            <Coords points="716,1043 720,1043 720,1104 716,1104"/>
            <TextEquiv index="1" conf="0.9997621327638626">
              <Unicode>e</Unicode>
            </TextEquiv>
          </Glyph>
          <Glyph id="w24241g7">
            <Coords points="735,1043 739,1043 739,1104 735,1104"/>
            <TextEquiv index="1" conf="0.999975323677063">
              <Unicode>m</Unicode>
            </TextEquiv>
          </Glyph>
          <TextEquiv index="1" conf="0.9982868327944194">
            <Unicode>volentem</Unicode>
          </TextEquiv>
        </Word>
        <Word id="w24242">
          <Coords points="770,1043 885,1043 885,1104 770,1104"/>
          <Glyph id="w24242g0">
            <Coords points="770,1043 774,1043 774,1104 770,1104"/>
            <TextEquiv index="1" conf="0.9999810457229614">
              <Unicode>n</Unicode>
            </TextEquiv>
          </Glyph>
          <Glyph id="w24242g1">
            <Coords points="793,1043 797,1043 797,1104 793,1104"/>
            <TextEquiv index="1" conf="0.9995630383491516">
              <Unicode>o</Unicode>
            </TextEquiv>
          </Glyph>
          <Glyph id="w24242g2">
            <Coords points="808,1043 808,1043 808,1104 808,1104"/>
            <TextEquiv index="1" conf="0.9999102652072906">
              <Unicode>l</Unicode>
            </TextEquiv>
          </Glyph>
          <Glyph id="w24242g3">
            <Coords points="820,1043 820,1043 820,1104 820,1104"/>
            <TextEquiv index="1" conf="0.9999933540821075">
              <Unicode>e</Unicode>
            </TextEquiv>
          </Glyph>
          <Glyph id="w24242g4">
            <Coords points="831,1043 831,1043 831,1104 831,1104"/>
            <TextEquiv index="1" conf="0.9996474236249924">
              <Unicode>n</Unicode>
            </TextEquiv>
          </Glyph>
          <Glyph id="w24242g5">
            <Coords points="850,1043 850,1043 850,1104 850,1104"/>
            <TextEquiv index="1" conf="0.9999559223651886">
              <Unicode>t</Unicode>
            </TextEquiv>
          </Glyph>
          <Glyph id="w24242g6">
            <Coords points="862,1043 865,1043 865,1104 862,1104"/>
            <TextEquiv index="1" conf="0.9992559105157852">
              <Unicode>e</Unicode>
            </TextEquiv>
          </Glyph>
          <Glyph id="w24242g7">
            <Coords points="881,1043 885,1043 885,1104 881,1104"/>
            <TextEquiv index="1" conf="0.999871015548706">
              <Unicode>m</Unicode>
            </TextEquiv>
          </Glyph>
          <TextEquiv index="1" conf="0.9981791869552322">
            <Unicode>nolentem</Unicode>
          </TextEquiv>
        </Word>
        <TextEquiv index="1" conf="0.9865961141408758">
          <Unicode>Ipſum admonebo, urgebo, &amp; hie volentem nolentem</Unicode>
        </TextEquiv>
      </TextLine>
      <TextLine id="r0_l029">
        <Coords points="85,1120 372,1127 373,1090 86,1083 85,1120"/>
        <Word id="w24243">
          <Coords points="87,1083 214,1083 214,1127 87,1127"/>
          <Glyph id="w24243g0">
            <Coords points="87,1083 90,1083 90,1127 87,1127"/>
            <TextEquiv index="1" conf="0.878813624382019">
              <Unicode>a</Unicode>
            </TextEquiv>
          </Glyph>
          <Glyph id="w24243g1">
            <Coords points="105,1083 105,1083 105,1127 105,1127"/>
            <TextEquiv index="1" conf="0.9999828636646271">
              <Unicode>t</Unicode>
            </TextEquiv>
          </Glyph>
          <Glyph id="w24243g2">
            <Coords points="116,1083 116,1083 116,1127 116,1127"/>
            <TextEquiv index="1" conf="0.9939696788787842">
              <Unicode>t</Unicode>
            </TextEquiv>
          </Glyph>
          <Glyph id="w24243g3">
            <Coords points="127,1083 131,1083 131,1127 127,1127"/>
            <TextEquiv index="1" conf="0.9997977763414383">
              <Unicode>r</Unicode>
            </TextEquiv>
          </Glyph>
          <Glyph id="w24243g4">
            <Coords points="138,1083 141,1083 141,1127 138,1127"/>
            <TextEquiv index="1" conf="0.9998687356710434">
              <Unicode>a</Unicode>
            </TextEquiv>
          </Glyph>
          <Glyph id="w24243g5">
            <Coords points="152,1083 156,1083 156,1127 152,1127"/>
            <TextEquiv index="1" conf="0.999795213341713">
              <Unicode>h</Unicode>
            </TextEquiv>
          </Glyph>
          <Glyph id="w24243g6">
            <Coords points="167,1083 174,1083 174,1127 167,1127"/>
            <TextEquiv index="1" conf="0.9999481439590454">
              <Unicode>a</Unicode>
            </TextEquiv>
          </Glyph>
          <Glyph id="w24243g7">
            <Coords points="193,1083 196,1083 196,1127 193,1127"/>
            <TextEquiv index="1" conf="0.9999285936355591">
              <Unicode>m</Unicode>
            </TextEquiv>
          </Glyph>
          <Glyph id="w24243g8">
            <Coords points="214,1083 214,1083 214,1127 214,1127"/>
            <TextEquiv index="1" conf="0.9541289955377579">
              <Unicode>,</Unicode>
            </TextEquiv>
          </Glyph>
          <TextEquiv index="1" conf="0.8328796368551054">
            <Unicode>attraham,</Unicode>
          </TextEquiv>
        </Word>
        <Word id="w24244">
          <Coords points="244,1083 255,1083 255,1127 244,1127"/>
          <Glyph id="w24244g0">
            <Coords points="244,1083 244,1083 244,1127 244,1127"/>
            <TextEquiv index="1" conf="0.9923554509878159">
              <Unicode>ſ</Unicode>
            </TextEquiv>
          </Glyph>
          <Glyph id="w24244g1">
            <Coords points="251,1083 255,1083 255,1127 251,1127"/>
            <TextEquiv index="1" conf="0.99443618953228">
              <Unicode>i</Unicode>
            </TextEquiv>
          </Glyph>
          <TextEquiv index="1" conf="0.9868341733419108">
            <Unicode>ſi</Unicode>
          </TextEquiv>
        </Word>
        <Word id="w24245">
          <Coords points="273,1083 364,1083 364,1127 273,1127"/>
          <Glyph id="w24245g0">
            <Coords points="273,1083 273,1083 273,1127 273,1127"/>
            <TextEquiv index="1" conf="0.9999559223651886">
              <Unicode>p</Unicode>
            </TextEquiv>
          </Glyph>
          <Glyph id="w24245g1">
            <Coords points="291,1083 298,1083 298,1127 291,1127"/>
            <TextEquiv index="1" conf="0.9997491240501404">
              <Unicode>o</Unicode>
            </TextEquiv>
          </Glyph>
          <Glyph id="w24245g2">
            <Coords points="306,1083 309,1083 309,1127 306,1127"/>
            <TextEquiv index="1" conf="0.8950106352567673">
              <Unicode>t</Unicode>
            </TextEquiv>
          </Glyph>
          <Glyph id="w24245g3">
            <Coords points="320,1083 324,1083 324,1127 320,1127"/>
            <TextEquiv index="1" conf="0.9997109174728394">
              <Unicode>e</Unicode>
            </TextEquiv>
          </Glyph>
          <Glyph id="w24245g4">
            <Coords points="335,1083 335,1083 335,1127 335,1127"/>
            <TextEquiv index="1" conf="0.9999830722808838">
              <Unicode>r</Unicode>
            </TextEquiv>
          </Glyph>
          <Glyph id="w24245g5">
            <Coords points="349,1083 353,1083 353,1127 349,1127"/>
            <TextEquiv index="1" conf="0.9996299296617508">
              <Unicode>o</Unicode>
            </TextEquiv>
          </Glyph>
          <Glyph id="w24245g6">
            <Coords points="364,1083 364,1083 364,1127 364,1127"/>
            <TextEquiv index="1" conf="0.9963169544935226">
              <Unicode>.</Unicode>
            </TextEquiv>
          </Glyph>
          <TextEquiv index="1" conf="0.8908486783188478">
            <Unicode>potero.</Unicode>
          </TextEquiv>
        </Word>
        <TextEquiv index="1" conf="0.9850243531167507">
          <Unicode>attraham, ſi potero.</Unicode>
        </TextEquiv>
      </TextLine>
      <TextLine id="r0_l030">
        <Coords points="877,1176 878,1175 890,1175 890,1173 891,1172 895,1172 895,1171 896,1170 896,1164 897,1163 898,1162 897,1162 896,1161 895,1160 892,1160 892,1159 891,1158 857,1157 857,1154 856,1153 853,1153 853,1154 853,1158 852,1158 822,1158 821,1159 697,1155 697,1153 696,1152 615,1150 615,1144 614,1143 614,1144 614,1154 613,1154 604,1154 604,1156 610,1163 634,1164 634,1167 635,1168 665,1168 666,1169 680,1170 681,1171 718,1172 720,1170 736,1170 737,1169 850,1172 850,1173 841,1173 840,1174 841,1174 873,1175 874,1176 877,1176"/>
        <Word id="w24246">
          <Coords points="634,1143 697,1143 697,1176 634,1176"/>
          <Glyph id="w24246g0">
            <Coords points="634,1143 634,1143 634,1176 634,1176"/>
            <TextEquiv index="1" conf="0.7990579009056091">
              <Unicode>X</Unicode>
            </TextEquiv>
          </Glyph>
          <Glyph id="w24246g1">
            <Coords points="666,1143 666,1143 666,1176 666,1176"/>
            <TextEquiv index="1" conf="0.5450541377067566">
              <Unicode>X</Unicode>
            </TextEquiv>
          </Glyph>
          <Glyph id="w24246g2">
            <Coords points="697,1143 697,1143 697,1176 697,1176"/>
            <TextEquiv index="1" conf="0.2983293831348419">
              <Unicode>X</Unicode>
            </TextEquiv>
          </Glyph>
          <TextEquiv index="1" conf="0.12993134109228474">
            <Unicode>XXX</Unicode>
          </TextEquiv>
        </Word>
        <Word id="w24247">
          <Coords points="759,1143 759,1143 759,1176 759,1176"/>
          <Glyph id="w24247g0">
            <Coords points="759,1143 759,1143 759,1176 759,1176"/>
            <TextEquiv index="1" conf="0.9328570365905762">
              <Unicode>X</Unicode>
            </TextEquiv>
          </Glyph>
          <TextEquiv index="1" conf="0.9328570365905762">
            <Unicode>X</Unicode>
          </TextEquiv>
        </Word>
        <Word id="w24248">
          <Coords points="792,1143 822,1143 822,1176 792,1176"/>
          <Glyph id="w24248g0">
            <Coords points="792,1143 792,1143 792,1176 792,1176"/>
            <TextEquiv index="1" conf="0.6827917098999023">
              <Unicode>X</Unicode>
            </TextEquiv>
          </Glyph>
          <Glyph id="w24248g1">
            <Coords points="822,1143 822,1143 822,1176 822,1176"/>
            <TextEquiv index="1" conf="0.276962012052536">
              <Unicode>A</Unicode>
            </TextEquiv>
          </Glyph>
          <TextEquiv index="1" conf="0.18910736578666842">
            <Unicode>XA</Unicode>
          </TextEquiv>
        </Word>
        <TextEquiv index="1" conf="0.6122749845186869">
          <Unicode>XXX  X XA</Unicode>
        </TextEquiv>
      </TextLine>
      <TextLine id="r0_l031">
        <Coords points="156,1178 156,1177 892,1196 893,1196 893,1195 892,1194 156,1175 156,1172 157,1171 461,1179 462,1178 624,1182 625,1181 875,1188 877,1186 877,1183 877,1182 879,1182 880,1182 880,1181 879,1179 876,1179 875,1178 875,1176 872,1176 871,1175 783,1173 782,1172 744,1171 743,1169 612,1166 611,1166 611,1165 607,1160 603,1160 602,1159 576,1158 576,1157 575,1156 388,1151 388,1150 387,1149 380,1149 379,1148 325,1147 324,1146 123,1140 123,1137 122,1136 83,1135 83,1136 83,1139 81,1140 80,1140 80,1141 80,1145 78,1147 78,1148 79,1149 82,1149 83,1150 82,1155 84,1156 95,1157 95,1161 96,1162 96,1169 97,1170 115,1170 115,1171 156,1178"/>
        <Word id="w24249">
          <Coords points="91,1135 274,1135 274,1196 91,1196"/>
          <Glyph id="w24249g0">
            <Coords points="91,1135 91,1135 91,1196 91,1196"/>
            <TextEquiv index="1" conf="0.5429806113243103">
              <Unicode>t</Unicode>
            </TextEquiv>
          </Glyph>
          <Glyph id="w24249g1">
            <Coords points="124,1135 124,1135 124,1196 124,1196"/>
            <TextEquiv index="1" conf="0.9179185628890991">
              <Unicode>t</Unicode>
            </TextEquiv>
          </Glyph>
          <Glyph id="w24249g2">
            <Coords points="153,1135 153,1135 153,1196 153,1196"/>
            <TextEquiv index="1" conf="0.24789346754550934">
              <Unicode>*</Unicode>
            </TextEquiv>
          </Glyph>
          <Glyph id="w24249g3">
            <Coords points="187,1135 187,1135 187,1196 187,1196"/>
            <TextEquiv index="1" conf="0.7252655029296875">
              <Unicode>*</Unicode>
            </TextEquiv>
          </Glyph>
          <Glyph id="w24249g4">
            <Coords points="195,1135 195,1135 195,1196 195,1196"/>
            <TextEquiv index="1" conf="0.6489378213882446">
              <Unicode>,</Unicode>
            </TextEquiv>
          </Glyph>
          <Glyph id="w24249g5">
            <Coords points="220,1135 220,1135 220,1196 220,1196"/>
            <TextEquiv index="1" conf="0.6710151433944702">
              <Unicode>*</Unicode>
            </TextEquiv>
          </Glyph>
          <Glyph id="w24249g6">
            <Coords points="266,1135 274,1135 274,1196 266,1196"/>
            <TextEquiv index="1" conf="0.8370267152786255">
              <Unicode>.</Unicode>
            </TextEquiv>
          </Glyph>
          <TextEquiv index="1" conf="0.03266068622966186">
            <Unicode>tt**,*.</Unicode>
          </TextEquiv>
        </Word>
        <Word id="w24250">
          <Coords points="353,1135 749,1135 749,1196 353,1196"/>
          <Glyph id="w24250g0">
            <Coords points="353,1135 353,1135 353,1196 353,1196"/>
            <TextEquiv index="1" conf="0.29028353095054626">
              <Unicode>V</Unicode>
            </TextEquiv>
          </Glyph>
          <Glyph id="w24250g1">
            <Coords points="424,1135 428,1135 428,1196 424,1196"/>
            <TextEquiv index="1" conf="0.5842691659927368">
              <Unicode>,</Unicode>
            </TextEquiv>
          </Glyph>
          <Glyph id="w24250g2">
            <Coords points="462,1135 462,1135 462,1196 462,1196"/>
            <TextEquiv index="1" conf="0.49962398409843445">
              <Unicode>.</Unicode>
            </TextEquiv>
          </Glyph>
          <Glyph id="w24250g3">
            <Coords points="478,1135 478,1135 478,1196 478,1196"/>
            <TextEquiv index="1" conf="0.6552432179450989">
              <Unicode>*</Unicode>
            </TextEquiv>
          </Glyph>
          <Glyph id="w24250g4">
            <Coords points="541,1135 541,1135 541,1196 541,1196"/>
            <TextEquiv index="1" conf="0.3957843482494354">
              <Unicode>*</Unicode>
            </TextEquiv>
          </Glyph>
          <Glyph id="w24250g5">
            <Coords points="570,1135 570,1135 570,1196 570,1196"/>
            <TextEquiv index="1" conf="0.8798848390579224">
              <Unicode>T</Unicode>
            </TextEquiv>
          </Glyph>
          <Glyph id="w24250g6">
            <Coords points="591,1135 591,1135 591,1196 591,1196"/>
            <TextEquiv index="1" conf="0.6287627220153809">
              <Unicode>X</Unicode>
            </TextEquiv>
          </Glyph>
          <Glyph id="w24250g7">
            <Coords points="658,1135 658,1135 658,1196 658,1196"/>
            <TextEquiv index="1" conf="0.7273003458976746">
              <Unicode>X</Unicode>
            </TextEquiv>
          </Glyph>
          <Glyph id="w24250g8">
            <Coords points="670,1135 670,1135 670,1196 670,1196"/>
            <TextEquiv index="1" conf="0.4939589202404022">
              <Unicode>T</Unicode>
            </TextEquiv>
          </Glyph>
          <Glyph id="w24250g9">
            <Coords points="687,1135 687,1135 687,1196 687,1196"/>
            <TextEquiv index="1" conf="0.8649019598960876">
              <Unicode>X</Unicode>
            </TextEquiv>
          </Glyph>
          <Glyph id="w24250g10">
            <Coords points="699,1135 699,1135 699,1196 699,1196"/>
            <TextEquiv index="1" conf="0.6925733089447021">
              <Unicode>T</Unicode>
            </TextEquiv>
          </Glyph>
          <Glyph id="w24250g11">
            <Coords points="720,1135 720,1135 720,1196 720,1196"/>
            <TextEquiv index="1" conf="0.4814454913139343">
              <Unicode>X</Unicode>
            </TextEquiv>
          </Glyph>
          <Glyph id="w24250g12">
            <Coords points="749,1135 749,1135 749,1196 749,1196"/>
            <TextEquiv index="1" conf="0.5136702656745911">
              <Unicode>X</Unicode>
            </TextEquiv>
          </Glyph>
          <TextEquiv index="1" conf="0.0006470252393034149">
            <Unicode>V,.**TXXTXTXX</Unicode>
          </TextEquiv>
        </Word>
        <TextEquiv index="1" conf="0.6162930251587004">
          <Unicode>tt**,*. V,.**TXXTXTXX</Unicode>
        </TextEquiv>
      </TextLine>
      <TextLine id="r0_l032">
        <Coords points="408,1163 485,1165 485,1145 408,1143 408,1163"/>
        <Word id="w24251">
          <Coords points="410,1143 443,1143 443,1165 410,1165"/>
          <Glyph id="w24251g0">
            <Coords points="410,1143 443,1143 443,1165 410,1165"/>
            <TextEquiv index="1" conf="0.4073958992958069">
              <Unicode>X</Unicode>
            </TextEquiv>
          </Glyph>
          <TextEquiv index="1" conf="0.4073958992958069">
            <Unicode>X</Unicode>
          </TextEquiv>
        </Word>
        <TextEquiv index="1" conf="0.4073958992958069">
          <Unicode>X</Unicode>
        </TextEquiv>
      </TextLine>
      <TextLine id="r0_l033">
        <Coords points="263,1245 716,1257 718,1208 264,1196 263,1245"/>
        <Word id="w24252">
          <Coords points="283,1196 290,1196 290,1257 283,1257"/>
          <Glyph id="w24252g0">
            <Coords points="283,1196 290,1196 290,1257 283,1257"/>
            <TextEquiv index="1" conf="0.9898492246866226">
              <Unicode>S</Unicode>
            </TextEquiv>
          </Glyph>
          <TextEquiv index="1" conf="0.9898492246866226">
            <Unicode>S</Unicode>
          </TextEquiv>
        </Word>
        <Word id="w24253">
          <Coords points="363,1196 363,1196 363,1257 363,1257"/>
          <Glyph id="w24253g0">
            <Coords points="363,1196 363,1196 363,1257 363,1257"/>
            <TextEquiv index="1" conf="0.9968950748443604">
              <Unicode>C</Unicode>
            </TextEquiv>
          </Glyph>
          <TextEquiv index="1" conf="0.9968950748443604">
            <Unicode>C</Unicode>
          </TextEquiv>
        </Word>
        <Word id="w24254">
          <Coords points="431,1196 585,1196 585,1257 431,1257"/>
          <Glyph id="w24254g0">
            <Coords points="431,1196 437,1196 437,1257 431,1257"/>
            <TextEquiv index="1" conf="0.9925120919942856">
              <Unicode>E</Unicode>
            </TextEquiv>
          </Glyph>
          <Glyph id="w24254g1">
            <Coords points="493,1196 517,1196 517,1257 493,1257"/>
            <TextEquiv index="1" conf="0.9928725063800812">
              <Unicode>N</Unicode>
            </TextEquiv>
          </Glyph>
          <Glyph id="w24254g2">
            <Coords points="579,1196 585,1196 585,1257 579,1257"/>
            <TextEquiv index="1" conf="0.9976380169391632">
              <Unicode>A</Unicode>
            </TextEquiv>
          </Glyph>
          <TextEquiv index="1" conf="0.9831103806020592">
            <Unicode>ENA</Unicode>
          </TextEquiv>
        </Word>
        <Word id="w24255">
          <Coords points="671,1196 720,1196 720,1257 671,1257"/>
          <Glyph id="w24255g0">
            <Coords points="671,1196 677,1196 677,1257 671,1257"/>
            <TextEquiv index="1" conf="0.985798254609108">
              <Unicode>I</Unicode>
            </TextEquiv>
          </Glyph>
          <Glyph id="w24255g1">
            <Coords points="702,1196 702,1196 702,1257 702,1257"/>
            <TextEquiv index="1" conf="0.9973677098751068">
              <Unicode>I</Unicode>
            </TextEquiv>
          </Glyph>
          <Glyph id="w24255g2">
            <Coords points="720,1196 720,1196 720,1257 720,1257"/>
            <TextEquiv index="1" conf="0.9352130442857742">
              <Unicode>.</Unicode>
            </TextEquiv>
          </Glyph>
          <TextEquiv index="1" conf="0.9195045958594298">
            <Unicode>II.</Unicode>
          </TextEquiv>
        </Word>
        <TextEquiv index="1" conf="0.9469885284250433">
          <Unicode>S C ENA II.</Unicode>
        </TextEquiv>
      </TextLine>
      <TextLine id="r0_l034">
        <Coords points="244,1300 676,1311 677,1264 245,1253 244,1300"/>
        <Word id="w24256">
          <Coords points="303,1253 574,1253 574,1311 303,1311"/>
          <Glyph id="w24256g0">
            <Coords points="303,1253 307,1253 307,1311 303,1311"/>
            <TextEquiv index="1" conf="0.9669290035963058">
              <Unicode>T</Unicode>
            </TextEquiv>
          </Glyph>
          <Glyph id="w24256g1">
            <Coords points="335,1253 339,1253 339,1311 335,1311"/>
            <TextEquiv index="1" conf="0.9856530725955963">
              <Unicode>I</Unicode>
            </TextEquiv>
          </Glyph>
          <Glyph id="w24256g2">
            <Coords points="367,1253 383,1253 383,1311 367,1311"/>
            <TextEquiv index="1" conf="0.9993757009506226">
              <Unicode>M</Unicode>
            </TextEquiv>
          </Glyph>
          <Glyph id="w24256g3">
            <Coords points="411,1253 411,1253 411,1311 411,1311"/>
            <TextEquiv index="1" conf="0.8182696104049683">
              <Unicode>A</Unicode>
            </TextEquiv>
          </Glyph>
          <Glyph id="w24256g4">
            <Coords points="447,1253 462,1253 462,1311 447,1311"/>
            <TextEquiv index="1" conf="0.9326445311307907">
              <Unicode>N</Unicode>
            </TextEquiv>
          </Glyph>
          <Glyph id="w24256g5">
            <Coords points="494,1253 502,1253 502,1311 494,1311"/>
            <TextEquiv index="1" conf="0.9905695468187332">
              <Unicode>D</Unicode>
            </TextEquiv>
          </Glyph>
          <Glyph id="w24256g6">
            <Coords points="534,1253 534,1253 534,1311 534,1311"/>
            <TextEquiv index="1" conf="0.991352766752243">
              <Unicode>E</Unicode>
            </TextEquiv>
          </Glyph>
          <Glyph id="w24256g7">
            <Coords points="566,1253 574,1253 574,1311 566,1311"/>
            <TextEquiv index="1" conf="0.9952044934034348">
              <Unicode>R</Unicode>
            </TextEquiv>
          </Glyph>
          <TextEquiv index="1" conf="0.7103715287158648">
            <Unicode>TIMANDER</Unicode>
          </TextEquiv>
        </Word>
        <Word id="w24257">
          <Coords points="602,1253 670,1253 670,1311 602,1311"/>
          <Glyph id="w24257g0">
            <Coords points="602,1253 602,1253 602,1311 602,1311"/>
            <TextEquiv index="1" conf="0.8818310052156448">
              <Unicode>ſ</Unicode>
            </TextEquiv>
          </Glyph>
          <Glyph id="w24257g1">
            <Coords points="614,1253 618,1253 618,1311 614,1311"/>
            <TextEquiv index="1" conf="0.9884857833385468">
              <Unicode>o</Unicode>
            </TextEquiv>
          </Glyph>
          <Glyph id="w24257g2">
            <Coords points="626,1253 630,1253 630,1311 626,1311"/>
            <TextEquiv index="1" conf="0.9989722222089767">
              <Unicode>l</Unicode>
            </TextEquiv>
          </Glyph>
          <Glyph id="w24257g3">
            <Coords points="638,1253 638,1253 638,1311 638,1311"/>
            <TextEquiv index="1" conf="0.9896270036697388">
              <Unicode>u</Unicode>
            </TextEquiv>
          </Glyph>
          <Glyph id="w24257g4">
            <Coords points="654,1253 658,1253 658,1311 654,1311"/>
            <TextEquiv index="1" conf="0.9884256273508072">
              <Unicode>s</Unicode>
            </TextEquiv>
          </Glyph>
          <Glyph id="w24257g5">
            <Coords points="670,1253 670,1253 670,1311 670,1311"/>
            <TextEquiv index="1" conf="0.999126523733139">
              <Unicode>.</Unicode>
            </TextEquiv>
          </Glyph>
          <TextEquiv index="1" conf="0.8510306997754836">
            <Unicode>ſolus.</Unicode>
          </TextEquiv>
        </Word>
        <TextEquiv index="1" conf="0.9584505488475163">
          <Unicode>TIMANDER ſolus.</Unicode>
        </TextEquiv>
      </TextLine>
      <TextLine id="r0_l035">
        <Coords points="105,1347 106,1346 109,1346 110,1345 111,1345 112,1344 113,1344 119,1339 119,1338 120,1336 851,1355 852,1356 862,1357 863,1356 865,1356 865,1355 866,1349 884,1349 885,1349 885,1348 885,1347 888,1347 890,1346 890,1334 891,1333 890,1331 889,1331 887,1329 886,1329 886,1328 886,1327 850,1326 847,1323 846,1323 843,1320 813,1319 812,1318 810,1318 809,1317 585,1311 584,1310 584,1311 583,1312 246,1304 245,1302 245,1300 244,1299 227,1299 226,1300 97,1297 96,1298 94,1298 94,1299 93,1300 90,1299 90,1300 89,1305 88,1306 83,1306 82,1307 82,1312 80,1314 80,1315 79,1316 79,1319 78,1320 78,1330 77,1330 69,1330 70,1331 70,1332 71,1334 79,1334 81,1336 81,1338 82,1339 82,1340 83,1340 84,1341 85,1341 88,1344 89,1344 90,1345 96,1346 97,1347 105,1347"/>
        <Word id="w24258">
          <Coords points="88,1297 93,1297 93,1357 88,1357"/>
          <Glyph id="w24258g0">
            <Coords points="88,1297 93,1297 93,1357 88,1357"/>
            <TextEquiv index="1" conf="0.5609333962202072">
              <Unicode>(</Unicode>
            </TextEquiv>
          </Glyph>
          <TextEquiv index="1" conf="0.5609333962202072">
            <Unicode>(</Unicode>
          </TextEquiv>
        </Word>
        <Word id="w24259">
          <Coords points="151,1297 246,1297 246,1357 151,1357"/>
          <Glyph id="w24259g0">
            <Coords points="151,1297 160,1297 160,1357 151,1357"/>
            <TextEquiv index="1" conf="0.9998158663511276">
              <Unicode>S</Unicode>
            </TextEquiv>
          </Glyph>
          <Glyph id="w24259g1">
            <Coords points="165,1297 169,1297 169,1357 165,1357"/>
            <TextEquiv index="1" conf="0.9900964647531509">
              <Unicode>u</Unicode>
            </TextEquiv>
          </Glyph>
          <Glyph id="w24259g2">
            <Coords points="187,1297 187,1297 187,1357 187,1357"/>
            <TextEquiv index="1" conf="0.9993822425603867">
              <Unicode>p</Unicode>
            </TextEquiv>
          </Glyph>
          <Glyph id="w24259g3">
            <Coords points="205,1297 205,1297 205,1357 205,1357"/>
            <TextEquiv index="1" conf="0.9992328882217407">
              <Unicode>e</Unicode>
            </TextEquiv>
          </Glyph>
          <Glyph id="w24259g4">
            <Coords points="219,1297 219,1297 219,1357 219,1357"/>
            <TextEquiv index="1" conf="0.9944681376218796">
              <Unicode>r</Unicode>
            </TextEquiv>
          </Glyph>
          <Glyph id="w24259g5">
            <Coords points="228,1297 232,1297 232,1357 228,1357"/>
            <TextEquiv index="1" conf="0.994721993803978">
              <Unicode>i</Unicode>
            </TextEquiv>
          </Glyph>
          <Glyph id="w24259g6">
            <Coords points="246,1297 246,1297 246,1357 246,1357"/>
            <TextEquiv index="1" conf="0.6419168710708618">
              <Unicode>l</Unicode>
            </TextEquiv>
          </Glyph>
          <TextEquiv index="1" conf="0.6277218790235399">
            <Unicode>Superil</Unicode>
          </TextEquiv>
        </Word>
        <Word id="w24260">
          <Coords points="264,1297 358,1297 358,1357 264,1357"/>
          <Glyph id="w24260g0">
            <Coords points="264,1297 273,1297 273,1357 264,1357"/>
            <TextEquiv index="1" conf="0.9650028795003891">
              <Unicode>q</Unicode>
            </TextEquiv>
          </Glyph>
          <Glyph id="w24260g1">
            <Coords points="282,1297 282,1297 282,1357 282,1357"/>
            <TextEquiv index="1" conf="0.9871622323989868">
              <Unicode>u</Unicode>
            </TextEquiv>
          </Glyph>
          <Glyph id="w24260g2">
            <Coords points="295,1297 300,1297 300,1357 295,1357"/>
            <TextEquiv index="1" conf="0.4093747112589578">
              <Unicode>a</Unicode>
            </TextEquiv>
          </Glyph>
          <Glyph id="w24260g3">
            <Coords points="313,1297 313,1297 313,1357 313,1357"/>
            <TextEquiv index="1" conf="0.9976820647716522">
              <Unicode>n</Unicode>
            </TextEquiv>
          </Glyph>
          <Glyph id="w24260g4">
            <Coords points="331,1297 331,1297 331,1357 331,1357"/>
            <TextEquiv index="1" conf="0.9993040412664413">
              <Unicode>a</Unicode>
            </TextEquiv>
          </Glyph>
          <Glyph id="w24260g5">
            <Coords points="354,1297 358,1297 358,1357 354,1357"/>
            <TextEquiv index="1" conf="0.9992110580205917">
              <Unicode>m</Unicode>
            </TextEquiv>
          </Glyph>
          <TextEquiv index="1" conf="0.3884947838442095">
            <Unicode>quanam</Unicode>
          </TextEquiv>
        </Word>
        <Word id="w24261">
          <Coords points="385,1297 399,1297 399,1357 385,1357"/>
          <Glyph id="w24261g0">
            <Coords points="385,1297 385,1297 385,1357 385,1357"/>
            <TextEquiv index="1" conf="0.9957585781812668">
              <Unicode>i</Unicode>
            </TextEquiv>
          </Glyph>
          <Glyph id="w24261g1">
            <Coords points="399,1297 399,1297 399,1357 399,1357"/>
            <TextEquiv index="1" conf="0.9764345735311508">
              <Unicode>n</Unicode>
            </TextEquiv>
          </Glyph>
          <TextEquiv index="1" conf="0.9722931026264103">
            <Unicode>in</Unicode>
          </TextEquiv>
        </Word>
        <Word id="w24262">
          <Coords points="426,1297 538,1297 538,1357 426,1357"/>
          <Glyph id="w24262g0">
            <Coords points="426,1297 430,1297 430,1357 426,1357"/>
            <TextEquiv index="1" conf="0.9971772283315659">
              <Unicode>r</Unicode>
            </TextEquiv>
          </Glyph>
          <Glyph id="w24262g1">
            <Coords points="444,1297 444,1297 444,1357 444,1357"/>
            <TextEquiv index="1" conf="0.9997657984495163">
              <Unicode>e</Unicode>
            </TextEquiv>
          </Glyph>
          <Glyph id="w24262g2">
            <Coords points="457,1297 462,1297 462,1357 457,1357"/>
            <TextEquiv index="1" conf="0.8936616033315659">
              <Unicode>g</Unicode>
            </TextEquiv>
          </Glyph>
          <Glyph id="w24262g3">
            <Coords points="471,1297 475,1297 475,1357 471,1357"/>
            <TextEquiv index="1" conf="0.9981510490179062">
              <Unicode>i</Unicode>
            </TextEquiv>
          </Glyph>
          <Glyph id="w24262g4">
            <Coords points="484,1297 489,1297 489,1357 484,1357"/>
            <TextEquiv index="1" conf="0.9867696166038513">
              <Unicode>o</Unicode>
            </TextEquiv>
          </Glyph>
          <Glyph id="w24262g5">
            <Coords points="498,1297 502,1297 502,1357 498,1357"/>
            <TextEquiv index="1" conf="0.9878150522708893">
              <Unicode>n</Unicode>
            </TextEquiv>
          </Glyph>
          <Glyph id="w24262g6">
            <Coords points="520,1297 525,1297 525,1357 520,1357"/>
            <TextEquiv index="1" conf="0.96244315803051">
              <Unicode>e</Unicode>
            </TextEquiv>
          </Glyph>
          <Glyph id="w24262g7">
            <Coords points="538,1297 538,1297 538,1357 538,1357"/>
            <TextEquiv index="1" conf="0.8837686777114868">
              <Unicode>,</Unicode>
            </TextEquiv>
          </Glyph>
          <TextEquiv index="1" conf="0.7373014658984209">
            <Unicode>regione,</Unicode>
          </TextEquiv>
        </Word>
        <Word id="w24263">
          <Coords points="561,1297 588,1297 588,1357 561,1357"/>
          <Glyph id="w24263g0">
            <Coords points="561,1297 565,1297 565,1357 561,1357"/>
            <TextEquiv index="1" conf="0.9539947956800461">
              <Unicode>v</Unicode>
            </TextEquiv>
          </Glyph>
          <Glyph id="w24263g1">
            <Coords points="574,1297 579,1297 579,1357 574,1357"/>
            <TextEquiv index="1" conf="0.9944321811199188">
              <Unicode>e</Unicode>
            </TextEquiv>
          </Glyph>
          <Glyph id="w24263g2">
            <Coords points="588,1297 588,1297 588,1357 588,1357"/>
            <TextEquiv index="1" conf="0.8275484293699265">
              <Unicode>l</Unicode>
            </TextEquiv>
          </Glyph>
          <TextEquiv index="1" conf="0.7850812304318947">
            <Unicode>vel</Unicode>
          </TextEquiv>
        </Word>
        <Word id="w24264">
          <Coords points="610,1297 669,1297 669,1357 610,1357"/>
          <Glyph id="w24264g0">
            <Coords points="610,1297 610,1297 610,1357 610,1357"/>
            <TextEquiv index="1" conf="0.9985539714495342">
              <Unicode>g</Unicode>
            </TextEquiv>
          </Glyph>
          <Glyph id="w24264g1">
            <Coords points="624,1297 624,1297 624,1357 624,1357"/>
            <TextEquiv index="1" conf="0.999909058213234">
              <Unicode>e</Unicode>
            </TextEquiv>
          </Glyph>
          <Glyph id="w24264g2">
            <Coords points="633,1297 637,1297 637,1357 633,1357"/>
            <TextEquiv index="1" conf="0.9995506554841995">
              <Unicode>n</Unicode>
            </TextEquiv>
          </Glyph>
          <Glyph id="w24264g3">
            <Coords points="651,1297 655,1297 655,1357 651,1357"/>
            <TextEquiv index="1" conf="0.9974628984928131">
              <Unicode>t</Unicode>
            </TextEquiv>
          </Glyph>
          <Glyph id="w24264g4">
            <Coords points="664,1297 669,1297 669,1357 664,1357"/>
            <TextEquiv index="1" conf="0.9988161474466324">
              <Unicode>e</Unicode>
            </TextEquiv>
          </Glyph>
          <TextEquiv index="1" conf="0.9943039386789133">
            <Unicode>gente</Unicode>
          </TextEquiv>
        </Word>
        <Word id="w24265">
          <Coords points="696,1297 813,1297 813,1357 696,1357"/>
          <Glyph id="w24265g0">
            <Coords points="696,1297 700,1297 700,1357 696,1357"/>
            <TextEquiv index="1" conf="0.9978140443563461">
              <Unicode>v</Unicode>
            </TextEquiv>
          </Glyph>
          <Glyph id="w24265g1">
            <Coords points="709,1297 709,1297 709,1357 709,1357"/>
            <TextEquiv index="1" conf="0.9996505826711655">
              <Unicode>i</Unicode>
            </TextEquiv>
          </Glyph>
          <Glyph id="w24265g2">
            <Coords points="723,1297 727,1297 727,1357 723,1357"/>
            <TextEquiv index="1" conf="0.9897326231002808">
              <Unicode>v</Unicode>
            </TextEquiv>
          </Glyph>
          <Glyph id="w24265g3">
            <Coords points="736,1297 741,1297 741,1357 736,1357"/>
            <TextEquiv index="1" conf="0.9945321828126907">
              <Unicode>i</Unicode>
            </TextEquiv>
          </Glyph>
          <Glyph id="w24265g4">
            <Coords points="759,1297 759,1297 759,1357 759,1357"/>
            <TextEquiv index="1" conf="0.9997514337301254">
              <Unicode>m</Unicode>
            </TextEquiv>
          </Glyph>
          <Glyph id="w24265g5">
            <Coords points="777,1297 777,1297 777,1357 777,1357"/>
            <TextEquiv index="1" conf="0.9995970875024796">
              <Unicode>u</Unicode>
            </TextEquiv>
          </Glyph>
          <Glyph id="w24265g6">
            <Coords points="795,1297 799,1297 799,1357 795,1357"/>
            <TextEquiv index="1" conf="0.9943615943193436">
              <Unicode>s</Unicode>
            </TextEquiv>
          </Glyph>
          <Glyph id="w24265g7">
            <Coords points="808,1297 813,1297 813,1357 808,1357"/>
            <TextEquiv index="1" conf="0.7152467668056488">
              <Unicode>?</Unicode>
            </TextEquiv>
          </Glyph>
          <TextEquiv index="1" conf="0.6978335184436749">
            <Unicode>vivimus?</Unicode>
          </TextEquiv>
        </Word>
        <Word id="w24266">
          <Coords points="844,1297 884,1297 884,1357 844,1357"/>
          <Glyph id="w24266g0">
            <Coords points="844,1297 849,1297 849,1357 844,1357"/>
            <TextEquiv index="1" conf="0.9959443807601929">
              <Unicode>Q</Unicode>
            </TextEquiv>
          </Glyph>
          <Glyph id="w24266g1">
            <Coords points="858,1297 862,1297 862,1357 858,1357"/>
            <TextEquiv index="1" conf="0.992959663271904">
              <Unicode>u</Unicode>
            </TextEquiv>
          </Glyph>
          <Glyph id="w24266g2">
            <Coords points="876,1297 884,1297 884,1357 876,1357"/>
            <TextEquiv index="1" conf="0.9159933626651764">
              <Unicode>a</Unicode>
            </TextEquiv>
          </Glyph>
          <TextEquiv index="1" conf="0.9058556949360185">
            <Unicode>Qua</Unicode>
          </TextEquiv>
        </Word>
        <TextEquiv index="1" conf="0.9519569312307521">
          <Unicode>( Superil quanam in regione, vel gente vivimus? Qua</Unicode>
        </TextEquiv>
      </TextLine>
      <TextLine id="r0_l036">
        <Coords points="854,1392 854,1391 855,1390 857,1391 861,1387 861,1382 887,1382 888,1382 888,1371 889,1370 889,1369 888,1367 885,1367 884,1367 884,1366 884,1365 845,1364 844,1364 844,1360 844,1359 833,1359 832,1358 753,1356 752,1355 399,1346 398,1345 91,1336 91,1337 90,1372 854,1392"/>
        <Word id="w24267">
          <Coords points="158,1336 201,1336 201,1392 158,1392"/>
          <Glyph id="w24267g0">
            <Coords points="158,1336 158,1336 158,1392 158,1392"/>
            <TextEquiv index="1" conf="0.9999745190143585">
              <Unicode>m</Unicode>
            </TextEquiv>
          </Glyph>
          <Glyph id="w24267g1">
            <Coords points="172,1336 176,1336 176,1392 172,1392"/>
            <TextEquiv index="1" conf="0.9987678676843643">
              <Unicode>a</Unicode>
            </TextEquiv>
          </Glyph>
          <Glyph id="w24267g2">
            <Coords points="187,1336 190,1336 190,1392 187,1392"/>
            <TextEquiv index="1" conf="0.9993162602186203">
              <Unicode>l</Unicode>
            </TextEquiv>
          </Glyph>
          <Glyph id="w24267g3">
            <Coords points="194,1336 201,1336 201,1392 194,1392"/>
            <TextEquiv index="1" conf="0.9996393024921417">
              <Unicode>a</Unicode>
            </TextEquiv>
          </Glyph>
          <TextEquiv index="1" conf="0.9976995405839532">
            <Unicode>mala</Unicode>
          </TextEquiv>
        </Word>
        <Word id="w24268">
          <Coords points="227,1336 293,1336 293,1392 227,1392"/>
          <Glyph id="w24268g0">
            <Coords points="227,1336 227,1336 227,1392 227,1392"/>
            <TextEquiv index="1" conf="0.9971466064453125">
              <Unicode>h</Unicode>
            </TextEquiv>
          </Glyph>
          <Glyph id="w24268g1">
            <Coords points="245,1336 249,1336 249,1392 245,1392"/>
            <TextEquiv index="1" conf="0.9998774975538254">
              <Unicode>o</Unicode>
            </TextEquiv>
          </Glyph>
          <Glyph id="w24268g2">
            <Coords points="263,1336 271,1336 271,1392 263,1392"/>
            <TextEquiv index="1" conf="0.9998698234558105">
              <Unicode>d</Unicode>
            </TextEquiv>
          </Glyph>
          <Glyph id="w24268g3">
            <Coords points="278,1336 278,1336 278,1392 278,1392"/>
            <TextEquiv index="1" conf="0.9954416751861572">
              <Unicode>i</Unicode>
            </TextEquiv>
          </Glyph>
          <Glyph id="w24268g4">
            <Coords points="289,1336 293,1336 293,1392 289,1392"/>
            <TextEquiv index="1" conf="0.9876141101121902">
              <Unicode>è</Unicode>
            </TextEquiv>
          </Glyph>
          <TextEquiv index="1" conf="0.9800593507066855">
            <Unicode>hodiè</Unicode>
          </TextEquiv>
        </Word>
        <Word id="w24269">
          <Coords points="311,1336 475,1336 475,1392 311,1392"/>
          <Glyph id="w24269g0">
            <Coords points="311,1336 315,1336 315,1392 311,1392"/>
            <TextEquiv index="1" conf="0.9127036184072495">
              <Unicode>a</Unicode>
            </TextEquiv>
          </Glyph>
          <Glyph id="w24269g1">
            <Coords points="333,1336 337,1336 337,1392 333,1392"/>
            <TextEquiv index="1" conf="0.9999761581420898">
              <Unicode>d</Unicode>
            </TextEquiv>
          </Glyph>
          <Glyph id="w24269g2">
            <Coords points="351,1336 355,1336 355,1392 351,1392"/>
            <TextEquiv index="1" conf="0.9999222755432129">
              <Unicode>o</Unicode>
            </TextEquiv>
          </Glyph>
          <Glyph id="w24269g3">
            <Coords points="362,1336 366,1336 366,1392 362,1392"/>
            <TextEquiv index="1" conf="0.9986852407455444">
              <Unicode>l</Unicode>
            </TextEquiv>
          </Glyph>
          <Glyph id="w24269g4">
            <Coords points="377,1336 377,1336 377,1392 377,1392"/>
            <TextEquiv index="1" conf="0.9999398291110992">
              <Unicode>e</Unicode>
            </TextEquiv>
          </Glyph>
          <Glyph id="w24269g5">
            <Coords points="388,1336 388,1336 388,1392 388,1392"/>
            <TextEquiv index="1" conf="0.99889075756073">
              <Unicode>ſ</Unicode>
            </TextEquiv>
          </Glyph>
          <Glyph id="w24269g6">
            <Coords points="402,1336 402,1336 402,1392 402,1392"/>
            <TextEquiv index="1" conf="0.8245885372161865">
              <Unicode>c</Unicode>
            </TextEquiv>
          </Glyph>
          <Glyph id="w24269g7">
            <Coords points="413,1336 417,1336 417,1392 413,1392"/>
            <TextEquiv index="1" conf="0.9986127614974976">
              <Unicode>e</Unicode>
            </TextEquiv>
          </Glyph>
          <Glyph id="w24269g8">
            <Coords points="428,1336 428,1336 428,1392 428,1392"/>
            <TextEquiv index="1" conf="0.999580979347229">
              <Unicode>n</Unicode>
            </TextEquiv>
          </Glyph>
          <Glyph id="w24269g9">
            <Coords points="446,1336 446,1336 446,1392 446,1392"/>
            <TextEquiv index="1" conf="0.9984746873378754">
              <Unicode>t</Unicode>
            </TextEquiv>
          </Glyph>
          <Glyph id="w24269g10">
            <Coords points="457,1336 461,1336 461,1392 457,1392"/>
            <TextEquiv index="1" conf="0.9999293386936188">
              <Unicode>e</Unicode>
            </TextEquiv>
          </Glyph>
          <Glyph id="w24269g11">
            <Coords points="472,1336 475,1336 475,1392 472,1392"/>
            <TextEquiv index="1" conf="0.9998658001422882">
              <Unicode>s</Unicode>
            </TextEquiv>
          </Glyph>
          <TextEquiv index="1" conf="0.7480086630954677">
            <Unicode>adoleſcentes</Unicode>
          </TextEquiv>
        </Word>
        <Word id="w24270">
          <Coords points="501,1336 625,1336 625,1392 501,1392"/>
          <Glyph id="w24270g0">
            <Coords points="501,1336 505,1336 505,1392 501,1392"/>
            <TextEquiv index="1" conf="0.9990372806787491">
              <Unicode>o</Unicode>
            </TextEquiv>
          </Glyph>
          <Glyph id="w24270g1">
            <Coords points="516,1336 519,1336 519,1392 516,1392"/>
            <TextEquiv index="1" conf="0.9985347390174866">
              <Unicode>p</Unicode>
            </TextEquiv>
          </Glyph>
          <Glyph id="w24270g2">
            <Coords points="534,1336 537,1336 537,1392 534,1392"/>
            <TextEquiv index="1" conf="0.9999315142631531">
              <Unicode>u</Unicode>
            </TextEquiv>
          </Glyph>
          <Glyph id="w24270g3">
            <Coords points="552,1336 552,1336 552,1392 552,1392"/>
            <TextEquiv index="1" conf="0.994208425283432">
              <Unicode>l</Unicode>
            </TextEquiv>
          </Glyph>
          <Glyph id="w24270g4">
            <Coords points="563,1336 567,1336 567,1392 563,1392"/>
            <TextEquiv index="1" conf="0.999147355556488">
              <Unicode>e</Unicode>
            </TextEquiv>
          </Glyph>
          <Glyph id="w24270g5">
            <Coords points="574,1336 578,1336 578,1392 574,1392"/>
            <TextEquiv index="1" conf="0.9998218715190887">
              <Unicode>n</Unicode>
            </TextEquiv>
          </Glyph>
          <Glyph id="w24270g6">
            <Coords points="596,1336 596,1336 596,1392 596,1392"/>
            <TextEquiv index="1" conf="0.9985170811414719">
              <Unicode>t</Unicode>
            </TextEquiv>
          </Glyph>
          <Glyph id="w24270g7">
            <Coords points="611,1336 614,1336 614,1392 611,1392"/>
            <TextEquiv index="1" conf="0.9989018440246582">
              <Unicode>o</Unicode>
            </TextEquiv>
          </Glyph>
          <Glyph id="w24270g8">
            <Coords points="625,1336 625,1336 625,1392 625,1392"/>
            <TextEquiv index="1" conf="0.9995195269584656">
              <Unicode>s</Unicode>
            </TextEquiv>
          </Glyph>
          <TextEquiv index="1" conf="0.987675637333821">
            <Unicode>opulentos</Unicode>
          </TextEquiv>
        </Word>
        <Word id="w24271">
          <Coords points="658,1336 673,1336 673,1392 658,1392"/>
          <Glyph id="w24271g0">
            <Coords points="658,1336 673,1336 673,1392 658,1392"/>
            <TextEquiv index="1" conf="0.9827248305082321">
              <Unicode>&amp;</Unicode>
            </TextEquiv>
          </Glyph>
          <TextEquiv index="1" conf="0.9827248305082321">
            <Unicode>&amp;</Unicode>
          </TextEquiv>
        </Word>
        <Word id="w24272">
          <Coords points="695,1336 749,1336 749,1392 695,1392"/>
          <Glyph id="w24272g0">
            <Coords points="695,1336 695,1336 695,1392 695,1392"/>
            <TextEquiv index="1" conf="0.999746710062027">
              <Unicode>n</Unicode>
            </TextEquiv>
          </Glyph>
          <Glyph id="w24272g1">
            <Coords points="717,1336 720,1336 720,1392 717,1392"/>
            <TextEquiv index="1" conf="0.9991690665483475">
              <Unicode>o</Unicode>
            </TextEquiv>
          </Glyph>
          <Glyph id="w24272g2">
            <Coords points="727,1336 731,1336 731,1392 727,1392"/>
            <TextEquiv index="1" conf="0.9961443692445755">
              <Unicode>b</Unicode>
            </TextEquiv>
          </Glyph>
          <Glyph id="w24272g3">
            <Coords points="746,1336 749,1336 749,1392 746,1392"/>
            <TextEquiv index="1" conf="0.996251717209816">
              <Unicode>i</Unicode>
            </TextEquiv>
          </Glyph>
          <TextEquiv index="1" conf="0.9913347526006508">
            <Unicode>nobi</Unicode>
          </TextEquiv>
        </Word>
        <Word id="w24273">
          <Coords points="757,1336 786,1336 786,1392 757,1392"/>
          <Glyph id="w24273g0">
            <Coords points="757,1336 760,1336 760,1392 757,1392"/>
            <TextEquiv index="1" conf="0.9911100566387177">
              <Unicode>l</Unicode>
            </TextEquiv>
          </Glyph>
          <Glyph id="w24273g1">
            <Coords points="771,1336 771,1336 771,1392 771,1392"/>
            <TextEquiv index="1" conf="0.9999852180480957">
              <Unicode>e</Unicode>
            </TextEquiv>
          </Glyph>
          <Glyph id="w24273g2">
            <Coords points="782,1336 786,1336 786,1392 782,1392"/>
            <TextEquiv index="1" conf="0.9972978830337524">
              <Unicode>s</Unicode>
            </TextEquiv>
          </Glyph>
          <TextEquiv index="1" conf="0.9884173503855425">
            <Unicode>les</Unicode>
          </TextEquiv>
        </Word>
        <Word id="w24274">
          <Coords points="804,1336 881,1336 881,1392 804,1392"/>
          <Glyph id="w24274g0">
            <Coords points="804,1336 804,1336 804,1392 804,1392"/>
            <TextEquiv index="1" conf="0.8319692413012185">
              <Unicode>a</Unicode>
            </TextEquiv>
          </Glyph>
          <Glyph id="w24274g1">
            <Coords points="819,1336 819,1336 819,1392 819,1392"/>
            <TextEquiv index="1" conf="0.9993675351142883">
              <Unicode>l</Unicode>
            </TextEquiv>
          </Glyph>
          <Glyph id="w24274g2">
            <Coords points="826,1336 830,1336 830,1392 826,1392"/>
            <TextEquiv index="1" conf="0.9993676096200943">
              <Unicode>l</Unicode>
            </TextEquiv>
          </Glyph>
          <Glyph id="w24274g3">
            <Coords points="837,1336 837,1336 837,1392 837,1392"/>
            <TextEquiv index="1" conf="0.9997969567775726">
              <Unicode>i</Unicode>
            </TextEquiv>
          </Glyph>
          <Glyph id="w24274g4">
            <Coords points="852,1336 855,1336 855,1392 852,1392"/>
            <TextEquiv index="1" conf="0.8314497272173562">
              <Unicode>g</Unicode>
            </TextEquiv>
          </Glyph>
          <Glyph id="w24274g5">
            <Coords points="863,1336 866,1336 866,1392 863,1392"/>
            <TextEquiv index="1" conf="0.8445403128862381">
              <Unicode>a</Unicode>
            </TextEquiv>
          </Glyph>
          <Glyph id="w24274g6">
            <Coords points="877,1336 881,1336 881,1392 877,1392"/>
            <TextEquiv index="1" conf="0.9990115165710449">
              <Unicode>t</Unicode>
            </TextEquiv>
          </Glyph>
          <TextEquiv index="1" conf="0.5827690273865047">
            <Unicode>alligat</Unicode>
          </TextEquiv>
        </Word>
        <TextEquiv index="1" conf="0.9780864235109242">
          <Unicode>mala hodiè adoleſcentes opulentos &amp; nobi les alligat</Unicode>
        </TextEquiv>
      </TextLine>
      <TextLine id="r0_l037">
        <Coords points="768,1426 770,1425 770,1423 770,1422 774,1422 775,1422 775,1417 775,1416 814,1417 815,1418 816,1417 830,1418 831,1417 884,1418 885,1417 887,1417 888,1417 888,1406 886,1403 877,1403 876,1403 876,1397 874,1394 872,1395 872,1402 872,1403 828,1402 827,1401 827,1394 783,1393 782,1393 782,1400 782,1401 721,1399 720,1398 720,1391 685,1390 684,1389 683,1389 682,1390 681,1390 680,1391 679,1391 677,1392 677,1398 677,1399 643,1398 642,1397 642,1390 640,1388 637,1390 637,1396 637,1397 615,1396 614,1396 614,1395 614,1394 580,1393 579,1393 579,1389 578,1388 579,1387 578,1386 576,1386 575,1387 549,1386 548,1387 548,1394 486,1393 485,1392 486,1385 484,1384 479,1384 478,1385 477,1386 476,1387 476,1389 475,1391 449,1390 448,1391 387,1389 386,1389 386,1388 386,1387 371,1387 370,1386 371,1382 369,1381 343,1380 342,1379 341,1379 340,1378 339,1379 338,1379 337,1380 336,1380 334,1382 334,1383 333,1384 310,1383 310,1384 309,1388 238,1386 237,1386 237,1383 237,1382 236,1382 235,1381 218,1381 218,1380 218,1379 217,1379 213,1379 212,1378 177,1377 176,1376 174,1376 173,1377 148,1376 146,1378 90,1376 89,1375 84,1375 82,1373 79,1373 79,1369 78,1368 78,1369 78,1374 77,1374 75,1374 75,1375 74,1398 75,1398 83,1398 84,1397 88,1397 119,1398 120,1399 161,1400 161,1401 231,1403 232,1402 277,1403 278,1404 279,1403 346,1405 347,1404 419,1406 420,1407 421,1407 422,1406 470,1407 471,1408 472,1407 543,1409 544,1410 580,1411 581,1410 622,1411 623,1412 678,1414 679,1415 697,1415 698,1414 728,1415 729,1416 758,1417 759,1417 759,1422 762,1426 768,1426"/>
        <Word id="w24275">
          <Coords points="78,1368 173,1368 173,1426 78,1426"/>
          <Glyph id="w24275g0">
            <Coords points="78,1368 78,1368 78,1426 78,1426"/>
            <TextEquiv index="1" conf="0.9948229342699051">
              <Unicode>i</Unicode>
            </TextEquiv>
          </Glyph>
          <Glyph id="w24275g1">
            <Coords points="89,1368 89,1368 89,1426 89,1426"/>
            <TextEquiv index="1" conf="0.9977897703647614">
              <Unicode>n</Unicode>
            </TextEquiv>
          </Glyph>
          <Glyph id="w24275g2">
            <Coords points="110,1368 110,1368 110,1426 110,1426"/>
            <TextEquiv index="1" conf="0.9999921917915344">
              <Unicode>e</Unicode>
            </TextEquiv>
          </Glyph>
          <Glyph id="w24275g3">
            <Coords points="124,1368 124,1368 124,1426 124,1426"/>
            <TextEquiv index="1" conf="0.9995646476745605">
              <Unicode>r</Unicode>
            </TextEquiv>
          </Glyph>
          <Glyph id="w24275g4">
            <Coords points="134,1368 138,1368 138,1426 134,1426"/>
            <TextEquiv index="1" conf="0.9999311715364456">
              <Unicode>t</Unicode>
            </TextEquiv>
          </Glyph>
          <Glyph id="w24275g5">
            <Coords points="145,1368 145,1368 145,1426 145,1426"/>
            <TextEquiv index="1" conf="0.9996677339076996">
              <Unicode>i</Unicode>
            </TextEquiv>
          </Glyph>
          <Glyph id="w24275g6">
            <Coords points="155,1368 155,1368 155,1426 155,1426"/>
            <TextEquiv index="1" conf="0.8542120655377706">
              <Unicode>a</Unicode>
            </TextEquiv>
          </Glyph>
          <Glyph id="w24275g7">
            <Coords points="173,1368 173,1368 173,1426 173,1426"/>
            <TextEquiv index="1" conf="0.6967324241995811">
              <Unicode>l</Unicode>
            </TextEquiv>
          </Glyph>
          <TextEquiv index="1" conf="0.5902688130405551">
            <Unicode>inertial</Unicode>
          </TextEquiv>
        </Word>
        <Word id="w24276">
          <Coords points="211,1368 278,1368 278,1426 211,1426"/>
          <Glyph id="w24276g0">
            <Coords points="211,1368 215,1368 215,1426 211,1426"/>
            <TextEquiv index="1" conf="0.9995123445987701">
              <Unicode>P</Unicode>
            </TextEquiv>
          </Glyph>
          <Glyph id="w24276g1">
            <Coords points="222,1368 222,1368 222,1426 222,1426"/>
            <TextEquiv index="1" conf="0.9876844882965088">
              <Unicode>a</Unicode>
            </TextEquiv>
          </Glyph>
          <Glyph id="w24276g2">
            <Coords points="236,1368 239,1368 239,1426 236,1426"/>
            <TextEquiv index="1" conf="0.9955788254737854">
              <Unicode>t</Unicode>
            </TextEquiv>
          </Glyph>
          <Glyph id="w24276g3">
            <Coords points="250,1368 250,1368 250,1426 250,1426"/>
            <TextEquiv index="1" conf="0.9998871237039566">
              <Unicode>r</Unicode>
            </TextEquiv>
          </Glyph>
          <Glyph id="w24276g4">
            <Coords points="264,1368 267,1368 267,1426 264,1426"/>
            <TextEquiv index="1" conf="0.9999911487102509">
              <Unicode>e</Unicode>
            </TextEquiv>
          </Glyph>
          <Glyph id="w24276g5">
            <Coords points="274,1368 278,1368 278,1426 274,1426"/>
            <TextEquiv index="1" conf="0.9995568245649338">
              <Unicode>s</Unicode>
            </TextEquiv>
          </Glyph>
          <TextEquiv index="1" conf="0.9822830882888888">
            <Unicode>Patres</Unicode>
          </TextEquiv>
        </Word>
        <Word id="w24277">
          <Coords points="295,1368 365,1368 365,1426 295,1426"/>
          <Glyph id="w24277g0">
            <Coords points="295,1368 295,1368 295,1426 295,1426"/>
            <TextEquiv index="1" conf="0.999909296631813">
              <Unicode>n</Unicode>
            </TextEquiv>
          </Glyph>
          <Glyph id="w24277g1">
            <Coords points="316,1368 323,1368 323,1426 316,1426"/>
            <TextEquiv index="1" conf="0.991763100028038">
              <Unicode>o</Unicode>
            </TextEquiv>
          </Glyph>
          <Glyph id="w24277g2">
            <Coords points="330,1368 334,1368 334,1426 330,1426"/>
            <TextEquiv index="1" conf="0.999634861946106">
              <Unicode>ſ</Unicode>
            </TextEquiv>
          </Glyph>
          <Glyph id="w24277g3">
            <Coords points="341,1368 341,1368 341,1426 341,1426"/>
            <TextEquiv index="1" conf="0.9999416470527649">
              <Unicode>t</Unicode>
            </TextEquiv>
          </Glyph>
          <Glyph id="w24277g4">
            <Coords points="355,1368 355,1368 355,1426 355,1426"/>
            <TextEquiv index="1" conf="0.999405711889267">
              <Unicode>r</Unicode>
            </TextEquiv>
          </Glyph>
          <Glyph id="w24277g5">
            <Coords points="365,1368 365,1368 365,1426 365,1426"/>
            <TextEquiv index="1" conf="0.9996065497398376">
              <Unicode>i</Unicode>
            </TextEquiv>
          </Glyph>
          <TextEquiv index="1" conf="0.9902743332078835">
            <Unicode>noſtri</Unicode>
          </TextEquiv>
        </Word>
        <Word id="w24278">
          <Coords points="390,1368 449,1368 449,1426 390,1426"/>
          <Glyph id="w24278g0">
            <Coords points="390,1368 390,1368 390,1426 390,1426"/>
            <TextEquiv index="1" conf="0.9999291449785233">
              <Unicode>e</Unicode>
            </TextEquiv>
          </Glyph>
          <Glyph id="w24278g1">
            <Coords points="400,1368 404,1368 404,1426 400,1426"/>
            <TextEquiv index="1" conf="0.9955179542303085">
              <Unicode>r</Unicode>
            </TextEquiv>
          </Glyph>
          <Glyph id="w24278g2">
            <Coords points="411,1368 414,1368 414,1426 411,1426"/>
            <TextEquiv index="1" conf="0.6484927404671907">
              <Unicode>a</Unicode>
            </TextEquiv>
          </Glyph>
          <Glyph id="w24278g3">
            <Coords points="428,1368 428,1368 428,1426 428,1426"/>
            <TextEquiv index="1" conf="0.9997003525495529">
              <Unicode>n</Unicode>
            </TextEquiv>
          </Glyph>
          <Glyph id="w24278g4">
            <Coords points="446,1368 449,1368 449,1426 446,1426"/>
            <TextEquiv index="1" conf="0.9992869645357132">
              <Unicode>t</Unicode>
            </TextEquiv>
          </Glyph>
          <TextEquiv index="1" conf="0.6448868334696652">
            <Unicode>erant</Unicode>
          </TextEquiv>
        </Word>
        <Word id="w24279">
          <Coords points="474,1368 547,1368 547,1426 474,1426"/>
          <Glyph id="w24279g0">
            <Coords points="474,1368 474,1368 474,1426 474,1426"/>
            <TextEquiv index="1" conf="0.9904738217592239">
              <Unicode>ſ</Unicode>
            </TextEquiv>
          </Glyph>
          <Glyph id="w24279g1">
            <Coords points="484,1368 491,1368 491,1426 484,1426"/>
            <TextEquiv index="1" conf="0.9999170750379562">
              <Unicode>o</Unicode>
            </TextEquiv>
          </Glyph>
          <Glyph id="w24279g2">
            <Coords points="509,1368 509,1368 509,1426 509,1426"/>
            <TextEquiv index="1" conf="0.9928227365016937">
              <Unicode>m</Unicode>
            </TextEquiv>
          </Glyph>
          <Glyph id="w24279g3">
            <Coords points="526,1368 530,1368 530,1426 526,1426"/>
            <TextEquiv index="1" conf="0.9996716380119324">
              <Unicode>n</Unicode>
            </TextEquiv>
          </Glyph>
          <Glyph id="w24279g4">
            <Coords points="544,1368 547,1368 547,1426 544,1426"/>
            <TextEquiv index="1" conf="0.9982804954051971">
              <Unicode>i</Unicode>
            </TextEquiv>
          </Glyph>
          <TextEquiv index="1" conf="0.9812703066492661">
            <Unicode>ſomni</Unicode>
          </TextEquiv>
        </Word>
        <Word id="w24280">
          <Coords points="572,1368 649,1368 649,1426 572,1426"/>
          <Glyph id="w24280g0">
            <Coords points="572,1368 575,1368 575,1426 572,1426"/>
            <TextEquiv index="1" conf="0.9949140846729279">
              <Unicode>b</Unicode>
            </TextEquiv>
          </Glyph>
          <Glyph id="w24280g1">
            <Coords points="593,1368 596,1368 596,1426 593,1426"/>
            <TextEquiv index="1" conf="0.9985867440700531">
              <Unicode>r</Unicode>
            </TextEquiv>
          </Glyph>
          <Glyph id="w24280g2">
            <Coords points="607,1368 610,1368 610,1426 607,1426"/>
            <TextEquiv index="1" conf="0.9998072683811188">
              <Unicode>e</Unicode>
            </TextEquiv>
          </Glyph>
          <Glyph id="w24280g3">
            <Coords points="624,1368 624,1368 624,1426 624,1426"/>
            <TextEquiv index="1" conf="0.8945712745189667">
              <Unicode>v</Unicode>
            </TextEquiv>
          </Glyph>
          <Glyph id="w24280g4">
            <Coords points="635,1368 638,1368 638,1426 635,1426"/>
            <TextEquiv index="1" conf="0.9998274147510529">
              <Unicode>i</Unicode>
            </TextEquiv>
          </Glyph>
          <Glyph id="w24280g5">
            <Coords points="645,1368 649,1368 649,1426 645,1426"/>
            <TextEquiv index="1" conf="0.999624103307724">
              <Unicode>s</Unicode>
            </TextEquiv>
          </Glyph>
          <TextEquiv index="1" conf="0.8881051203817278">
            <Unicode>brevis</Unicode>
          </TextEquiv>
        </Word>
        <Word id="w24281">
          <Coords points="680,1368 694,1368 694,1426 680,1426"/>
          <Glyph id="w24281g0">
            <Coords points="680,1368 694,1368 694,1426 680,1426"/>
            <TextEquiv index="1" conf="0.9986424595117569">
              <Unicode>&amp;</Unicode>
            </TextEquiv>
          </Glyph>
          <TextEquiv index="1" conf="0.9986424595117569">
            <Unicode>&amp;</Unicode>
          </TextEquiv>
        </Word>
        <Word id="w24282">
          <Coords points="715,1368 782,1368 782,1426 715,1426"/>
          <Glyph id="w24282g0">
            <Coords points="715,1368 715,1368 715,1426 715,1426"/>
            <TextEquiv index="1" conf="0.9260239899158478">
              <Unicode>l</Unicode>
            </TextEquiv>
          </Glyph>
          <Glyph id="w24282g1">
            <Coords points="729,1368 733,1368 733,1426 729,1426"/>
            <TextEquiv index="1" conf="0.9997903257608414">
              <Unicode>o</Unicode>
            </TextEquiv>
          </Glyph>
          <Glyph id="w24282g2">
            <Coords points="743,1368 743,1368 743,1426 743,1426"/>
            <TextEquiv index="1" conf="0.9997438341379166">
              <Unicode>n</Unicode>
            </TextEquiv>
          </Glyph>
          <Glyph id="w24282g3">
            <Coords points="768,1368 768,1368 768,1426 768,1426"/>
            <TextEquiv index="1" conf="0.9995745867490768">
              <Unicode>g</Unicode>
            </TextEquiv>
          </Glyph>
          <Glyph id="w24282g4">
            <Coords points="778,1368 782,1368 782,1426 778,1426"/>
            <TextEquiv index="1" conf="0.9925663322210312">
              <Unicode>i</Unicode>
            </TextEquiv>
          </Glyph>
          <TextEquiv index="1" conf="0.9183212799012037">
            <Unicode>longi</Unicode>
          </TextEquiv>
        </Word>
        <Word id="w24283">
          <Coords points="799,1368 883,1368 883,1426 799,1426"/>
          <Glyph id="w24283g0">
            <Coords points="799,1368 799,1368 799,1426 799,1426"/>
            <TextEquiv index="1" conf="0.9957444369792938">
              <Unicode>l</Unicode>
            </TextEquiv>
          </Glyph>
          <Glyph id="w24283g1">
            <Coords points="806,1368 810,1368 810,1426 806,1426"/>
            <TextEquiv index="1" conf="0.9578073918819427">
              <Unicode>a</Unicode>
            </TextEquiv>
          </Glyph>
          <Glyph id="w24283g2">
            <Coords points="820,1368 824,1368 824,1426 820,1426"/>
            <TextEquiv index="1" conf="0.9998218715190887">
              <Unicode>b</Unicode>
            </TextEquiv>
          </Glyph>
          <Glyph id="w24283g3">
            <Coords points="845,1368 848,1368 848,1426 845,1426"/>
            <TextEquiv index="1" conf="0.9999384582042694">
              <Unicode>o</Unicode>
            </TextEquiv>
          </Glyph>
          <Glyph id="w24283g4">
            <Coords points="859,1368 859,1368 859,1426 859,1426"/>
            <TextEquiv index="1" conf="0.9999809861183167">
              <Unicode>r</Unicode>
            </TextEquiv>
          </Glyph>
          <Glyph id="w24283g5">
            <Coords points="869,1368 869,1368 869,1426 869,1426"/>
            <TextEquiv index="1" conf="0.9998904019594193">
              <Unicode>i</Unicode>
            </TextEquiv>
          </Glyph>
          <Glyph id="w24283g6">
            <Coords points="880,1368 883,1368 883,1426 880,1426"/>
            <TextEquiv index="1" conf="0.9989892840385437">
              <Unicode>s</Unicode>
            </TextEquiv>
          </Glyph>
          <TextEquiv index="1" conf="0.9524165851455378">
            <Unicode>laboris</Unicode>
          </TextEquiv>
        </Word>
        <TextEquiv index="1" conf="0.9802910607003154">
          <Unicode>inertial Patres noſtri erant ſomni brevis &amp; longi laboris</Unicode>
        </TextEquiv>
      </TextLine>
      <TextLine id="r0_l038">
        <Coords points="72,1443 887,1464 888,1430 73,1409 72,1443"/>
        <Word id="w24284">
          <Coords points="77,1409 198,1409 198,1464 77,1464"/>
          <Glyph id="w24284g0">
            <Coords points="77,1409 77,1409 77,1464 77,1464"/>
            <TextEquiv index="1" conf="0.9986663311719894">
              <Unicode>h</Unicode>
            </TextEquiv>
          </Glyph>
          <Glyph id="w24284g1">
            <Coords points="99,1409 103,1409 103,1464 99,1464"/>
            <TextEquiv index="1" conf="0.9998951405286789">
              <Unicode>o</Unicode>
            </TextEquiv>
          </Glyph>
          <Glyph id="w24284g2">
            <Coords points="121,1409 121,1409 121,1464 121,1464"/>
            <TextEquiv index="1" conf="0.9999940395355225">
              <Unicode>m</Unicode>
            </TextEquiv>
          </Glyph>
          <Glyph id="w24284g3">
            <Coords points="140,1409 140,1409 140,1464 140,1464"/>
            <TextEquiv index="1" conf="0.9999359250068665">
              <Unicode>i</Unicode>
            </TextEquiv>
          </Glyph>
          <Glyph id="w24284g4">
            <Coords points="151,1409 151,1409 151,1464 151,1464"/>
            <TextEquiv index="1" conf="0.9999173730611801">
              <Unicode>n</Unicode>
            </TextEquiv>
          </Glyph>
          <Glyph id="w24284g5">
            <Coords points="169,1409 173,1409 173,1464 169,1464"/>
            <TextEquiv index="1" conf="0.9999743402004242">
              <Unicode>e</Unicode>
            </TextEquiv>
          </Glyph>
          <Glyph id="w24284g6">
            <Coords points="184,1409 184,1409 184,1464 184,1464"/>
            <TextEquiv index="1" conf="0.9997620284557343">
              <Unicode>s</Unicode>
            </TextEquiv>
          </Glyph>
          <Glyph id="w24284g7">
            <Coords points="198,1409 198,1409 198,1464 198,1464"/>
            <TextEquiv index="1" conf="0.937970906496048">
              <Unicode>;</Unicode>
            </TextEquiv>
          </Glyph>
          <TextEquiv index="1" conf="0.9362318793993957">
            <Unicode>homines;</Unicode>
          </TextEquiv>
        </Word>
        <Word id="w24285">
          <Coords points="227,1409 315,1409 315,1464 227,1464"/>
          <Glyph id="w24285g0">
            <Coords points="227,1409 227,1409 227,1464 227,1464"/>
            <TextEquiv index="1" conf="0.8397388011217117">
              <Unicode>l</Unicode>
            </TextEquiv>
          </Glyph>
          <Glyph id="w24285g1">
            <Coords points="235,1409 235,1409 235,1464 235,1464"/>
            <TextEquiv index="1" conf="0.987790435552597">
              <Unicode>l</Unicode>
            </TextEquiv>
          </Glyph>
          <Glyph id="w24285g2">
            <Coords points="246,1409 246,1409 246,1464 246,1464"/>
            <TextEquiv index="1" conf="0.996771052479744">
              <Unicode>l</Unicode>
            </TextEquiv>
          </Glyph>
          <Glyph id="w24285g3">
            <Coords points="260,1409 264,1409 264,1464 260,1464"/>
            <TextEquiv index="1" conf="0.9998894035816193">
              <Unicode>o</Unicode>
            </TextEquiv>
          </Glyph>
          <Glyph id="w24285g4">
            <Coords points="275,1409 275,1409 275,1464 275,1464"/>
            <TextEquiv index="1" conf="0.999009519815445">
              <Unicode>r</Unicode>
            </TextEquiv>
          </Glyph>
          <Glyph id="w24285g5">
            <Coords points="286,1409 290,1409 290,1464 286,1464"/>
            <TextEquiv index="1" conf="0.9999615848064423">
              <Unicode>u</Unicode>
            </TextEquiv>
          </Glyph>
          <Glyph id="w24285g6">
            <Coords points="312,1409 315,1409 315,1464 312,1464"/>
            <TextEquiv index="1" conf="0.9995745867490768">
              <Unicode>m</Unicode>
            </TextEquiv>
          </Glyph>
          <TextEquiv index="1" conf="0.8255142404052929">
            <Unicode>lllorum</Unicode>
          </TextEquiv>
        </Word>
        <Word id="w24286">
          <Coords points="345,1409 440,1409 440,1464 345,1464"/>
          <Glyph id="w24286g0">
            <Coords points="345,1409 345,1409 345,1464 345,1464"/>
            <TextEquiv index="1" conf="0.9998532235622406">
              <Unicode>n</Unicode>
            </TextEquiv>
          </Glyph>
          <Glyph id="w24286g1">
            <Coords points="363,1409 367,1409 367,1464 363,1464"/>
            <TextEquiv index="1" conf="0.9996723383665085">
              <Unicode>e</Unicode>
            </TextEquiv>
          </Glyph>
          <Glyph id="w24286g2">
            <Coords points="378,1409 378,1409 378,1464 378,1464"/>
            <TextEquiv index="1" conf="0.9999872148036957">
              <Unicode>p</Unicode>
            </TextEquiv>
          </Glyph>
          <Glyph id="w24286g3">
            <Coords points="396,1409 399,1409 399,1464 396,1464"/>
            <TextEquiv index="1" conf="0.9995807707309723">
              <Unicode>o</Unicode>
            </TextEquiv>
          </Glyph>
          <Glyph id="w24286g4">
            <Coords points="410,1409 410,1409 410,1464 410,1464"/>
            <TextEquiv index="1" conf="0.6512194275856018">
              <Unicode>t</Unicode>
            </TextEquiv>
          </Glyph>
          <Glyph id="w24286g5">
            <Coords points="425,1409 425,1409 425,1464 425,1464"/>
            <TextEquiv index="1" conf="0.9999746084213257">
              <Unicode>e</Unicode>
            </TextEquiv>
          </Glyph>
          <Glyph id="w24286g6">
            <Coords points="436,1409 440,1409 440,1464 436,1464"/>
            <TextEquiv index="1" conf="0.999942809343338">
              <Unicode>s</Unicode>
            </TextEquiv>
          </Glyph>
          <TextEquiv index="1" conf="0.6505755668777593">
            <Unicode>nepotes</Unicode>
          </TextEquiv>
        </Word>
        <Word id="w24287">
          <Coords points="465,1409 539,1409 539,1464 465,1464"/>
          <Glyph id="w24287g0">
            <Coords points="465,1409 465,1409 465,1464 465,1464"/>
            <TextEquiv index="1" conf="0.5223370138555765">
              <Unicode>c</Unicode>
            </TextEquiv>
          </Glyph>
          <Glyph id="w24287g1">
            <Coords points="476,1409 484,1409 484,1464 476,1464"/>
            <TextEquiv index="1" conf="0.999681681394577">
              <Unicode>o</Unicode>
            </TextEquiv>
          </Glyph>
          <Glyph id="w24287g2">
            <Coords points="491,1409 495,1409 495,1464 491,1464"/>
            <TextEquiv index="1" conf="0.9998195618391037">
              <Unicode>n</Unicode>
            </TextEquiv>
          </Glyph>
          <Glyph id="w24287g3">
            <Coords points="509,1409 513,1409 513,1464 509,1464"/>
            <TextEquiv index="1" conf="0.9991137981414795">
              <Unicode>t</Unicode>
            </TextEquiv>
          </Glyph>
          <Glyph id="w24287g4">
            <Coords points="524,1409 524,1409 524,1464 524,1464"/>
            <TextEquiv index="1" conf="0.9994619935750961">
              <Unicode>r</Unicode>
            </TextEquiv>
          </Glyph>
          <Glyph id="w24287g5">
            <Coords points="535,1409 539,1409 539,1464 535,1464"/>
            <TextEquiv index="1" conf="0.8406400009989738">
              <Unicode>â</Unicode>
            </TextEquiv>
          </Glyph>
          <TextEquiv index="1" conf="0.43825356525857245">
            <Unicode>contrâ</Unicode>
          </TextEquiv>
        </Word>
        <Word id="w24288">
          <Coords points="568,1409 652,1409 652,1464 568,1464"/>
          <Glyph id="w24288g0">
            <Coords points="568,1409 568,1409 568,1464 568,1464"/>
            <TextEquiv index="1" conf="0.9999454021453857">
              <Unicode>n</Unicode>
            </TextEquiv>
          </Glyph>
          <Glyph id="w24288g1">
            <Coords points="586,1409 586,1409 586,1464 586,1464"/>
            <TextEquiv index="1" conf="0.99943608045578">
              <Unicode>u</Unicode>
            </TextEquiv>
          </Glyph>
          <Glyph id="w24288g2">
            <Coords points="601,1409 604,1409 604,1464 601,1464"/>
            <TextEquiv index="1" conf="0.9976614415645599">
              <Unicode>l</Unicode>
            </TextEquiv>
          </Glyph>
          <Glyph id="w24288g3">
            <Coords points="612,1409 612,1409 612,1464 612,1464"/>
            <TextEquiv index="1" conf="0.9995051920413971">
              <Unicode>l</Unicode>
            </TextEquiv>
          </Glyph>
          <Glyph id="w24288g4">
            <Coords points="619,1409 623,1409 623,1464 619,1464"/>
            <TextEquiv index="1" conf="0.9563880562782288">
              <Unicode>i</Unicode>
            </TextEquiv>
          </Glyph>
          <Glyph id="w24288g5">
            <Coords points="630,1409 634,1409 634,1464 630,1464"/>
            <TextEquiv index="1" conf="0.9978658854961395">
              <Unicode>u</Unicode>
            </TextEquiv>
          </Glyph>
          <Glyph id="w24288g6">
            <Coords points="648,1409 652,1409 652,1464 648,1464"/>
            <TextEquiv index="1" conf="0.9997579902410507">
              <Unicode>s</Unicode>
            </TextEquiv>
          </Glyph>
          <TextEquiv index="1" conf="0.9508253603526348">
            <Unicode>nullius</Unicode>
          </TextEquiv>
        </Word>
        <Word id="w24289">
          <Coords points="674,1409 758,1409 758,1464 674,1464"/>
          <Glyph id="w24289g0">
            <Coords points="674,1409 674,1409 674,1464 674,1464"/>
            <TextEquiv index="1" conf="0.9550106525421143">
              <Unicode>l</Unicode>
            </TextEquiv>
          </Glyph>
          <Glyph id="w24289g1">
            <Coords points="681,1409 685,1409 685,1464 681,1464"/>
            <TextEquiv index="1" conf="0.9977525770664215">
              <Unicode>a</Unicode>
            </TextEquiv>
          </Glyph>
          <Glyph id="w24289g2">
            <Coords points="696,1409 700,1409 700,1464 696,1464"/>
            <TextEquiv index="1" conf="0.9999445080757141">
              <Unicode>b</Unicode>
            </TextEquiv>
          </Glyph>
          <Glyph id="w24289g3">
            <Coords points="722,1409 725,1409 725,1464 722,1464"/>
            <TextEquiv index="1" conf="0.9998189508914948">
              <Unicode>o</Unicode>
            </TextEquiv>
          </Glyph>
          <Glyph id="w24289g4">
            <Coords points="736,1409 736,1409 736,1464 736,1464"/>
            <TextEquiv index="1" conf="0.9998470991849899">
              <Unicode>r</Unicode>
            </TextEquiv>
          </Glyph>
          <Glyph id="w24289g5">
            <Coords points="747,1409 747,1409 747,1464 747,1464"/>
            <TextEquiv index="1" conf="0.999179482460022">
              <Unicode>i</Unicode>
            </TextEquiv>
          </Glyph>
          <Glyph id="w24289g6">
            <Coords points="758,1409 758,1409 758,1464 758,1464"/>
            <TextEquiv index="1" conf="0.9992282092571259">
              <Unicode>s</Unicode>
            </TextEquiv>
          </Glyph>
          <TextEquiv index="1" conf="0.9509772386997447">
            <Unicode>laboris</Unicode>
          </TextEquiv>
        </Word>
        <Word id="w24290">
          <Coords points="784,1409 835,1409 835,1464 784,1464"/>
          <Glyph id="w24290g0">
            <Coords points="784,1409 787,1409 787,1464 784,1464"/>
            <TextEquiv index="1" conf="0.9872058480978012">
              <Unicode>ſ</Unicode>
            </TextEquiv>
          </Glyph>
          <Glyph id="w24290g1">
            <Coords points="795,1409 798,1409 798,1464 795,1464"/>
            <TextEquiv index="1" conf="0.9989646226167679">
              <Unicode>u</Unicode>
            </TextEquiv>
          </Glyph>
          <Glyph id="w24290g2">
            <Coords points="813,1409 813,1409 813,1464 813,1464"/>
            <TextEquiv index="1" conf="0.9985170066356659">
              <Unicode>n</Unicode>
            </TextEquiv>
          </Glyph>
          <Glyph id="w24290g3">
            <Coords points="831,1409 835,1409 835,1464 831,1464"/>
            <TextEquiv index="1" conf="0.9994082897901535">
              <Unicode>t</Unicode>
            </TextEquiv>
          </Glyph>
          <TextEquiv index="1" conf="0.9841385439851058">
            <Unicode>ſunt</Unicode>
          </TextEquiv>
        </Word>
        <Word id="w24291">
          <Coords points="864,1409 879,1409 879,1464 864,1464"/>
          <Glyph id="w24291g0">
            <Coords points="864,1409 879,1409 879,1464 864,1464"/>
            <TextEquiv index="1" conf="0.9996960312128067">
              <Unicode>&amp;</Unicode>
            </TextEquiv>
          </Glyph>
          <TextEquiv index="1" conf="0.9996960312128067">
            <Unicode>&amp;</Unicode>
          </TextEquiv>
        </Word>
        <TextEquiv index="1" conf="0.9748128114820078">
          <Unicode>homines; lllorum nepotes contrâ nullius laboris ſunt &amp;</Unicode>
        </TextEquiv>
      </TextLine>
      <TextLine id="r0_l039">
        <Coords points="69,1481 884,1503 885,1466 70,1444 69,1481"/>
        <Word id="w24292">
          <Coords points="74,1444 170,1444 170,1503 74,1503"/>
          <Glyph id="w24292g0">
            <Coords points="74,1444 78,1444 78,1503 74,1503"/>
            <TextEquiv index="1" conf="0.9690057933330536">
              <Unicode>p</Unicode>
            </TextEquiv>
          </Glyph>
          <Glyph id="w24292g1">
            <Coords points="93,1444 93,1444 93,1503 93,1503"/>
            <TextEquiv index="1" conf="0.9993998408317566">
              <Unicode>l</Unicode>
            </TextEquiv>
          </Glyph>
          <Glyph id="w24292g2">
            <Coords points="100,1444 104,1444 104,1503 100,1503"/>
            <TextEquiv index="1" conf="0.9996556788682938">
              <Unicode>u</Unicode>
            </TextEquiv>
          </Glyph>
          <Glyph id="w24292g3">
            <Coords points="122,1444 122,1444 122,1503 122,1503"/>
            <TextEquiv index="1" conf="0.9999914169311523">
              <Unicode>r</Unicode>
            </TextEquiv>
          </Glyph>
          <Glyph id="w24292g4">
            <Coords points="129,1444 133,1444 133,1503 129,1503"/>
            <TextEquiv index="1" conf="0.9999118000268936">
              <Unicode>i</Unicode>
            </TextEquiv>
          </Glyph>
          <Glyph id="w24292g5">
            <Coords points="151,1444 151,1444 151,1503 151,1503"/>
            <TextEquiv index="1" conf="0.999911904335022">
              <Unicode>m</Unicode>
            </TextEquiv>
          </Glyph>
          <Glyph id="w24292g6">
            <Coords points="170,1444 170,1444 170,1503 170,1503"/>
            <TextEquiv index="1" conf="0.9996654093265533">
              <Unicode>i</Unicode>
            </TextEquiv>
          </Glyph>
          <TextEquiv index="1" conf="0.9675879620409396">
            <Unicode>plurimi</Unicode>
          </TextEquiv>
        </Word>
        <Word id="w24293">
          <Coords points="188,1444 287,1444 287,1503 188,1503"/>
          <Glyph id="w24293g0">
            <Coords points="188,1444 188,1444 188,1503 188,1503"/>
            <TextEquiv index="1" conf="0.999459519982338">
              <Unicode>ſ</Unicode>
            </TextEquiv>
          </Glyph>
          <Glyph id="w24293g1">
            <Coords points="203,1444 206,1444 206,1503 203,1503"/>
            <TextEquiv index="1" conf="0.9997482597827911">
              <Unicode>o</Unicode>
            </TextEquiv>
          </Glyph>
          <Glyph id="w24293g2">
            <Coords points="217,1444 217,1444 217,1503 217,1503"/>
            <TextEquiv index="1" conf="0.999966025352478">
              <Unicode>p</Unicode>
            </TextEquiv>
          </Glyph>
          <Glyph id="w24293g3">
            <Coords points="239,1444 243,1444 243,1503 239,1503"/>
            <TextEquiv index="1" conf="0.9997033625841141">
              <Unicode>o</Unicode>
            </TextEquiv>
          </Glyph>
          <Glyph id="w24293g4">
            <Coords points="254,1444 254,1444 254,1503 254,1503"/>
            <TextEquiv index="1" conf="0.9999497532844543">
              <Unicode>r</Unicode>
            </TextEquiv>
          </Glyph>
          <Glyph id="w24293g5">
            <Coords points="265,1444 265,1444 265,1503 265,1503"/>
            <TextEquiv index="1" conf="0.999757319688797">
              <Unicode>i</Unicode>
            </TextEquiv>
          </Glyph>
          <Glyph id="w24293g6">
            <Coords points="276,1444 276,1444 276,1503 276,1503"/>
            <TextEquiv index="1" conf="0.9998278468847275">
              <Unicode>s</Unicode>
            </TextEquiv>
          </Glyph>
          <Glyph id="w24293g7">
            <Coords points="283,1444 287,1444 287,1503 283,1503"/>
            <TextEquiv index="1" conf="0.9967931658029556">
              <Unicode>.</Unicode>
            </TextEquiv>
          </Glyph>
          <TextEquiv index="1" conf="0.9952113349219254">
            <Unicode>ſoporis.</Unicode>
          </TextEquiv>
        </Word>
        <Word id="w24294">
          <Coords points="316,1444 382,1444 382,1503 316,1503"/>
          <Glyph id="w24294g0">
            <Coords points="316,1444 320,1444 320,1503 316,1503"/>
            <TextEquiv index="1" conf="0.9999023675918579">
              <Unicode>A</Unicode>
            </TextEquiv>
          </Glyph>
          <Glyph id="w24294g1">
            <Coords points="334,1444 338,1444 338,1503 334,1503"/>
            <TextEquiv index="1" conf="0.9944425076246262">
              <Unicode>t</Unicode>
            </TextEquiv>
          </Glyph>
          <Glyph id="w24294g2">
            <Coords points="349,1444 356,1444 356,1503 349,1503"/>
            <TextEquiv index="1" conf="0.9996429234743118">
              <Unicode>q</Unicode>
            </TextEquiv>
          </Glyph>
          <Glyph id="w24294g3">
            <Coords points="364,1444 367,1444 367,1503 364,1503"/>
            <TextEquiv index="1" conf="0.9605753123760223">
              <Unicode>u</Unicode>
            </TextEquiv>
          </Glyph>
          <Glyph id="w24294g4">
            <Coords points="382,1444 382,1444 382,1503 382,1503"/>
            <TextEquiv index="1" conf="0.999754399061203">
              <Unicode>i</Unicode>
            </TextEquiv>
          </Glyph>
          <TextEquiv index="1" conf="0.9545681005255228">
            <Unicode>Atqui</Unicode>
          </TextEquiv>
        </Word>
        <Word id="w24295">
          <Coords points="404,1444 473,1444 473,1503 404,1503"/>
          <Glyph id="w24295g0">
            <Coords points="404,1444 404,1444 404,1503 404,1503"/>
            <TextEquiv index="1" conf="0.9995361864566803">
              <Unicode>t</Unicode>
            </TextEquiv>
          </Glyph>
          <Glyph id="w24295g1">
            <Coords points="411,1444 415,1444 415,1503 411,1503"/>
            <TextEquiv index="1" conf="0.872479259967804">
              <Unicode>a</Unicode>
            </TextEquiv>
          </Glyph>
          <Glyph id="w24295g2">
            <Coords points="437,1444 440,1444 440,1503 437,1503"/>
            <TextEquiv index="1" conf="0.9990384578704834">
              <Unicode>m</Unicode>
            </TextEquiv>
          </Glyph>
          <Glyph id="w24295g3">
            <Coords points="459,1444 459,1444 459,1503 459,1503"/>
            <TextEquiv index="1" conf="0.9999505579471588">
              <Unicode>e</Unicode>
            </TextEquiv>
          </Glyph>
          <Glyph id="w24295g4">
            <Coords points="470,1444 473,1444 473,1503 470,1503"/>
            <TextEquiv index="1" conf="0.9977388381958008">
              <Unicode>n</Unicode>
            </TextEquiv>
          </Glyph>
          <TextEquiv index="1" conf="0.8692230718203937">
            <Unicode>tamen</Unicode>
          </TextEquiv>
        </Word>
        <Word id="w24296">
          <Coords points="499,1444 554,1444 554,1503 499,1503"/>
          <Glyph id="w24296g0">
            <Coords points="499,1444 499,1444 499,1503 499,1503"/>
            <TextEquiv index="1" conf="0.9976329952478409">
              <Unicode>b</Unicode>
            </TextEquiv>
          </Glyph>
          <Glyph id="w24296g1">
            <Coords points="521,1444 525,1444 525,1503 521,1503"/>
            <TextEquiv index="1" conf="0.998842865228653">
              <Unicode>o</Unicode>
            </TextEquiv>
          </Glyph>
          <Glyph id="w24296g2">
            <Coords points="536,1444 536,1444 536,1503 536,1503"/>
            <TextEquiv index="1" conf="0.9997530579566956">
              <Unicode>n</Unicode>
            </TextEquiv>
          </Glyph>
          <Glyph id="w24296g3">
            <Coords points="550,1444 554,1444 554,1503 550,1503"/>
            <TextEquiv index="1" conf="0.9925432801246643">
              <Unicode>a</Unicode>
            </TextEquiv>
          </Glyph>
          <TextEquiv index="1" conf="0.9888039000743188">
            <Unicode>bona</Unicode>
          </TextEquiv>
        </Word>
        <Word id="w24297">
          <Coords points="576,1444 656,1444 656,1503 576,1503"/>
          <Glyph id="w24297g0">
            <Coords points="576,1444 579,1444 579,1503 576,1503"/>
            <TextEquiv index="1" conf="0.9645055681467056">
              <Unicode>l</Unicode>
            </TextEquiv>
          </Glyph>
          <Glyph id="w24297g1">
            <Coords points="587,1444 587,1444 587,1503 587,1503"/>
            <TextEquiv index="1" conf="0.9624847024679184">
              <Unicode>a</Unicode>
            </TextEquiv>
          </Glyph>
          <Glyph id="w24297g2">
            <Coords points="601,1444 601,1444 601,1503 601,1503"/>
            <TextEquiv index="1" conf="0.9998859614133835">
              <Unicode>b</Unicode>
            </TextEquiv>
          </Glyph>
          <Glyph id="w24297g3">
            <Coords points="623,1444 627,1444 627,1503 623,1503"/>
            <TextEquiv index="1" conf="0.9991155564785004">
              <Unicode>o</Unicode>
            </TextEquiv>
          </Glyph>
          <Glyph id="w24297g4">
            <Coords points="638,1444 642,1444 642,1503 638,1503"/>
            <TextEquiv index="1" conf="0.9970942288637161">
              <Unicode>r</Unicode>
            </TextEquiv>
          </Glyph>
          <Glyph id="w24297g5">
            <Coords points="653,1444 656,1444 656,1503 653,1503"/>
            <TextEquiv index="1" conf="0.9977393448352814">
              <Unicode>e</Unicode>
            </TextEquiv>
          </Glyph>
          <TextEquiv index="1" conf="0.9226098095597088">
            <Unicode>labore</Unicode>
          </TextEquiv>
        </Word>
        <Word id="w24298">
          <Coords points="678,1444 733,1444 733,1503 678,1503"/>
          <Glyph id="w24298g0">
            <Coords points="678,1444 678,1444 678,1503 678,1503"/>
            <TextEquiv index="1" conf="0.9897796511650085">
              <Unicode>p</Unicode>
            </TextEquiv>
          </Glyph>
          <Glyph id="w24298g1">
            <Coords points="693,1444 697,1444 697,1503 693,1503"/>
            <TextEquiv index="1" conf="0.9996689707040787">
              <Unicode>a</Unicode>
            </TextEquiv>
          </Glyph>
          <Glyph id="w24298g2">
            <Coords points="711,1444 711,1444 711,1503 711,1503"/>
            <TextEquiv index="1" conf="0.9993158727884293">
              <Unicode>r</Unicode>
            </TextEquiv>
          </Glyph>
          <Glyph id="w24298g3">
            <Coords points="722,1444 722,1444 722,1503 722,1503"/>
            <TextEquiv index="1" conf="0.9997089505195618">
              <Unicode>t</Unicode>
            </TextEquiv>
          </Glyph>
          <Glyph id="w24298g4">
            <Coords points="730,1444 733,1444 733,1503 730,1503"/>
            <TextEquiv index="1" conf="0.9710893630981445">
              <Unicode>a</Unicode>
            </TextEquiv>
          </Glyph>
          <TextEquiv index="1" conf="0.9599095138379992">
            <Unicode>parta</Unicode>
          </TextEquiv>
        </Word>
        <Word id="w24299">
          <Coords points="759,1444 795,1444 795,1503 759,1503"/>
          <Glyph id="w24299g0">
            <Coords points="759,1444 759,1444 759,1503 759,1503"/>
            <TextEquiv index="1" conf="0.999865859746933">
              <Unicode>n</Unicode>
            </TextEquiv>
          </Glyph>
          <Glyph id="w24299g1">
            <Coords points="781,1444 784,1444 784,1503 781,1503"/>
            <TextEquiv index="1" conf="0.9994137734174728">
              <Unicode>o</Unicode>
            </TextEquiv>
          </Glyph>
          <Glyph id="w24299g2">
            <Coords points="792,1444 795,1444 795,1503 792,1503"/>
            <TextEquiv index="1" conf="0.9982633590698242">
              <Unicode>n</Unicode>
            </TextEquiv>
          </Glyph>
          <TextEquiv index="1" conf="0.9975443217527801">
            <Unicode>non</Unicode>
          </TextEquiv>
        </Word>
        <Word id="w24300">
          <Coords points="825,1444 876,1444 876,1503 825,1503"/>
          <Glyph id="w24300g0">
            <Coords points="825,1444 828,1444 828,1503 825,1503"/>
            <TextEquiv index="1" conf="0.5031428700312972">
              <Unicode>c</Unicode>
            </TextEquiv>
          </Glyph>
          <Glyph id="w24300g1">
            <Coords points="836,1444 839,1444 839,1503 836,1503"/>
            <TextEquiv index="1" conf="0.9998385608196259">
              <Unicode>r</Unicode>
            </TextEquiv>
          </Glyph>
          <Glyph id="w24300g2">
            <Coords points="854,1444 854,1444 854,1503 854,1503"/>
            <TextEquiv index="1" conf="0.9998989552259445">
              <Unicode>e</Unicode>
            </TextEquiv>
          </Glyph>
          <Glyph id="w24300g3">
            <Coords points="865,1444 869,1444 869,1503 865,1503"/>
            <TextEquiv index="1" conf="0.9987589120864868">
              <Unicode>s</Unicode>
            </TextEquiv>
          </Glyph>
          <Glyph id="w24300g4">
            <Coords points="876,1444 876,1444 876,1503 876,1503"/>
            <TextEquiv index="1" conf="0.9977822601795197">
              <Unicode>-</Unicode>
            </TextEquiv>
          </Glyph>
          <TextEquiv index="1" conf="0.501272368056067">
            <Unicode>cres-</Unicode>
          </TextEquiv>
        </Word>
        <TextEquiv index="1" conf="0.9846471248560452">
          <Unicode>plurimi ſoporis. Atqui tamen bona labore parta non cres-</Unicode>
        </TextEquiv>
      </TextLine>
      <TextLine id="r0_l040">
        <Coords points="70,1511 557,1524 558,1494 70,1481 70,1511"/>
        <Word id="w24301">
          <Coords points="80,1481 126,1481 126,1524 80,1524"/>
          <Glyph id="w24301g0">
            <Coords points="80,1481 80,1481 80,1524 80,1524"/>
            <TextEquiv index="1" conf="0.6464540250599384">
              <Unicode>c</Unicode>
            </TextEquiv>
          </Glyph>
          <Glyph id="w24301g1">
            <Coords points="88,1481 92,1481 92,1524 88,1524"/>
            <TextEquiv index="1" conf="0.9994747340679169">
              <Unicode>u</Unicode>
            </TextEquiv>
          </Glyph>
          <Glyph id="w24301g2">
            <Coords points="107,1481 107,1481 107,1524 107,1524"/>
            <TextEquiv index="1" conf="0.9998372197151184">
              <Unicode>n</Unicode>
            </TextEquiv>
          </Glyph>
          <Glyph id="w24301g3">
            <Coords points="126,1481 126,1481 126,1524 126,1524"/>
            <TextEquiv index="1" conf="0.9999760389328003">
              <Unicode>t</Unicode>
            </TextEquiv>
          </Glyph>
          <TextEquiv index="1" conf="0.6459938110152614">
            <Unicode>cunt</Unicode>
          </TextEquiv>
        </Word>
        <Word id="w24302">
          <Coords points="145,1481 225,1481 225,1524 145,1524"/>
          <Glyph id="w24302g0">
            <Coords points="145,1481 149,1481 149,1524 145,1524"/>
            <TextEquiv index="1" conf="0.99826280772686">
              <Unicode>ſ</Unicode>
            </TextEquiv>
          </Glyph>
          <Glyph id="w24302g1">
            <Coords points="160,1481 164,1481 164,1524 160,1524"/>
            <TextEquiv index="1" conf="0.9991439878940582">
              <Unicode>o</Unicode>
            </TextEquiv>
          </Glyph>
          <Glyph id="w24302g2">
            <Coords points="183,1481 183,1481 183,1524 183,1524"/>
            <TextEquiv index="1" conf="0.9999672174453735">
              <Unicode>m</Unicode>
            </TextEquiv>
          </Glyph>
          <Glyph id="w24302g3">
            <Coords points="203,1481 203,1481 203,1524 203,1524"/>
            <TextEquiv index="1" conf="0.9279309809207916">
              <Unicode>n</Unicode>
            </TextEquiv>
          </Glyph>
          <Glyph id="w24302g4">
            <Coords points="222,1481 225,1481 225,1524 222,1524"/>
            <TextEquiv index="1" conf="0.9979009330272675">
              <Unicode>o</Unicode>
            </TextEquiv>
          </Glyph>
          <TextEquiv index="1" conf="0.9235530275484439">
            <Unicode>ſomno</Unicode>
          </TextEquiv>
        </Word>
        <Word id="w24303">
          <Coords points="252,1481 267,1481 267,1524 252,1524"/>
          <Glyph id="w24303g0">
            <Coords points="252,1481 267,1481 267,1524 252,1524"/>
            <TextEquiv index="1" conf="0.9998423308134079">
              <Unicode>&amp;</Unicode>
            </TextEquiv>
          </Glyph>
          <TextEquiv index="1" conf="0.9998423308134079">
            <Unicode>&amp;</Unicode>
          </TextEquiv>
        </Word>
        <Word id="w24304">
          <Coords points="290,1481 344,1481 344,1524 290,1524"/>
          <Glyph id="w24304g0">
            <Coords points="290,1481 294,1481 294,1524 290,1524"/>
            <TextEquiv index="1" conf="0.9848059564828873">
              <Unicode>o</Unicode>
            </TextEquiv>
          </Glyph>
          <Glyph id="w24304g1">
            <Coords points="306,1481 306,1481 306,1524 306,1524"/>
            <TextEquiv index="1" conf="0.9986195266246796">
              <Unicode>t</Unicode>
            </TextEquiv>
          </Glyph>
          <Glyph id="w24304g2">
            <Coords points="313,1481 317,1481 317,1524 313,1524"/>
            <TextEquiv index="1" conf="0.9996915757656097">
              <Unicode>i</Unicode>
            </TextEquiv>
          </Glyph>
          <Glyph id="w24304g3">
            <Coords points="329,1481 332,1481 332,1524 329,1524"/>
            <TextEquiv index="1" conf="0.555935062468052">
              <Unicode>o</Unicode>
            </TextEquiv>
          </Glyph>
          <Glyph id="w24304g4">
            <Coords points="344,1481 344,1481 344,1524 344,1524"/>
            <TextEquiv index="1" conf="0.4915542391439279">
              <Unicode>,</Unicode>
            </TextEquiv>
          </Glyph>
          <TextEquiv index="1" conf="0.26866572463479454">
            <Unicode>otio,</Unicode>
          </TextEquiv>
        </Word>
        <Word id="w24305">
          <Coords points="374,1481 409,1481 409,1524 374,1524"/>
          <Glyph id="w24305g0">
            <Coords points="374,1481 374,1481 374,1524 374,1524"/>
            <TextEquiv index="1" conf="0.9984719753265381">
              <Unicode>ſ</Unicode>
            </TextEquiv>
          </Glyph>
          <Glyph id="w24305g1">
            <Coords points="386,1481 390,1481 390,1524 386,1524"/>
            <TextEquiv index="1" conf="0.9998838901519775">
              <Unicode>e</Unicode>
            </TextEquiv>
          </Glyph>
          <Glyph id="w24305g2">
            <Coords points="401,1481 409,1481 409,1524 401,1524"/>
            <TextEquiv index="1" conf="0.9999833703041077">
              <Unicode>d</Unicode>
            </TextEquiv>
          </Glyph>
          <TextEquiv index="1" conf="0.9983394405398426">
            <Unicode>ſed</Unicode>
          </TextEquiv>
        </Word>
        <Word id="w24306">
          <Coords points="432,1481 550,1481 550,1524 432,1524"/>
          <Glyph id="w24306g0">
            <Coords points="432,1481 436,1481 436,1524 432,1524"/>
            <TextEquiv index="1" conf="0.9998573660850525">
              <Unicode>d</Unicode>
            </TextEquiv>
          </Glyph>
          <Glyph id="w24306g1">
            <Coords points="443,1481 443,1481 443,1524 443,1524"/>
            <TextEquiv index="1" conf="0.9999350011348724">
              <Unicode>i</Unicode>
            </TextEquiv>
          </Glyph>
          <Glyph id="w24306g2">
            <Coords points="455,1481 455,1481 455,1524 455,1524"/>
            <TextEquiv index="1" conf="0.8237396478652954">
              <Unicode>ſ</Unicode>
            </TextEquiv>
          </Glyph>
          <Glyph id="w24306g3">
            <Coords points="462,1481 462,1481 462,1524 462,1524"/>
            <TextEquiv index="1" conf="0.8170583993196487">
              <Unicode>ſ</Unicode>
            </TextEquiv>
          </Glyph>
          <Glyph id="w24306g4">
            <Coords points="470,1481 470,1481 470,1524 470,1524"/>
            <TextEquiv index="1" conf="0.9841482937335968">
              <Unicode>l</Unicode>
            </TextEquiv>
          </Glyph>
          <Glyph id="w24306g5">
            <Coords points="481,1481 481,1481 481,1524 481,1524"/>
            <TextEquiv index="1" conf="0.9997578561306">
              <Unicode>u</Unicode>
            </TextEquiv>
          </Glyph>
          <Glyph id="w24306g6">
            <Coords points="497,1481 501,1481 501,1524 497,1524"/>
            <TextEquiv index="1" conf="0.9991663247346878">
              <Unicode>u</Unicode>
            </TextEquiv>
          </Glyph>
          <Glyph id="w24306g7">
            <Coords points="516,1481 520,1481 520,1524 516,1524"/>
            <TextEquiv index="1" conf="0.9998026490211487">
              <Unicode>n</Unicode>
            </TextEquiv>
          </Glyph>
          <Glyph id="w24306g8">
            <Coords points="535,1481 539,1481 539,1524 535,1524"/>
            <TextEquiv index="1" conf="0.9999717772006989">
              <Unicode>t</Unicode>
            </TextEquiv>
          </Glyph>
          <Glyph id="w24306g9">
            <Coords points="550,1481 550,1481 550,1524 550,1524"/>
            <TextEquiv index="1" conf="0.7107120305299759">
              <Unicode>.</Unicode>
            </TextEquiv>
          </Glyph>
          <TextEquiv index="1" conf="0.4700474924916763">
            <Unicode>diſſluunt.</Unicode>
          </TextEquiv>
        </Word>
        <TextEquiv index="1" conf="0.9372125833925574">
          <Unicode>cunt ſomno &amp; otio, ſed diſſluunt.</Unicode>
        </TextEquiv>
      </TextLine>
      <TextLine id="r0_l041">
        <Coords points="955,1718 956,1717 996,1718 997,1718 997,1703 997,1702 987,1702 985,1700 981,1700 979,1698 980,1685 979,1685 969,1685 969,1686 968,1687 968,1697 967,1698 965,1697 964,1698 945,1698 944,1699 943,1699 942,1700 934,1700 933,1701 932,1701 930,1702 930,1704 929,1706 928,1706 927,1706 926,1706 925,1707 925,1708 924,1708 923,1709 923,1712 913,1712 912,1713 908,1713 907,1713 907,1714 907,1715 897,1715 896,1715 897,1716 903,1716 903,1717 955,1718"/>
        <TextEquiv index="1" conf="0.0">
          <Unicode></Unicode>
        </TextEquiv>
      </TextLine>
      <TextLine id="r0_l042">
        <Coords points="1,1722 11,1723 12,1723 11,1730 12,1731 13,1731 13,1732 14,1733 25,1733 26,1734 43,1734 44,1735 51,1736 57,1729 57,1728 58,1728 60,1728 61,1727 67,1727 68,1726 83,1726 84,1725 93,1726 93,1725 94,1724 103,1724 104,1723 104,1717 103,1717 102,1717 101,1716 98,1716 98,1715 107,1715 108,1715 107,1714 90,1714 90,1713 90,1712 89,1712 67,1711 67,1710 67,1707 66,1707 63,1707 63,1706 63,1700 61,1698 51,1698 50,1697 49,1696 48,1697 30,1697 29,1697 29,1700 29,1701 25,1701 24,1701 24,1702 24,1703 14,1703 13,1703 13,1712 11,1714 1,1713 1,1714 1,1722"/>
        <Word id="w24307">
          <Coords points="41,1696 62,1696 62,1736 41,1736"/>
          <Glyph id="w24307g0">
            <Coords points="41,1696 62,1696 62,1736 41,1736"/>
            <TextEquiv index="1" conf="0.38496990501880646">
              <Unicode></Unicode>
            </TextEquiv>
          </Glyph>
          <TextEquiv index="1" conf="0.38496990501880646">
            <Unicode></Unicode>
          </TextEquiv>
        </Word>
        <TextEquiv index="1" conf="0.38496990501880646">
          <Unicode></Unicode>
        </TextEquiv>
      </TextLine>
      <TextLine id="r0_l043">
        <Coords points="964,1740 965,1739 980,1740 981,1739 983,1739 984,1738 994,1738 995,1737 997,1737 997,1736 997,1719 996,1718 890,1716 888,1713 873,1713 872,1714 872,1715 861,1715 860,1715 860,1716 859,1717 859,1718 857,1720 855,1720 855,1730 854,1731 854,1732 855,1732 856,1731 856,1721 858,1721 859,1721 859,1730 859,1731 920,1732 921,1733 924,1733 925,1734 930,1735 931,1735 930,1736 934,1740 964,1740"/>
        <TextEquiv index="1" conf="0.0">
          <Unicode></Unicode>
        </TextEquiv>
      </TextLine>
      <TextLine id="r0_l044">
        <Coords points="149,1732 260,1735 260,1713 149,1710 149,1732"/>
        <TextEquiv index="1" conf="0.0">
          <Unicode></Unicode>
        </TextEquiv>
      </TextLine>
    </TextRegion>
  </Page>
</PcGts>
