<PcGts xmlns="http://schema.primaresearch.org/PAGE/gts/pagecontent/2019-07-15" xmlns:xsi="http://www.w3.org/2001/XMLSchema-instance" xsi:schemaLocation="http://schema.primaresearch.org/PAGE/gts/pagecontent/2019-07-15 http://schema.primaresearch.org/PAGE/gts/pagecontent/2019-07-15/pagecontent.xsd">
  <Metadata>
    <Creator>OCR4all</Creator>
    <Created>2022-01-21T16:17:15</Created>
    <LastChange>2022-01-21T16:17:15</LastChange>
  </Metadata>
  <Page imageFilename="0145.png" imageHeight="1743" imageWidth="1000">
    <TextRegion id="r0" type="paragraph" orientation="1.25">
      <Coords points="1,1 998,1 998,1741 1,1741"/>
      <TextLine id="r0_l001">
        <Coords points="539,87 540,86 540,85 587,84 588,83 685,81 686,80 686,78 687,77 687,76 688,75 688,74 689,73 689,72 690,71 691,71 692,70 691,65 690,64 688,64 687,65 685,65 684,66 595,68 594,69 486,71 485,72 452,73 451,74 450,74 449,75 448,75 447,76 446,76 446,77 445,78 445,79 444,81 444,82 443,83 443,84 442,85 443,85 444,86 477,85 478,86 490,86 491,86 491,87 491,88 539,87"/>
        <Word id="w24308">
          <Coords points="517,64 634,64 634,88 517,88"/>
          <Glyph id="w24308g0">
            <Coords points="517,64 517,64 517,88 517,88"/>
            <TextEquiv index="1" conf="0.6590215563774109">
              <Unicode>M</Unicode>
            </TextEquiv>
          </Glyph>
          <Glyph id="w24308g1">
            <Coords points="560,64 560,64 560,88 560,88"/>
            <TextEquiv index="1" conf="0.6552788019180298">
              <Unicode>I</Unicode>
            </TextEquiv>
          </Glyph>
          <Glyph id="w24308g2">
            <Coords points="622,64 622,64 622,88 622,88"/>
            <TextEquiv index="1" conf="0.45849719643592834">
              <Unicode>P</Unicode>
            </TextEquiv>
          </Glyph>
          <Glyph id="w24308g3">
            <Coords points="634,64 634,64 634,88 634,88"/>
            <TextEquiv index="1" conf="0.4748713970184326">
              <Unicode>I</Unicode>
            </TextEquiv>
          </Glyph>
          <TextEquiv index="1" conf="0.09402393766934336">
            <Unicode>MIPI</Unicode>
          </TextEquiv>
        </Word>
        <TextEquiv index="1" conf="0.5619172379374504">
          <Unicode>MIPI</Unicode>
        </TextEquiv>
      </TextLine>
      <TextLine id="r0_l002">
        <Coords points="726,103 726,102 726,101 727,101 840,98 841,97 861,97 862,96 863,96 865,93 865,92 866,91 866,90 867,89 867,79 868,79 869,78 869,77 870,76 870,74 869,73 869,72 868,72 843,72 842,71 815,72 814,71 813,71 811,69 808,69 806,67 806,68 806,70 807,71 808,71 810,73 810,78 809,78 444,86 443,85 392,86 392,77 390,75 355,76 354,75 329,76 328,77 304,77 303,78 266,79 266,90 264,92 261,92 260,93 213,94 213,95 213,98 212,99 212,103 209,103 207,105 207,106 209,107 267,106 267,107 268,108 268,107 268,106 269,106 289,105 290,104 388,102 389,101 595,97 596,96 836,90 836,91 836,95 837,96 724,99 722,100 722,101 724,103 726,103"/>
        <Word id="w24309">
          <Coords points="267,67 413,67 413,108 267,108"/>
          <Glyph id="w24309g0">
            <Coords points="267,67 267,67 267,108 267,108"/>
            <TextEquiv index="1" conf="0.4989062547683716">
              <Unicode>R</Unicode>
            </TextEquiv>
          </Glyph>
          <Glyph id="w24309g1">
            <Coords points="329,67 329,67 329,108 329,108"/>
            <TextEquiv index="1" conf="0.4971131980419159">
              <Unicode>M</Unicode>
            </TextEquiv>
          </Glyph>
          <Glyph id="w24309g2">
            <Coords points="337,67 337,67 337,108 337,108"/>
            <TextEquiv index="1" conf="0.40432509779930115">
              <Unicode>M</Unicode>
            </TextEquiv>
          </Glyph>
          <Glyph id="w24309g3">
            <Coords points="413,67 413,67 413,108 413,108"/>
            <TextEquiv index="1" conf="0.42563849687576294">
              <Unicode></Unicode>
            </TextEquiv>
          </Glyph>
          <TextEquiv index="1" conf="0.04268210632535186">
            <Unicode>RMM</Unicode>
          </TextEquiv>
        </Word>
        <Word id="w24310">
          <Coords points="293,67 454,67 454,108 293,108"/>
          <Glyph id="w24310g0">
            <Coords points="293,67 454,67 454,108 293,108"/>
            <TextEquiv index="1" conf="0.29238876327872276">
              <Unicode></Unicode>
            </TextEquiv>
          </Glyph>
          <TextEquiv index="1" conf="0.29238876327872276">
            <Unicode></Unicode>
          </TextEquiv>
        </Word>
        <Word id="w24311">
          <Coords points="563,67 863,67 863,108 563,108"/>
          <Glyph id="w24311g0">
            <Coords points="563,67 823,67 823,108 563,108"/>
            <TextEquiv index="1" conf="0.7818450182676315">
              <Unicode>I</Unicode>
            </TextEquiv>
          </Glyph>
          <Glyph id="w24311g1">
            <Coords points="695,67 695,67 695,108 695,108"/>
            <TextEquiv index="1" conf="0.7199751138687134">
              <Unicode>.</Unicode>
            </TextEquiv>
          </Glyph>
          <Glyph id="w24311g2">
            <Coords points="823,67 823,67 823,108 823,108"/>
            <TextEquiv index="1" conf="0.6827386617660522">
              <Unicode>1</Unicode>
            </TextEquiv>
          </Glyph>
          <Glyph id="w24311g3">
            <Coords points="837,67 841,67 841,108 837,108"/>
            <TextEquiv index="1" conf="0.9978581368923187">
              <Unicode>3</Unicode>
            </TextEquiv>
          </Glyph>
          <Glyph id="w24311g4">
            <Coords points="859,67 863,67 863,108 859,108"/>
            <TextEquiv index="1" conf="0.9882347732782364">
              <Unicode>5</Unicode>
            </TextEquiv>
          </Glyph>
          <TextEquiv index="1" conf="0.378984623326093">
            <Unicode>I.135</Unicode>
          </TextEquiv>
        </Word>
        <TextEquiv index="1" conf="0.6526692357535163">
          <Unicode>RMM  I.135</Unicode>
        </TextEquiv>
      </TextLine>
      <TextLine id="r0_l003">
        <Coords points="15,179 16,179 16,174 16,173 119,171 120,171 119,161 120,160 237,158 238,157 361,154 362,153 567,148 568,147 755,143 756,144 842,142 843,141 851,141 851,137 852,136 853,136 855,134 863,134 863,133 866,133 867,132 867,130 869,128 869,124 946,122 947,122 946,121 869,123 868,121 868,115 867,115 834,116 834,115 834,114 833,114 796,114 795,113 765,114 764,113 732,114 731,113 731,114 730,115 699,115 698,116 542,120 541,121 478,122 477,123 437,124 437,125 437,129 436,129 435,129 435,130 435,135 434,135 416,136 416,137 415,138 386,138 385,139 175,144 174,143 167,143 166,144 166,146 81,148 80,149 76,149 75,150 75,152 13,153 12,154 12,162 7,163 6,163 7,164 11,163 11,164 12,179 15,179"/>
        <Word id="w24312">
          <Coords points="113,113 500,113 500,179 113,179"/>
          <Glyph id="w24312g0">
            <Coords points="113,113 113,113 113,179 113,179"/>
            <TextEquiv index="1" conf="0.6016668081283569">
              <Unicode>X</Unicode>
            </TextEquiv>
          </Glyph>
          <Glyph id="w24312g1">
            <Coords points="141,113 141,113 141,179 141,179"/>
            <TextEquiv index="1" conf="0.5549386739730835">
              <Unicode>A</Unicode>
            </TextEquiv>
          </Glyph>
          <Glyph id="w24312g2">
            <Coords points="173,113 173,113 173,179 173,179"/>
            <TextEquiv index="1" conf="0.589855968952179">
              <Unicode>2</Unicode>
            </TextEquiv>
          </Glyph>
          <Glyph id="w24312g3">
            <Coords points="237,113 237,113 237,179 237,179"/>
            <TextEquiv index="1" conf="0.8062432408332825">
              <Unicode>X</Unicode>
            </TextEquiv>
          </Glyph>
          <Glyph id="w24312g4">
            <Coords points="297,113 297,113 297,179 297,179"/>
            <TextEquiv index="1" conf="0.5783902406692505">
              <Unicode>X</Unicode>
            </TextEquiv>
          </Glyph>
          <Glyph id="w24312g5">
            <Coords points="469,113 469,113 469,179 469,179"/>
            <TextEquiv index="1" conf="0.49656519293785095">
              <Unicode>X</Unicode>
            </TextEquiv>
          </Glyph>
          <Glyph id="w24312g6">
            <Coords points="496,113 500,113 500,179 496,179"/>
            <TextEquiv index="1" conf="0.7745733261108398">
              <Unicode>.</Unicode>
            </TextEquiv>
          </Glyph>
          <TextEquiv index="1" conf="0.0353242442201675">
            <Unicode>XA2XXX.</Unicode>
          </TextEquiv>
        </Word>
        <Word id="w24313">
          <Coords points="532,113 688,113 688,179 532,179"/>
          <Glyph id="w24313g0">
            <Coords points="532,113 532,113 532,179 532,179"/>
            <TextEquiv index="1" conf="0.36403903365135193">
              <Unicode>.</Unicode>
            </TextEquiv>
          </Glyph>
          <Glyph id="w24313g1">
            <Coords points="556,113 556,113 556,179 556,179"/>
            <TextEquiv index="1" conf="0.7502827644348145">
              <Unicode>,</Unicode>
            </TextEquiv>
          </Glyph>
          <Glyph id="w24313g2">
            <Coords points="560,113 564,113 564,179 560,179"/>
            <TextEquiv index="1" conf="0.902209460735321">
              <Unicode>.</Unicode>
            </TextEquiv>
          </Glyph>
          <Glyph id="w24313g3">
            <Coords points="576,113 576,113 576,179 576,179"/>
            <TextEquiv index="1" conf="0.5092631578445435">
              <Unicode>*</Unicode>
            </TextEquiv>
          </Glyph>
          <Glyph id="w24313g4">
            <Coords points="640,113 640,113 640,179 640,179"/>
            <TextEquiv index="1" conf="0.7337019443511963">
              <Unicode>A</Unicode>
            </TextEquiv>
          </Glyph>
          <Glyph id="w24313g5">
            <Coords points="652,113 656,113 656,179 652,179"/>
            <TextEquiv index="1" conf="0.9534361958503723">
              <Unicode>.</Unicode>
            </TextEquiv>
          </Glyph>
          <Glyph id="w24313g6">
            <Coords points="688,113 688,113 688,179 688,179"/>
            <TextEquiv index="1" conf="0.7496689558029175">
              <Unicode>.</Unicode>
            </TextEquiv>
          </Glyph>
          <TextEquiv index="1" conf="0.06581174260011954">
            <Unicode>.,.*A..</Unicode>
          </TextEquiv>
        </Word>
        <Word id="w24314">
          <Coords points="768,113 828,113 828,179 768,179"/>
          <Glyph id="w24314g0">
            <Coords points="768,113 768,113 768,179 768,179"/>
            <TextEquiv index="1" conf="0.6682400703430176">
              <Unicode>V</Unicode>
            </TextEquiv>
          </Glyph>
          <Glyph id="w24314g1">
            <Coords points="800,113 800,113 800,179 800,179"/>
            <TextEquiv index="1" conf="0.6553062796592712">
              <Unicode>V</Unicode>
            </TextEquiv>
          </Glyph>
          <Glyph id="w24314g2">
            <Coords points="808,113 808,113 808,179 808,179"/>
            <TextEquiv index="1" conf="0.8630150556564331">
              <Unicode>,</Unicode>
            </TextEquiv>
          </Glyph>
          <Glyph id="w24314g3">
            <Coords points="812,113 812,113 812,179 812,179"/>
            <TextEquiv index="1" conf="0.7226271033287048">
              <Unicode>.</Unicode>
            </TextEquiv>
          </Glyph>
          <Glyph id="w24314g4">
            <Coords points="828,113 828,113 828,179 828,179"/>
            <TextEquiv index="1" conf="0.621917188167572">
              <Unicode>*</Unicode>
            </TextEquiv>
          </Glyph>
          <TextEquiv index="1" conf="0.16984079822876894">
            <Unicode>VV,.*</Unicode>
          </TextEquiv>
        </Word>
        <TextEquiv index="1" conf="0.6763027764502025">
          <Unicode>XA2XXX. .,.*A.. VV,.*</Unicode>
        </TextEquiv>
      </TextLine>
      <TextLine id="r0_l004">
        <Coords points="16,153 17,152 66,151 67,150 67,149 68,148 143,147 144,146 345,141 346,140 377,139 378,138 408,138 409,137 409,133 411,133 412,132 412,130 411,130 410,130 410,129 410,124 409,124 400,124 399,125 155,130 154,129 153,129 153,128 152,127 15,130 15,125 14,124 14,123 13,122 12,122 12,123 12,130 11,131 11,133 12,134 12,153 13,153 16,153"/>
        <Word id="w24315">
          <Coords points="89,122 89,122 89,153 89,153"/>
          <Glyph id="w24315g0">
            <Coords points="89,122 89,122 89,153 89,153"/>
            <TextEquiv index="1" conf="0.3995346426963806">
              <Unicode>X</Unicode>
            </TextEquiv>
          </Glyph>
          <TextEquiv index="1" conf="0.3995346426963806">
            <Unicode>X</Unicode>
          </TextEquiv>
        </Word>
        <Word id="w24316">
          <Coords points="184,122 307,122 307,153 184,153"/>
          <Glyph id="w24316g0">
            <Coords points="184,122 184,122 184,153 184,153"/>
            <TextEquiv index="1" conf="0.7859724164009094">
              <Unicode>V</Unicode>
            </TextEquiv>
          </Glyph>
          <Glyph id="w24316g1">
            <Coords points="244,122 244,122 244,153 244,153"/>
            <TextEquiv index="1" conf="0.4282008111476898">
              <Unicode>X</Unicode>
            </TextEquiv>
          </Glyph>
          <Glyph id="w24316g2">
            <Coords points="277,122 277,122 277,153 277,153"/>
            <TextEquiv index="1" conf="0.7309350967407227">
              <Unicode>X</Unicode>
            </TextEquiv>
          </Glyph>
          <Glyph id="w24316g3">
            <Coords points="307,122 307,122 307,153 307,153"/>
            <TextEquiv index="1" conf="0.4518492817878723">
              <Unicode>X</Unicode>
            </TextEquiv>
          </Glyph>
          <TextEquiv index="1" conf="0.11115453912597266">
            <Unicode>VXXX</Unicode>
          </TextEquiv>
        </Word>
        <Word id="w24317">
          <Coords points="369,122 369,122 369,153 369,153"/>
          <Glyph id="w24317g0">
            <Coords points="369,122 369,122 369,153 369,153"/>
            <TextEquiv index="1" conf="0.5908542275428772">
              <Unicode>X</Unicode>
            </TextEquiv>
          </Glyph>
          <TextEquiv index="1" conf="0.5908542275428772">
            <Unicode>X</Unicode>
          </TextEquiv>
        </Word>
        <TextEquiv index="1" conf="0.6492686967055002">
          <Unicode>X VXXX X </Unicode>
        </TextEquiv>
      </TextLine>
      <TextLine id="r0_l005">
        <Coords points="240,214 734,203 733,159 239,170 240,214"/>
        <Word id="w24318">
          <Coords points="258,159 336,159 336,214 258,214"/>
          <Glyph id="w24318g0">
            <Coords points="258,159 264,159 264,214 258,214"/>
            <TextEquiv index="1" conf="0.9800921976566315">
              <Unicode>S</Unicode>
            </TextEquiv>
          </Glyph>
          <Glyph id="w24318g1">
            <Coords points="330,159 336,159 336,214 330,214"/>
            <TextEquiv index="1" conf="0.9953899681568146">
              <Unicode>C</Unicode>
            </TextEquiv>
          </Glyph>
          <TextEquiv index="1" conf="0.9755739414161768">
            <Unicode>SC</Unicode>
          </TextEquiv>
        </Word>
        <Word id="w24319">
          <Coords points="402,159 408,159 408,214 402,214"/>
          <Glyph id="w24319g0">
            <Coords points="402,159 408,159 408,214 402,214"/>
            <TextEquiv index="1" conf="0.9711369723081589">
              <Unicode>E</Unicode>
            </TextEquiv>
          </Glyph>
          <TextEquiv index="1" conf="0.9711369723081589">
            <Unicode>E</Unicode>
          </TextEquiv>
        </Word>
        <Word id="w24320">
          <Coords points="468,159 695,159 695,214 468,214"/>
          <Glyph id="w24320g0">
            <Coords points="468,159 491,159 491,214 468,214"/>
            <TextEquiv index="1" conf="0.9968012720346451">
              <Unicode>N</Unicode>
            </TextEquiv>
          </Glyph>
          <Glyph id="w24320g1">
            <Coords points="551,159 557,159 557,214 551,214"/>
            <TextEquiv index="1" conf="0.9975774437189102">
              <Unicode>A</Unicode>
            </TextEquiv>
          </Glyph>
          <Glyph id="w24320g2">
            <Coords points="629,159 629,159 629,214 629,214"/>
            <TextEquiv index="1" conf="0.9992984235286713">
              <Unicode>I</Unicode>
            </TextEquiv>
          </Glyph>
          <Glyph id="w24320g3">
            <Coords points="653,159 659,159 659,214 653,214"/>
            <TextEquiv index="1" conf="0.9918023198843002">
              <Unicode>I</Unicode>
            </TextEquiv>
          </Glyph>
          <Glyph id="w24320g4">
            <Coords points="677,159 683,159 683,214 677,214"/>
            <TextEquiv index="1" conf="0.9845744669437408">
              <Unicode>I</Unicode>
            </TextEquiv>
          </Glyph>
          <Glyph id="w24320g5">
            <Coords points="695,159 695,159 695,214 695,214"/>
            <TextEquiv index="1" conf="0.988569438457489">
              <Unicode>.</Unicode>
            </TextEquiv>
          </Glyph>
          <TextEquiv index="1" conf="0.9592488240467264">
            <Unicode>NAIII.</Unicode>
          </TextEquiv>
        </Word>
        <TextEquiv index="1" conf="0.9608796076341108">
          <Unicode>SC E NAIII.</Unicode>
        </TextEquiv>
      </TextLine>
      <TextLine id="r0_l006">
        <Coords points="15,272 16,272 16,264 17,263 16,257 17,256 65,255 66,254 608,242 609,243 644,243 645,253 645,254 646,253 829,249 830,248 829,243 830,243 852,242 852,233 853,232 868,232 869,230 869,225 866,223 853,223 850,220 757,222 756,221 738,222 738,221 738,220 737,219 737,216 736,215 736,210 735,210 734,210 733,209 447,215 447,214 447,211 446,211 446,212 446,218 445,218 16,227 16,215 15,214 12,214 12,215 13,260 12,261 12,272 15,272"/>
        <Word id="w24321">
          <Coords points="68,209 333,209 333,272 68,272"/>
          <Glyph id="w24321g0">
            <Coords points="68,209 92,209 92,272 68,272"/>
            <TextEquiv index="1" conf="0.9906999617815018">
              <Unicode>M</Unicode>
            </TextEquiv>
          </Glyph>
          <Glyph id="w24321g1">
            <Coords points="107,209 111,209 111,272 107,272"/>
            <TextEquiv index="1" conf="0.9995231181383133">
              <Unicode>I</Unicode>
            </TextEquiv>
          </Glyph>
          <Glyph id="w24321g2">
            <Coords points="131,209 135,209 135,272 131,272"/>
            <TextEquiv index="1" conf="0.9950892776250839">
              <Unicode>S</Unicode>
            </TextEquiv>
          </Glyph>
          <Glyph id="w24321g3">
            <Coords points="164,209 169,209 169,272 164,272"/>
            <TextEquiv index="1" conf="0.9996199607849121">
              <Unicode>O</Unicode>
            </TextEquiv>
          </Glyph>
          <Glyph id="w24321g4">
            <Coords points="193,209 198,209 198,272 193,272"/>
            <TextEquiv index="1" conf="0.977825477719307">
              <Unicode>P</Unicode>
            </TextEquiv>
          </Glyph>
          <Glyph id="w24321g5">
            <Coords points="222,209 232,209 232,272 222,272"/>
            <TextEquiv index="1" conf="0.9995820373296738">
              <Unicode>O</Unicode>
            </TextEquiv>
          </Glyph>
          <Glyph id="w24321g6">
            <Coords points="246,209 261,209 261,272 246,272"/>
            <TextEquiv index="1" conf="0.9965036660432816">
              <Unicode>N</Unicode>
            </TextEquiv>
          </Glyph>
          <Glyph id="w24321g7">
            <Coords points="290,209 290,209 290,272 290,272"/>
            <TextEquiv index="1" conf="0.9058320224285126">
              <Unicode>U</Unicode>
            </TextEquiv>
          </Glyph>
          <Glyph id="w24321g8">
            <Coords points="314,209 314,209 314,272 314,272"/>
            <TextEquiv index="1" conf="0.9994689673185349">
              <Unicode>S</Unicode>
            </TextEquiv>
          </Glyph>
          <Glyph id="w24321g9">
            <Coords points="333,209 333,209 333,272 333,272"/>
            <TextEquiv index="1" conf="0.9734245836734772">
              <Unicode>,</Unicode>
            </TextEquiv>
          </Glyph>
          <TextEquiv index="1" conf="0.8454928563575627">
            <Unicode>MISOPONUS,</Unicode>
          </TextEquiv>
        </Word>
        <Word id="w24322">
          <Coords points="386,209 613,209 613,272 386,272"/>
          <Glyph id="w24322g0">
            <Coords points="386,209 386,209 386,272 386,272"/>
            <TextEquiv index="1" conf="0.9894785732030869">
              <Unicode>T</Unicode>
            </TextEquiv>
          </Glyph>
          <Glyph id="w24322g1">
            <Coords points="406,209 406,209 406,272 406,272"/>
            <TextEquiv index="1" conf="0.9990907460451126">
              <Unicode>I</Unicode>
            </TextEquiv>
          </Glyph>
          <Glyph id="w24322g2">
            <Coords points="420,209 444,209 444,272 420,272"/>
            <TextEquiv index="1" conf="0.9990110099315643">
              <Unicode>M</Unicode>
            </TextEquiv>
          </Glyph>
          <Glyph id="w24322g3">
            <Coords points="464,209 468,209 468,272 464,272"/>
            <TextEquiv index="1" conf="0.9998040199279785">
              <Unicode>A</Unicode>
            </TextEquiv>
          </Glyph>
          <Glyph id="w24322g4">
            <Coords points="493,209 507,209 507,272 493,272"/>
            <TextEquiv index="1" conf="0.9978976845741272">
              <Unicode>N</Unicode>
            </TextEquiv>
          </Glyph>
          <Glyph id="w24322g5">
            <Coords points="526,209 536,209 536,272 526,272"/>
            <TextEquiv index="1" conf="0.9982371181249619">
              <Unicode>D</Unicode>
            </TextEquiv>
          </Glyph>
          <Glyph id="w24322g6">
            <Coords points="560,209 560,209 560,272 560,272"/>
            <TextEquiv index="1" conf="0.9987909346818924">
              <Unicode>E</Unicode>
            </TextEquiv>
          </Glyph>
          <Glyph id="w24322g7">
            <Coords points="579,209 589,209 589,272 579,272"/>
            <TextEquiv index="1" conf="0.9993710517883301">
              <Unicode>R</Unicode>
            </TextEquiv>
          </Glyph>
          <Glyph id="w24322g8">
            <Coords points="613,209 613,209 613,272 613,272"/>
            <TextEquiv index="1" conf="0.9885639250278473">
              <Unicode>,</Unicode>
            </TextEquiv>
          </Glyph>
          <TextEquiv index="1" conf="0.9705598653035274">
            <Unicode>TIMANDER,</Unicode>
          </TextEquiv>
        </Word>
        <Word id="w24323">
          <Coords points="652,209 869,209 869,272 652,272"/>
          <Glyph id="w24323g0">
            <Coords points="652,209 657,209 657,272 652,272"/>
            <TextEquiv index="1" conf="0.9928114265203476">
              <Unicode>E</Unicode>
            </TextEquiv>
          </Glyph>
          <Glyph id="w24323g1">
            <Coords points="671,209 686,209 686,272 671,272"/>
            <TextEquiv index="1" conf="0.9958394467830658">
              <Unicode>R</Unicode>
            </TextEquiv>
          </Glyph>
          <Glyph id="w24323g2">
            <Coords points="710,209 715,209 715,272 710,272"/>
            <TextEquiv index="1" conf="0.9972831159830093">
              <Unicode>G</Unicode>
            </TextEquiv>
          </Glyph>
          <Glyph id="w24323g3">
            <Coords points="734,209 734,209 734,272 734,272"/>
            <TextEquiv index="1" conf="0.9995878487825394">
              <Unicode>A</Unicode>
            </TextEquiv>
          </Glyph>
          <Glyph id="w24323g4">
            <Coords points="763,209 768,209 768,272 763,272"/>
            <TextEquiv index="1" conf="0.445376714070638">
              <Unicode>0</Unicode>
            </TextEquiv>
          </Glyph>
          <Glyph id="w24323g5">
            <Coords points="792,209 792,209 792,272 792,272"/>
            <TextEquiv index="1" conf="0.5155884946386019">
              <Unicode>I</Unicode>
            </TextEquiv>
          </Glyph>
          <Glyph id="w24323g6">
            <Coords points="826,209 826,209 826,272 826,272"/>
            <TextEquiv index="1" conf="0.5954657718539238">
              <Unicode>C</Unicode>
            </TextEquiv>
          </Glyph>
          <Glyph id="w24323g7">
            <Coords points="850,209 850,209 850,272 850,272"/>
            <TextEquiv index="1" conf="0.5264174193143845">
              <Unicode>0</Unicode>
            </TextEquiv>
          </Glyph>
          <Glyph id="w24323g8">
            <Coords points="864,209 869,209 869,272 864,272"/>
            <TextEquiv index="1" conf="0.7547497749328613">
              <Unicode>.</Unicode>
            </TextEquiv>
          </Glyph>
          <TextEquiv index="1" conf="0.05354467635649397">
            <Unicode>ERGA0IC0.</Unicode>
          </TextEquiv>
        </Word>
        <TextEquiv index="1" conf="0.9194811671972275">
          <Unicode>MISOPONUS, TIMANDER, ERGA0IC0.</Unicode>
        </TextEquiv>
      </TextLine>
      <TextLine id="r0_l007">
        <Coords points="640,293 641,292 708,290 708,287 709,286 861,283 861,282 860,281 860,271 831,272 830,271 830,249 829,249 828,250 51,267 51,268 51,269 313,263 314,263 314,266 313,267 96,272 95,273 92,273 92,274 93,275 93,294 95,296 97,296 98,297 204,294 204,295 204,297 205,297 349,294 349,295 349,298 351,299 640,293"/>
        <Word id="w24324">
          <Coords points="104,249 287,249 287,299 104,299"/>
          <Glyph id="w24324g0">
            <Coords points="104,249 108,249 108,299 104,299"/>
            <TextEquiv index="1" conf="0.9636250585317612">
              <Unicode>E</Unicode>
            </TextEquiv>
          </Glyph>
          <Glyph id="w24324g1">
            <Coords points="126,249 133,249 133,299 126,299"/>
            <TextEquiv index="1" conf="0.9802519977092743">
              <Unicode>R</Unicode>
            </TextEquiv>
          </Glyph>
          <Glyph id="w24324g2">
            <Coords points="159,249 162,249 162,299 159,299"/>
            <TextEquiv index="1" conf="0.9779917299747467">
              <Unicode>G</Unicode>
            </TextEquiv>
          </Glyph>
          <Glyph id="w24324g3">
            <Coords points="177,249 181,249 181,299 177,299"/>
            <TextEquiv index="1" conf="0.9994038492441177">
              <Unicode>A</Unicode>
            </TextEquiv>
          </Glyph>
          <Glyph id="w24324g4">
            <Coords points="203,249 206,249 206,299 203,299"/>
            <TextEquiv index="1" conf="0.99954754114151">
              <Unicode>S</Unicode>
            </TextEquiv>
          </Glyph>
          <Glyph id="w24324g5">
            <Coords points="224,249 228,249 228,299 224,299"/>
            <TextEquiv index="1" conf="0.9697476327419281">
              <Unicode>T</Unicode>
            </TextEquiv>
          </Glyph>
          <Glyph id="w24324g6">
            <Coords points="254,249 254,249 254,299 254,299"/>
            <TextEquiv index="1" conf="0.8578870445489883">
              <Unicode>U</Unicode>
            </TextEquiv>
          </Glyph>
          <Glyph id="w24324g7">
            <Coords points="272,249 272,249 272,299 272,299"/>
            <TextEquiv index="1" conf="0.999212235212326">
              <Unicode>S</Unicode>
            </TextEquiv>
          </Glyph>
          <Glyph id="w24324g8">
            <Coords points="287,249 287,249 287,299 287,299"/>
            <TextEquiv index="1" conf="0.9877616614103317">
              <Unicode>,</Unicode>
            </TextEquiv>
          </Glyph>
          <TextEquiv index="1" conf="0.7577469950078124">
            <Unicode>ERGASTUS,</Unicode>
          </TextEquiv>
        </Word>
        <Word id="w24325">
          <Coords points="312,249 323,249 323,299 312,299"/>
          <Glyph id="w24325g0">
            <Coords points="312,249 316,249 316,299 312,299"/>
            <TextEquiv index="1" conf="0.9606212079524994">
              <Unicode>i</Unicode>
            </TextEquiv>
          </Glyph>
          <Glyph id="w24325g1">
            <Coords points="323,249 323,249 323,299 323,299"/>
            <TextEquiv index="1" conf="0.9971652776002884">
              <Unicode>n</Unicode>
            </TextEquiv>
          </Glyph>
          <TextEquiv index="1" conf="0.9578981134966784">
            <Unicode>in</Unicode>
          </TextEquiv>
        </Word>
        <Word id="w24326">
          <Coords points="352,249 393,249 393,299 352,299"/>
          <Glyph id="w24326g0">
            <Coords points="352,249 352,249 352,299 352,299"/>
            <TextEquiv index="1" conf="0.941823348402977">
              <Unicode>p</Unicode>
            </TextEquiv>
          </Glyph>
          <Glyph id="w24326g1">
            <Coords points="367,249 371,249 371,299 367,299"/>
            <TextEquiv index="1" conf="0.9929334223270416">
              <Unicode>o</Unicode>
            </TextEquiv>
          </Glyph>
          <Glyph id="w24326g2">
            <Coords points="382,249 382,249 382,299 382,299"/>
            <TextEquiv index="1" conf="0.9693846702575684">
              <Unicode>ſ</Unicode>
            </TextEquiv>
          </Glyph>
          <Glyph id="w24326g3">
            <Coords points="389,249 393,249 393,299 389,299"/>
            <TextEquiv index="1" conf="0.8597033321857452">
              <Unicode>t</Unicode>
            </TextEquiv>
          </Glyph>
          <TextEquiv index="1" conf="0.779353230004129">
            <Unicode>poſt</Unicode>
          </TextEquiv>
        </Word>
        <Word id="w24327">
          <Coords points="404,249 404,249 404,299 404,299"/>
          <Glyph id="w24327g0">
            <Coords points="404,249 404,249 404,299 404,299"/>
            <TextEquiv index="1" conf="0.9888894557952881">
              <Unicode>·</Unicode>
            </TextEquiv>
          </Glyph>
          <TextEquiv index="1" conf="0.9888894557952881">
            <Unicode>·</Unicode>
          </TextEquiv>
        </Word>
        <Word id="w24328">
          <Coords points="422,249 488,249 488,299 422,299"/>
          <Glyph id="w24328g0">
            <Coords points="422,249 425,249 425,299 422,299"/>
            <TextEquiv index="1" conf="0.9979866594076157">
              <Unicode>ſ</Unicode>
            </TextEquiv>
          </Glyph>
          <Glyph id="w24328g1">
            <Coords points="433,249 436,249 436,299 433,299"/>
            <TextEquiv index="1" conf="0.9981296062469482">
              <Unicode>c</Unicode>
            </TextEquiv>
          </Glyph>
          <Glyph id="w24328g2">
            <Coords points="447,249 447,249 447,299 447,299"/>
            <TextEquiv index="1" conf="0.9999377727508545">
              <Unicode>e</Unicode>
            </TextEquiv>
          </Glyph>
          <Glyph id="w24328g3">
            <Coords points="455,249 458,249 458,299 455,299"/>
            <TextEquiv index="1" conf="0.9979600012302399">
              <Unicode>n</Unicode>
            </TextEquiv>
          </Glyph>
          <Glyph id="w24328g4">
            <Coords points="473,249 477,249 477,299 473,299"/>
            <TextEquiv index="1" conf="0.9999786019325256">
              <Unicode>i</Unicode>
            </TextEquiv>
          </Glyph>
          <Glyph id="w24328g5">
            <Coords points="484,249 488,249 488,299 484,299"/>
            <TextEquiv index="1" conf="0.998727336525917">
              <Unicode>o</Unicode>
            </TextEquiv>
          </Glyph>
          <TextEquiv index="1" conf="0.99273978453481">
            <Unicode>ſcenio</Unicode>
          </TextEquiv>
        </Word>
        <Word id="w24329">
          <Coords points="509,249 579,249 579,299 509,299"/>
          <Glyph id="w24329g0">
            <Coords points="509,249 509,249 509,299 509,299"/>
            <TextEquiv index="1" conf="0.7522783353924751">
              <Unicode>h</Unicode>
            </TextEquiv>
          </Glyph>
          <Glyph id="w24329g1">
            <Coords points="517,249 517,249 517,299 517,299"/>
            <TextEquiv index="1" conf="0.6178054511547089">
              <Unicode>i</Unicode>
            </TextEquiv>
          </Glyph>
          <Glyph id="w24329g2">
            <Coords points="528,249 528,249 528,299 528,299"/>
            <TextEquiv index="1" conf="0.9999174326658249">
              <Unicode>e</Unicode>
            </TextEquiv>
          </Glyph>
          <Glyph id="w24329g3">
            <Coords points="539,249 542,249 542,299 539,299"/>
            <TextEquiv index="1" conf="0.99863001704216">
              <Unicode>r</Unicode>
            </TextEquiv>
          </Glyph>
          <Glyph id="w24329g4">
            <Coords points="553,249 557,249 557,299 553,299"/>
            <TextEquiv index="1" conf="0.9994811117649078">
              <Unicode>u</Unicode>
            </TextEquiv>
          </Glyph>
          <Glyph id="w24329g5">
            <Coords points="579,249 579,249 579,299 579,299"/>
            <TextEquiv index="1" conf="0.999683141708374">
              <Unicode>m</Unicode>
            </TextEquiv>
          </Glyph>
          <TextEquiv index="1" conf="0.4636988368054522">
            <Unicode>hierum</Unicode>
          </TextEquiv>
        </Word>
        <Word id="w24330">
          <Coords points="612,249 681,249 681,299 612,299"/>
          <Glyph id="w24330g0">
            <Coords points="612,249 612,249 612,299 612,299"/>
            <TextEquiv index="1" conf="0.9994447082281113">
              <Unicode>c</Unicode>
            </TextEquiv>
          </Glyph>
          <Glyph id="w24330g1">
            <Coords points="623,249 626,249 626,299 623,299"/>
            <TextEquiv index="1" conf="0.9508892744779587">
              <Unicode>o</Unicode>
            </TextEquiv>
          </Glyph>
          <Glyph id="w24330g2">
            <Coords points="637,249 641,249 641,299 637,299"/>
            <TextEquiv index="1" conf="0.997178241610527">
              <Unicode>g</Unicode>
            </TextEquiv>
          </Glyph>
          <Glyph id="w24330g3">
            <Coords points="652,249 652,249 652,299 652,299"/>
            <TextEquiv index="1" conf="0.9992649704217911">
              <Unicode>e</Unicode>
            </TextEquiv>
          </Glyph>
          <Glyph id="w24330g4">
            <Coords points="663,249 667,249 667,299 663,299"/>
            <TextEquiv index="1" conf="0.9998658001422882">
              <Unicode>n</Unicode>
            </TextEquiv>
          </Glyph>
          <Glyph id="w24330g5">
            <Coords points="681,249 681,249 681,299 681,299"/>
            <TextEquiv index="1" conf="0.9860159009695053">
              <Unicode>s</Unicode>
            </TextEquiv>
          </Glyph>
          <TextEquiv index="1" conf="0.9336149793959099">
            <Unicode>cogens</Unicode>
          </TextEquiv>
        </Word>
        <Word id="w24331">
          <Coords points="703,249 838,249 838,299 703,299"/>
          <Glyph id="w24331g0">
            <Coords points="703,249 707,249 707,299 703,299"/>
            <TextEquiv index="1" conf="0.9991918504238129">
              <Unicode>p</Unicode>
            </TextEquiv>
          </Glyph>
          <Glyph id="w24331g1">
            <Coords points="718,249 725,249 725,299 718,299"/>
            <TextEquiv index="1" conf="0.9998872131109238">
              <Unicode>r</Unicode>
            </TextEquiv>
          </Glyph>
          <Glyph id="w24331g2">
            <Coords points="736,249 740,249 740,299 736,299"/>
            <TextEquiv index="1" conf="0.9993257224559784">
              <Unicode>o</Unicode>
            </TextEquiv>
          </Glyph>
          <Glyph id="w24331g3">
            <Coords points="751,249 751,249 751,299 751,299"/>
            <TextEquiv index="1" conf="0.9999295771121979">
              <Unicode>c</Unicode>
            </TextEquiv>
          </Glyph>
          <Glyph id="w24331g4">
            <Coords points="762,249 765,249 765,299 762,299"/>
            <TextEquiv index="1" conf="0.997797891497612">
              <Unicode>e</Unicode>
            </TextEquiv>
          </Glyph>
          <Glyph id="w24331g5">
            <Coords points="780,249 783,249 783,299 780,299"/>
            <TextEquiv index="1" conf="0.998369425535202">
              <Unicode>d</Unicode>
            </TextEquiv>
          </Glyph>
          <Glyph id="w24331g6">
            <Coords points="794,249 794,249 794,299 794,299"/>
            <TextEquiv index="1" conf="0.9998509883880615">
              <Unicode>e</Unicode>
            </TextEquiv>
          </Glyph>
          <Glyph id="w24331g7">
            <Coords points="805,249 809,249 809,299 805,299"/>
            <TextEquiv index="1" conf="0.9996831119060516">
              <Unicode>r</Unicode>
            </TextEquiv>
          </Glyph>
          <Glyph id="w24331g8">
            <Coords points="820,249 824,249 824,299 820,299"/>
            <TextEquiv index="1" conf="0.9987558722496033">
              <Unicode>e</Unicode>
            </TextEquiv>
          </Glyph>
          <Glyph id="w24331g9">
            <Coords points="838,249 838,249 838,299 838,299"/>
            <TextEquiv index="1" conf="0.8607864230871201">
              <Unicode>.</Unicode>
            </TextEquiv>
          </Glyph>
          <TextEquiv index="1" conf="0.8545994773161218">
            <Unicode>procedere.</Unicode>
          </TextEquiv>
        </Word>
        <TextEquiv index="1" conf="0.9718331161375139">
          <Unicode>ERGASTUS, in poſt · ſcenio hierum cogens procedere.</Unicode>
        </TextEquiv>
      </TextLine>
      <TextLine id="r0_l008">
        <Coords points="333,381 334,379 336,379 338,377 338,375 339,374 632,368 632,370 633,371 635,371 636,372 637,372 638,371 641,371 641,370 641,364 808,360 811,358 811,356 810,355 810,354 809,353 808,353 807,352 798,352 797,338 796,336 777,337 776,336 756,336 755,335 754,336 74,351 74,350 73,349 72,349 71,348 17,349 16,303 15,302 12,302 12,303 13,352 12,353 12,354 13,355 13,380 14,380 113,378 113,379 113,383 112,384 113,384 117,384 118,385 333,381"/>
        <Word id="w24332">
          <Coords points="137,302 181,302 181,385 137,385"/>
          <Glyph id="w24332g0">
            <Coords points="137,302 137,302 137,385 137,385"/>
            <TextEquiv index="1" conf="0.6054051220417023">
              <Unicode>r</Unicode>
            </TextEquiv>
          </Glyph>
          <Glyph id="w24332g1">
            <Coords points="150,302 155,302 155,385 150,385"/>
            <TextEquiv index="1" conf="0.9981831908226013">
              <Unicode>o</Unicode>
            </TextEquiv>
          </Glyph>
          <Glyph id="w24332g2">
            <Coords points="168,302 172,302 172,385 168,385"/>
            <TextEquiv index="1" conf="0.9905750751495361">
              <Unicode>d</Unicode>
            </TextEquiv>
          </Glyph>
          <Glyph id="w24332g3">
            <Coords points="181,302 181,302 181,385 181,385"/>
            <TextEquiv index="1" conf="0.9958719164133072">
              <Unicode>i</Unicode>
            </TextEquiv>
          </Glyph>
          <TextEquiv index="1" conf="0.5961385743917118">
            <Unicode>rodi</Unicode>
          </TextEquiv>
        </Word>
        <Word id="w24333">
          <Coords points="208,302 234,302 234,385 208,385"/>
          <Glyph id="w24333g0">
            <Coords points="208,302 212,302 212,385 208,385"/>
            <TextEquiv index="1" conf="0.9989058375358582">
              <Unicode>v</Unicode>
            </TextEquiv>
          </Glyph>
          <Glyph id="w24333g1">
            <Coords points="225,302 225,302 225,385 225,385"/>
            <TextEquiv index="1" conf="0.9993700683116913">
              <Unicode>e</Unicode>
            </TextEquiv>
          </Glyph>
          <Glyph id="w24333g2">
            <Coords points="234,302 234,302 234,385 234,385"/>
            <TextEquiv index="1" conf="0.9911938160657883">
              <Unicode>l</Unicode>
            </TextEquiv>
          </Glyph>
          <TextEquiv index="1" conf="0.9894855877815312">
            <Unicode>vel</Unicode>
          </TextEquiv>
        </Word>
        <Word id="w24334">
          <Coords points="256,302 278,302 278,385 256,385"/>
          <Glyph id="w24334g0">
            <Coords points="256,302 256,302 256,385 256,385"/>
            <TextEquiv index="1" conf="0.9773092269897461">
              <Unicode>ſ</Unicode>
            </TextEquiv>
          </Glyph>
          <Glyph id="w24334g1">
            <Coords points="265,302 265,302 265,385 265,385"/>
            <TextEquiv index="1" conf="0.9997791647911072">
              <Unicode>i</Unicode>
            </TextEquiv>
          </Glyph>
          <Glyph id="w24334g2">
            <Coords points="278,302 278,302 278,385 278,385"/>
            <TextEquiv index="1" conf="0.7494535371661186">
              <Unicode>e</Unicode>
            </TextEquiv>
          </Glyph>
          <TextEquiv index="1" conf="0.7322861067970307">
            <Unicode>ſie</Unicode>
          </TextEquiv>
        </Word>
        <Word id="w24335">
          <Coords points="300,302 402,302 402,385 300,385"/>
          <Glyph id="w24335g0">
            <Coords points="300,302 300,302 300,385 300,385"/>
            <TextEquiv index="1" conf="0.8584857732057571">
              <Unicode>t</Unicode>
            </TextEquiv>
          </Glyph>
          <Glyph id="w24335g1">
            <Coords points="314,302 318,302 318,385 314,385"/>
            <TextEquiv index="1" conf="0.8818021267652512">
              <Unicode>o</Unicode>
            </TextEquiv>
          </Glyph>
          <Glyph id="w24335g2">
            <Coords points="331,302 336,302 336,385 331,385"/>
            <TextEquiv index="1" conf="0.8722016513347626">
              <Unicode>g</Unicode>
            </TextEquiv>
          </Glyph>
          <Glyph id="w24335g3">
            <Coords points="340,302 345,302 345,385 340,385"/>
            <TextEquiv index="1" conf="0.9881090372800827">
              <Unicode>a</Unicode>
            </TextEquiv>
          </Glyph>
          <Glyph id="w24335g4">
            <Coords points="358,302 358,302 358,385 358,385"/>
            <TextEquiv index="1" conf="0.9995902925729752">
              <Unicode>t</Unicode>
            </TextEquiv>
          </Glyph>
          <Glyph id="w24335g5">
            <Coords points="367,302 371,302 371,385 367,385"/>
            <TextEquiv index="1" conf="0.9733940064907074">
              <Unicode>u</Unicode>
            </TextEquiv>
          </Glyph>
          <Glyph id="w24335g6">
            <Coords points="389,302 389,302 389,385 389,385"/>
            <TextEquiv index="1" conf="0.9982710629701614">
              <Unicode>s</Unicode>
            </TextEquiv>
          </Glyph>
          <Glyph id="w24335g7">
            <Coords points="402,302 402,302 402,385 402,385"/>
            <TextEquiv index="1" conf="0.7679642289876938">
              <Unicode>,</Unicode>
            </TextEquiv>
          </Glyph>
          <TextEquiv index="1" conf="0.4866606052132788">
            <Unicode>togatus,</Unicode>
          </TextEquiv>
        </Word>
        <Word id="w24336">
          <Coords points="433,302 451,302 451,385 433,385"/>
          <Glyph id="w24336g0">
            <Coords points="433,302 451,302 451,385 433,385"/>
            <TextEquiv index="1" conf="0.9905129075050354">
              <Unicode>&amp;</Unicode>
            </TextEquiv>
          </Glyph>
          <TextEquiv index="1" conf="0.9905129075050354">
            <Unicode>&amp;</Unicode>
          </TextEquiv>
        </Word>
        <Word id="w24337">
          <Coords points="482,302 557,302 557,385 482,385"/>
          <Glyph id="w24337g0">
            <Coords points="482,302 482,302 482,385 482,385"/>
            <TextEquiv index="1" conf="0.9854664206504822">
              <Unicode>u</Unicode>
            </TextEquiv>
          </Glyph>
          <Glyph id="w24337g1">
            <Coords points="499,302 504,302 504,385 499,385"/>
            <TextEquiv index="1" conf="0.9995453953742981">
              <Unicode>t</Unicode>
            </TextEquiv>
          </Glyph>
          <Glyph id="w24337g2">
            <Coords points="513,302 517,302 517,385 513,385"/>
            <TextEquiv index="1" conf="0.9990708529949188">
              <Unicode>o</Unicode>
            </TextEquiv>
          </Glyph>
          <Glyph id="w24337g3">
            <Coords points="530,302 530,302 530,385 530,385"/>
            <TextEquiv index="1" conf="0.9984214007854462">
              <Unicode>r</Unicode>
            </TextEquiv>
          </Glyph>
          <Glyph id="w24337g4">
            <Coords points="539,302 544,302 544,385 539,385"/>
            <TextEquiv index="1" conf="0.9994116127490997">
              <Unicode>i</Unicode>
            </TextEquiv>
          </Glyph>
          <Glyph id="w24337g5">
            <Coords points="552,302 557,302 557,385 552,385"/>
            <TextEquiv index="1" conf="0.9998301565647125">
              <Unicode>s</Unicode>
            </TextEquiv>
          </Glyph>
          <TextEquiv index="1" conf="0.9818047904699387">
            <Unicode>utoris</Unicode>
          </TextEquiv>
        </Word>
        <Word id="w24338">
          <Coords points="579,302 725,302 725,385 579,385"/>
          <Glyph id="w24338g0">
            <Coords points="579,302 579,302 579,385 579,385"/>
            <TextEquiv index="1" conf="0.9778581112623215">
              <Unicode>c</Unicode>
            </TextEquiv>
          </Glyph>
          <Glyph id="w24338g1">
            <Coords points="592,302 597,302 597,385 592,385"/>
            <TextEquiv index="1" conf="0.9980650395154953">
              <Unicode>o</Unicode>
            </TextEquiv>
          </Glyph>
          <Glyph id="w24338g2">
            <Coords points="605,302 610,302 610,385 605,385"/>
            <TextEquiv index="1" conf="0.9998189955949783">
              <Unicode>n</Unicode>
            </TextEquiv>
          </Glyph>
          <Glyph id="w24338g3">
            <Coords points="628,302 628,302 628,385 628,385"/>
            <TextEquiv index="1" conf="0.995597317814827">
              <Unicode>ſ</Unicode>
            </TextEquiv>
          </Glyph>
          <Glyph id="w24338g4">
            <Coords points="636,302 636,302 636,385 636,385"/>
            <TextEquiv index="1" conf="0.9961423575878143">
              <Unicode>p</Unicode>
            </TextEquiv>
          </Glyph>
          <Glyph id="w24338g5">
            <Coords points="658,302 658,302 658,385 658,385"/>
            <TextEquiv index="1" conf="0.9992567151784897">
              <Unicode>e</Unicode>
            </TextEquiv>
          </Glyph>
          <Glyph id="w24338g6">
            <Coords points="672,302 672,302 672,385 672,385"/>
            <TextEquiv index="1" conf="0.9996009171009064">
              <Unicode>c</Unicode>
            </TextEquiv>
          </Glyph>
          <Glyph id="w24338g7">
            <Coords points="681,302 685,302 685,385 681,385"/>
            <TextEquiv index="1" conf="0.9999578893184662">
              <Unicode>t</Unicode>
            </TextEquiv>
          </Glyph>
          <Glyph id="w24338g8">
            <Coords points="694,302 698,302 698,385 694,385"/>
            <TextEquiv index="1" conf="0.9995559900999069">
              <Unicode>u</Unicode>
            </TextEquiv>
          </Glyph>
          <Glyph id="w24338g9">
            <Coords points="720,302 725,302 725,385 720,385"/>
            <TextEquiv index="1" conf="0.9978525191545486">
              <Unicode>m</Unicode>
            </TextEquiv>
          </Glyph>
          <TextEquiv index="1" conf="0.9640956239201883">
            <Unicode>conſpectum</Unicode>
          </TextEquiv>
        </Word>
        <Word id="w24339">
          <Coords points="751,302 804,302 804,385 751,385"/>
          <Glyph id="w24339g0">
            <Coords points="751,302 751,302 751,385 751,385"/>
            <TextEquiv index="1" conf="0.9766607483228047">
              <Unicode>ſ</Unicode>
            </TextEquiv>
          </Glyph>
          <Glyph id="w24339g1">
            <Coords points="756,302 760,302 760,385 756,385"/>
            <TextEquiv index="1" conf="0.9983869940042496">
              <Unicode>u</Unicode>
            </TextEquiv>
          </Glyph>
          <Glyph id="w24339g2">
            <Coords points="778,302 778,302 778,385 778,385"/>
            <TextEquiv index="1" conf="0.9529818495114644">
              <Unicode>b</Unicode>
            </TextEquiv>
          </Glyph>
          <Glyph id="w24339g3">
            <Coords points="791,302 796,302 796,385 791,385"/>
            <TextEquiv index="1" conf="0.9430316984653473">
              <Unicode>i</Unicode>
            </TextEquiv>
          </Glyph>
          <Glyph id="w24339g4">
            <Coords points="804,302 804,302 804,385 804,385"/>
            <TextEquiv index="1" conf="0.9820588678121567">
              <Unicode>.</Unicode>
            </TextEquiv>
          </Glyph>
          <TextEquiv index="1" conf="0.8605796864292028">
            <Unicode>ſubi.</Unicode>
          </TextEquiv>
        </Word>
        <TextEquiv index="1" conf="0.9592195429594805">
          <Unicode>rodi vel ſie togatus, &amp; utoris conſpectum ſubi.</Unicode>
        </TextEquiv>
      </TextLine>
      <TextLine id="r0_l009">
        <Coords points="264,347 263,336 264,335 302,334 303,335 349,334 349,335 349,341 350,341 356,341 356,340 356,334 357,334 432,332 432,333 432,334 433,334 436,334 439,331 471,330 472,331 493,331 493,337 495,339 500,339 501,338 503,338 503,337 503,331 504,331 533,330 534,329 617,327 617,328 617,329 619,330 643,330 643,333 645,335 651,335 651,334 651,327 652,327 676,326 677,325 682,325 750,323 751,324 811,323 812,324 814,324 815,323 860,322 862,324 862,325 864,327 865,327 866,325 866,324 867,323 867,321 868,320 867,319 867,318 864,316 852,316 852,315 850,313 835,314 833,316 820,316 820,315 820,302 819,301 819,299 817,297 817,296 816,296 815,296 813,294 812,294 811,295 810,295 810,296 810,305 809,306 809,307 808,307 772,308 772,307 772,306 771,306 764,306 764,302 763,301 763,300 762,299 749,299 748,298 743,299 742,300 741,300 740,301 740,302 739,303 739,307 738,308 695,309 695,308 695,301 693,300 692,300 691,299 690,299 689,300 674,300 673,302 673,310 672,310 650,311 649,310 641,310 640,311 639,311 637,313 637,314 636,315 636,321 636,322 604,323 602,321 601,321 600,320 598,320 597,321 562,322 561,321 561,314 560,314 559,314 558,313 515,314 514,313 512,313 511,314 465,315 465,314 465,307 462,305 461,305 460,306 460,315 459,316 459,323 459,324 423,325 422,324 422,308 421,308 410,308 409,307 404,307 404,315 403,316 370,317 369,318 351,318 350,319 349,319 349,320 349,326 332,327 331,328 287,329 286,328 286,320 284,319 242,319 242,314 241,313 241,312 239,311 238,312 209,312 209,313 209,318 208,318 135,320 134,321 90,322 89,321 88,321 84,317 63,317 62,318 60,318 59,320 59,322 63,322 64,323 64,327 65,328 65,348 66,348 71,348 72,349 73,349 74,349 73,348 74,347 74,342 75,341 159,339 160,338 218,337 218,344 219,345 220,345 221,346 225,346 226,345 230,345 230,344 230,342 231,342 233,342 233,341 233,337 234,337 252,336 253,335 262,335 262,336 263,347 264,347"/>
        <Word id="w24340">
          <Coords points="81,294 88,294 88,349 81,349"/>
          <Glyph id="w24340g0">
            <Coords points="81,294 88,294 88,349 81,349"/>
            <TextEquiv index="1" conf="0.7766852974891663">
              <Unicode>D</Unicode>
            </TextEquiv>
          </Glyph>
          <TextEquiv index="1" conf="0.7766852974891663">
            <Unicode>D</Unicode>
          </TextEquiv>
        </Word>
        <Word id="w24341">
          <Coords points="107,294 279,294 279,349 107,349"/>
          <Glyph id="w24341g0">
            <Coords points="107,294 119,294 119,349 107,349"/>
            <TextEquiv index="1" conf="0.9932080209255219">
              <Unicode>R</Unicode>
            </TextEquiv>
          </Glyph>
          <Glyph id="w24341g1">
            <Coords points="138,294 146,294 146,349 138,349"/>
            <TextEquiv index="1" conf="0.99443618953228">
              <Unicode>O</Unicode>
            </TextEquiv>
          </Glyph>
          <Glyph id="w24341g2">
            <Coords points="161,294 169,294 169,349 161,349"/>
            <TextEquiv index="1" conf="0.9963838309049606">
              <Unicode>D</Unicode>
            </TextEquiv>
          </Glyph>
          <Glyph id="w24341g3">
            <Coords points="188,294 188,294 188,349 188,349"/>
            <TextEquiv index="1" conf="0.9956652075052261">
              <Unicode>I</Unicode>
            </TextEquiv>
          </Glyph>
          <Glyph id="w24341g4">
            <Coords points="211,294 211,294 211,349 211,349"/>
            <TextEquiv index="1" conf="0.7855487391352654">
              <Unicode>i</Unicode>
            </TextEquiv>
          </Glyph>
          <Glyph id="w24341g5">
            <Coords points="226,294 230,294 230,349 226,349"/>
            <TextEquiv index="1" conf="0.9516769498586655">
              <Unicode>g</Unicode>
            </TextEquiv>
          </Glyph>
          <Glyph id="w24341g6">
            <Coords points="237,294 237,294 237,349 237,349"/>
            <TextEquiv index="1" conf="0.9995856285095215">
              <Unicode>i</Unicode>
            </TextEquiv>
          </Glyph>
          <Glyph id="w24341g7">
            <Coords points="249,294 249,294 249,349 249,349"/>
            <TextEquiv index="1" conf="0.9988960474729538">
              <Unicode>t</Unicode>
            </TextEquiv>
          </Glyph>
          <Glyph id="w24341g8">
            <Coords points="256,294 260,294 260,349 256,349"/>
            <TextEquiv index="1" conf="0.9998078793287277">
              <Unicode>u</Unicode>
            </TextEquiv>
          </Glyph>
          <Glyph id="w24341g9">
            <Coords points="279,294 279,294 279,349 279,349"/>
            <TextEquiv index="1" conf="0.9977423548698425">
              <Unicode>r</Unicode>
            </TextEquiv>
          </Glyph>
          <TextEquiv index="1" conf="0.7296172445025207">
            <Unicode>RODIigitur</Unicode>
          </TextEquiv>
        </Word>
        <Word id="w24342">
          <Coords points="299,294 329,294 329,349 299,349"/>
          <Glyph id="w24342g0">
            <Coords points="299,294 299,294 299,349 299,349"/>
            <TextEquiv index="1" conf="0.4872298538684845">
              <Unicode>·</Unicode>
            </TextEquiv>
          </Glyph>
          <Glyph id="w24342g1">
            <Coords points="314,294 314,294 314,349 314,349"/>
            <TextEquiv index="1" conf="0.43808579444885254">
              <Unicode>.</Unicode>
            </TextEquiv>
          </Glyph>
          <Glyph id="w24342g2">
            <Coords points="329,294 329,294 329,349 329,349"/>
            <TextEquiv index="1" conf="0.8619992733001709">
              <Unicode>·</Unicode>
            </TextEquiv>
          </Glyph>
          <TextEquiv index="1" conf="0.18399243258785924">
            <Unicode>·.·</Unicode>
          </TextEquiv>
        </Word>
        <Word id="w24343">
          <Coords points="352,294 432,294 432,349 352,349"/>
          <Glyph id="w24343g0">
            <Coords points="352,294 352,294 352,349 352,349"/>
            <TextEquiv index="1" conf="0.9673856049776077">
              <Unicode>p</Unicode>
            </TextEquiv>
          </Glyph>
          <Glyph id="w24343g1">
            <Coords points="371,294 371,294 371,349 371,349"/>
            <TextEquiv index="1" conf="0.9999876320362091">
              <Unicode>r</Unicode>
            </TextEquiv>
          </Glyph>
          <Glyph id="w24343g2">
            <Coords points="386,294 390,294 390,349 386,349"/>
            <TextEquiv index="1" conf="0.9984754025936127">
              <Unicode>o</Unicode>
            </TextEquiv>
          </Glyph>
          <Glyph id="w24343g3">
            <Coords points="406,294 409,294 409,349 406,349"/>
            <TextEquiv index="1" conf="0.9999724626541138">
              <Unicode>d</Unicode>
            </TextEquiv>
          </Glyph>
          <Glyph id="w24343g4">
            <Coords points="417,294 421,294 421,349 417,349"/>
            <TextEquiv index="1" conf="0.9995655715465546">
              <Unicode>i</Unicode>
            </TextEquiv>
          </Glyph>
          <Glyph id="w24343g5">
            <Coords points="432,294 432,294 432,349 432,349"/>
            <TextEquiv index="1" conf="0.8989874124526978">
              <Unicode>,</Unicode>
            </TextEquiv>
          </Glyph>
          <TextEquiv index="1" conf="0.8679297206911013">
            <Unicode>prodi,</Unicode>
          </TextEquiv>
        </Word>
        <Word id="w24344">
          <Coords points="459,294 577,294 577,349 459,349"/>
          <Glyph id="w24344g0">
            <Coords points="459,294 463,294 463,349 459,349"/>
            <TextEquiv index="1" conf="0.9922553598880768">
              <Unicode>i</Unicode>
            </TextEquiv>
          </Glyph>
          <Glyph id="w24344g1">
            <Coords points="470,294 474,294 474,349 470,349"/>
            <TextEquiv index="1" conf="0.9998871833086014">
              <Unicode>n</Unicode>
            </TextEquiv>
          </Glyph>
          <Glyph id="w24344g2">
            <Coords points="490,294 497,294 497,349 490,349"/>
            <TextEquiv index="1" conf="0.9997808933258057">
              <Unicode>q</Unicode>
            </TextEquiv>
          </Glyph>
          <Glyph id="w24344g3">
            <Coords points="505,294 509,294 509,349 505,349"/>
            <TextEquiv index="1" conf="0.9667008072137833">
              <Unicode>u</Unicode>
            </TextEquiv>
          </Glyph>
          <Glyph id="w24344g4">
            <Coords points="524,294 524,294 524,349 524,349"/>
            <TextEquiv index="1" conf="0.994988813996315">
              <Unicode>a</Unicode>
            </TextEquiv>
          </Glyph>
          <Glyph id="w24344g5">
            <Coords points="547,294 551,294 551,349 547,349"/>
            <TextEquiv index="1" conf="0.9995432198047638">
              <Unicode>m</Unicode>
            </TextEquiv>
          </Glyph>
          <Glyph id="w24344g6">
            <Coords points="577,294 577,294 577,349 577,349"/>
            <TextEquiv index="1" conf="0.8169554173946381">
              <Unicode>.</Unicode>
            </TextEquiv>
          </Glyph>
          <TextEquiv index="1" conf="0.7790933581214518">
            <Unicode>inquam.</Unicode>
          </TextEquiv>
        </Word>
        <Word id="w24345">
          <Coords points="597,294 616,294 616,349 597,349"/>
          <Glyph id="w24345g0">
            <Coords points="597,294 616,294 616,349 597,349"/>
            <TextEquiv index="1" conf="0.7211019396781921">
              <Unicode>.</Unicode>
            </TextEquiv>
          </Glyph>
          <TextEquiv index="1" conf="0.7211019396781921">
            <Unicode>.</Unicode>
          </TextEquiv>
        </Word>
        <Word id="w24346">
          <Coords points="642,294 692,294 692,349 642,349"/>
          <Glyph id="w24346g0">
            <Coords points="642,294 646,294 646,349 642,349"/>
            <TextEquiv index="1" conf="0.9981943219900131">
              <Unicode>q</Unicode>
            </TextEquiv>
          </Glyph>
          <Glyph id="w24346g1">
            <Coords points="654,294 658,294 658,349 654,349"/>
            <TextEquiv index="1" conf="0.9998025149106979">
              <Unicode>u</Unicode>
            </TextEquiv>
          </Glyph>
          <Glyph id="w24346g2">
            <Coords points="673,294 673,294 673,349 673,349"/>
            <TextEquiv index="1" conf="0.9997018575668335">
              <Unicode>i</Unicode>
            </TextEquiv>
          </Glyph>
          <Glyph id="w24346g3">
            <Coords points="688,294 692,294 692,349 688,349"/>
            <TextEquiv index="1" conf="0.9989619553089142">
              <Unicode>d</Unicode>
            </TextEquiv>
          </Glyph>
          <TextEquiv index="1" conf="0.9966639913605368">
            <Unicode>quid</Unicode>
          </TextEquiv>
        </Word>
        <Word id="w24347">
          <Coords points="711,294 860,294 860,349 711,349"/>
          <Glyph id="w24347g0">
            <Coords points="711,294 715,294 715,349 711,349"/>
            <TextEquiv index="1" conf="0.9988124966621399">
              <Unicode>r</Unicode>
            </TextEquiv>
          </Glyph>
          <Glyph id="w24347g1">
            <Coords points="727,294 730,294 730,349 727,349"/>
            <TextEquiv index="1" conf="0.9999923408031464">
              <Unicode>e</Unicode>
            </TextEquiv>
          </Glyph>
          <Glyph id="w24347g2">
            <Coords points="738,294 738,294 738,349 738,349"/>
            <TextEquiv index="1" conf="0.9996375292539597">
              <Unicode>ſ</Unicode>
            </TextEquiv>
          </Glyph>
          <Glyph id="w24347g3">
            <Coords points="749,294 749,294 749,349 749,349"/>
            <TextEquiv index="1" conf="0.9999770224094391">
              <Unicode>t</Unicode>
            </TextEquiv>
          </Glyph>
          <Glyph id="w24347g4">
            <Coords points="757,294 761,294 761,349 757,349"/>
            <TextEquiv index="1" conf="0.9996756017208099">
              <Unicode>i</Unicode>
            </TextEquiv>
          </Glyph>
          <Glyph id="w24347g5">
            <Coords points="769,294 769,294 769,349 769,349"/>
            <TextEquiv index="1" conf="0.9999649524688721">
              <Unicode>t</Unicode>
            </TextEquiv>
          </Glyph>
          <Glyph id="w24347g6">
            <Coords points="776,294 780,294 780,349 776,349"/>
            <TextEquiv index="1" conf="0.9994002878665924">
              <Unicode>a</Unicode>
            </TextEquiv>
          </Glyph>
          <Glyph id="w24347g7">
            <Coords points="791,294 795,294 795,349 791,349"/>
            <TextEquiv index="1" conf="0.9995127022266388">
              <Unicode>s</Unicode>
            </TextEquiv>
          </Glyph>
          <Glyph id="w24347g8">
            <Coords points="811,294 811,294 811,349 811,349"/>
            <TextEquiv index="1" conf="0.7092877775430679">
              <Unicode>?</Unicode>
            </TextEquiv>
          </Glyph>
          <Glyph id="w24347g9">
            <Coords points="833,294 860,294 860,349 833,349"/>
            <TextEquiv index="1" conf="0.7946440130472183">
              <Unicode>.</Unicode>
            </TextEquiv>
          </Glyph>
          <TextEquiv index="1" conf="0.5619270848736354">
            <Unicode>reſtitas?.</Unicode>
          </TextEquiv>
        </Word>
        <TextEquiv index="1" conf="0.9334908494231652">
          <Unicode>D RODIigitur ·.· prodi, inquam. . quid reſtitas?.</Unicode>
        </TextEquiv>
      </TextLine>
      <TextLine id="r0_l010">
        <Coords points="74,423 823,406 823,370 73,387 74,423"/>
        <Word id="w24348">
          <Coords points="112,370 193,370 193,423 112,423"/>
          <Glyph id="w24348g0">
            <Coords points="112,370 137,370 137,423 112,423"/>
            <TextEquiv index="1" conf="0.9966701418161392">
              <Unicode>M</Unicode>
            </TextEquiv>
          </Glyph>
          <Glyph id="w24348g1">
            <Coords points="158,370 158,370 158,423 158,423"/>
            <TextEquiv index="1" conf="0.9971984922885895">
              <Unicode>I</Unicode>
            </TextEquiv>
          </Glyph>
          <Glyph id="w24348g2">
            <Coords points="182,370 186,370 186,423 182,423"/>
            <TextEquiv index="1" conf="0.9991275817155838">
              <Unicode>S</Unicode>
            </TextEquiv>
          </Glyph>
          <Glyph id="w24348g3">
            <Coords points="193,370 193,370 193,423 193,423"/>
            <TextEquiv index="1" conf="0.9975895434617996">
              <Unicode>.</Unicode>
            </TextEquiv>
          </Glyph>
          <TextEquiv index="1" conf="0.9906172758396793">
            <Unicode>MIS.</Unicode>
          </TextEquiv>
        </Word>
        <Word id="w24349">
          <Coords points="224,370 273,370 273,423 224,423"/>
          <Glyph id="w24349g0">
            <Coords points="224,370 228,370 228,423 224,423"/>
            <TextEquiv index="1" conf="0.7759673073887825">
              <Unicode>v</Unicode>
            </TextEquiv>
          </Glyph>
          <Glyph id="w24349g1">
            <Coords points="238,370 242,370 242,423 238,423"/>
            <TextEquiv index="1" conf="0.971085861325264">
              <Unicode>e</Unicode>
            </TextEquiv>
          </Glyph>
          <Glyph id="w24349g2">
            <Coords points="249,370 252,370 252,423 249,423"/>
            <TextEquiv index="1" conf="0.9891758263111115">
              <Unicode>ſ</Unicode>
            </TextEquiv>
          </Glyph>
          <Glyph id="w24349g3">
            <Coords points="259,370 259,370 259,423 259,423"/>
            <TextEquiv index="1" conf="0.8918527513742447">
              <Unicode>t</Unicode>
            </TextEquiv>
          </Glyph>
          <Glyph id="w24349g4">
            <Coords points="270,370 273,370 273,423 270,423"/>
            <TextEquiv index="1" conf="0.998900294303894">
              <Unicode>e</Unicode>
            </TextEquiv>
          </Glyph>
          <TextEquiv index="1" conf="0.6640332819795229">
            <Unicode>veſte</Unicode>
          </TextEquiv>
        </Word>
        <Word id="w24350">
          <Coords points="291,370 381,370 381,423 291,423"/>
          <Glyph id="w24350g0">
            <Coords points="291,370 294,370 294,423 291,423"/>
            <TextEquiv index="1" conf="0.9999210834503174">
              <Unicode>i</Unicode>
            </TextEquiv>
          </Glyph>
          <Glyph id="w24350g1">
            <Coords points="301,370 301,370 301,423 301,423"/>
            <TextEquiv index="1" conf="0.997523233294487">
              <Unicode>n</Unicode>
            </TextEquiv>
          </Glyph>
          <Glyph id="w24350g2">
            <Coords points="325,370 325,370 325,423 325,423"/>
            <TextEquiv index="1" conf="0.9823110103607178">
              <Unicode>d</Unicode>
            </TextEquiv>
          </Glyph>
          <Glyph id="w24350g3">
            <Coords points="332,370 336,370 336,423 332,423"/>
            <TextEquiv index="1" conf="0.9993094503879547">
              <Unicode>u</Unicode>
            </TextEquiv>
          </Glyph>
          <Glyph id="w24350g4">
            <Coords points="353,370 353,370 353,423 353,423"/>
            <TextEquiv index="1" conf="0.6658542230725288">
              <Unicode>t</Unicode>
            </TextEquiv>
          </Glyph>
          <Glyph id="w24350g5">
            <Coords points="360,370 364,370 364,423 360,423"/>
            <TextEquiv index="1" conf="0.9998433291912079">
              <Unicode>u</Unicode>
            </TextEquiv>
          </Glyph>
          <Glyph id="w24350g6">
            <Coords points="378,370 381,370 381,423 378,423"/>
            <TextEquiv index="1" conf="0.9998618811368942">
              <Unicode>s</Unicode>
            </TextEquiv>
          </Glyph>
          <TextEquiv index="1" conf="0.6517617587304646">
            <Unicode>indutus</Unicode>
          </TextEquiv>
        </Word>
        <Word id="w24351">
          <Coords points="402,370 535,370 535,423 402,423"/>
          <Glyph id="w24351g0">
            <Coords points="402,370 402,370 402,423 402,423"/>
            <TextEquiv index="1" conf="0.9999708235263824">
              <Unicode>c</Unicode>
            </TextEquiv>
          </Glyph>
          <Glyph id="w24351g1">
            <Coords points="413,370 413,370 413,423 413,423"/>
            <TextEquiv index="1" conf="0.9780741631984711">
              <Unicode>u</Unicode>
            </TextEquiv>
          </Glyph>
          <Glyph id="w24351g2">
            <Coords points="430,370 430,370 430,423 430,423"/>
            <TextEquiv index="1" conf="0.9886272996664047">
              <Unicode>b</Unicode>
            </TextEquiv>
          </Glyph>
          <Glyph id="w24351g3">
            <Coords points="444,370 444,370 444,423 444,423"/>
            <TextEquiv index="1" conf="0.999936580657959">
              <Unicode>i</Unicode>
            </TextEquiv>
          </Glyph>
          <Glyph id="w24351g4">
            <Coords points="455,370 458,370 458,423 455,423"/>
            <TextEquiv index="1" conf="0.9996483027935028">
              <Unicode>c</Unicode>
            </TextEquiv>
          </Glyph>
          <Glyph id="w24351g5">
            <Coords points="465,370 469,370 469,423 465,423"/>
            <TextEquiv index="1" conf="0.9841256588697433">
              <Unicode>u</Unicode>
            </TextEquiv>
          </Glyph>
          <Glyph id="w24351g6">
            <Coords points="483,370 483,370 483,423 483,423"/>
            <TextEquiv index="1" conf="0.9998730272054672">
              <Unicode>l</Unicode>
            </TextEquiv>
          </Glyph>
          <Glyph id="w24351g7">
            <Coords points="490,370 493,370 493,423 490,423"/>
            <TextEquiv index="1" conf="0.6920641561349233">
              <Unicode>a</Unicode>
            </TextEquiv>
          </Glyph>
          <Glyph id="w24351g8">
            <Coords points="507,370 511,370 511,423 507,423"/>
            <TextEquiv index="1" conf="0.9989764094352722">
              <Unicode>r</Unicode>
            </TextEquiv>
          </Glyph>
          <Glyph id="w24351g9">
            <Coords points="521,370 525,370 525,423 521,423"/>
            <TextEquiv index="1" conf="0.9998070597648621">
              <Unicode>i</Unicode>
            </TextEquiv>
          </Glyph>
          <Glyph id="w24351g10">
            <Coords points="535,370 535,370 535,423 535,423"/>
            <TextEquiv index="1" conf="0.9936159551143646">
              <Unicode>,</Unicode>
            </TextEquiv>
          </Glyph>
          <TextEquiv index="1" conf="0.6531954584518264">
            <Unicode>cubiculari,</Unicode>
          </TextEquiv>
        </Word>
        <Word id="w24352">
          <Coords points="560,370 580,370 580,423 560,423"/>
          <Glyph id="w24352g0">
            <Coords points="560,370 563,370 563,423 560,423"/>
            <TextEquiv index="1" conf="0.6903355717658997">
              <Unicode>a</Unicode>
            </TextEquiv>
          </Glyph>
          <Glyph id="w24352g1">
            <Coords points="577,370 580,370 580,423 577,423"/>
            <TextEquiv index="1" conf="0.9971792995929718">
              <Unicode>c</Unicode>
            </TextEquiv>
          </Glyph>
          <TextEquiv index="1" conf="0.6883883419376335">
            <Unicode>ac</Unicode>
          </TextEquiv>
        </Word>
        <Word id="w24353">
          <Coords points="601,370 647,370 647,423 601,423"/>
          <Glyph id="w24353g0">
            <Coords points="601,370 601,370 601,423 601,423"/>
            <TextEquiv index="1" conf="0.9846074134111404">
              <Unicode>b</Unicode>
            </TextEquiv>
          </Glyph>
          <Glyph id="w24353g1">
            <Coords points="615,370 615,370 615,423 615,423"/>
            <TextEquiv index="1" conf="0.9906403720378876">
              <Unicode>l</Unicode>
            </TextEquiv>
          </Glyph>
          <Glyph id="w24353g2">
            <Coords points="633,370 633,370 633,423 633,423"/>
            <TextEquiv index="1" conf="0.9748301059007645">
              <Unicode>æ</Unicode>
            </TextEquiv>
          </Glyph>
          <Glyph id="w24353g3">
            <Coords points="647,370 647,370 647,423 647,423"/>
            <TextEquiv index="1" conf="0.741317907969157">
              <Unicode>s</Unicode>
            </TextEquiv>
          </Glyph>
          <TextEquiv index="1" conf="0.7048757164295271">
            <Unicode>blæs</Unicode>
          </TextEquiv>
        </Word>
        <Word id="w24354">
          <Coords points="685,370 731,370 731,423 685,423"/>
          <Glyph id="w24354g0">
            <Coords points="685,370 692,370 692,423 685,423"/>
            <TextEquiv index="1" conf="0.9938257336616516">
              <Unicode>v</Unicode>
            </TextEquiv>
          </Glyph>
          <Glyph id="w24354g1">
            <Coords points="703,370 706,370 706,423 703,423"/>
            <TextEquiv index="1" conf="0.9979506134986877">
              <Unicode>o</Unicode>
            </TextEquiv>
          </Glyph>
          <Glyph id="w24354g2">
            <Coords points="717,370 717,370 717,423 717,423"/>
            <TextEquiv index="1" conf="0.9999428689479828">
              <Unicode>c</Unicode>
            </TextEquiv>
          </Glyph>
          <Glyph id="w24354g3">
            <Coords points="731,370 731,370 731,423 731,423"/>
            <TextEquiv index="1" conf="0.9996127635240555">
              <Unicode>e</Unicode>
            </TextEquiv>
          </Glyph>
          <TextEquiv index="1" conf="0.9913483037335377">
            <Unicode>voce</Unicode>
          </TextEquiv>
        </Word>
        <Word id="w24355">
          <Coords points="752,370 794,370 794,423 752,423"/>
          <Glyph id="w24355g0">
            <Coords points="752,370 755,370 755,423 752,423"/>
            <TextEquiv index="1" conf="0.9968527555465698">
              <Unicode>v</Unicode>
            </TextEquiv>
          </Glyph>
          <Glyph id="w24355g1">
            <Coords points="766,370 769,370 769,423 766,423"/>
            <TextEquiv index="1" conf="0.9518486857414246">
              <Unicode>e</Unicode>
            </TextEquiv>
          </Glyph>
          <Glyph id="w24355g2">
            <Coords points="780,370 780,370 780,423 780,423"/>
            <TextEquiv index="1" conf="0.9994314759969711">
              <Unicode>r</Unicode>
            </TextEquiv>
          </Glyph>
          <Glyph id="w24355g3">
            <Coords points="794,370 794,370 794,423 794,423"/>
            <TextEquiv index="1" conf="0.9981140643358231">
              <Unicode>b</Unicode>
            </TextEquiv>
          </Glyph>
          <TextEquiv index="1" conf="0.9465250812222088">
            <Unicode>verb</Unicode>
          </TextEquiv>
        </Word>
        <TextEquiv index="1" conf="0.9626943493882814">
          <Unicode>MIS. veſte indutus cubiculari, ac blæs voce verb</Unicode>
        </TextEquiv>
      </TextLine>
      <TextLine id="r0_l011">
        <Coords points="377,454 550,450 550,414 377,418 377,454"/>
        <Word id="w24356">
          <Coords points="386,414 547,414 547,454 386,454"/>
          <Glyph id="w24356g0">
            <Coords points="386,414 390,414 390,454 386,454"/>
            <TextEquiv index="1" conf="0.9519268274307251">
              <Unicode>ſ</Unicode>
            </TextEquiv>
          </Glyph>
          <Glyph id="w24356g1">
            <Coords points="397,414 401,414 401,454 397,454"/>
            <TextEquiv index="1" conf="0.9976288229227066">
              <Unicode>u</Unicode>
            </TextEquiv>
          </Glyph>
          <Glyph id="w24356g2">
            <Coords points="412,414 415,414 415,454 412,454"/>
            <TextEquiv index="1" conf="0.847248986363411">
              <Unicode>p</Unicode>
            </TextEquiv>
          </Glyph>
          <Glyph id="w24356g3">
            <Coords points="426,414 430,414 430,454 426,454"/>
            <TextEquiv index="1" conf="0.876203179359436">
              <Unicode>p</Unicode>
            </TextEquiv>
          </Glyph>
          <Glyph id="w24356g4">
            <Coords points="444,414 444,414 444,454 444,454"/>
            <TextEquiv index="1" conf="0.765513613820076">
              <Unicode>l</Unicode>
            </TextEquiv>
          </Glyph>
          <Glyph id="w24356g5">
            <Coords points="452,414 455,414 455,454 452,454"/>
            <TextEquiv index="1" conf="0.9289667755365372">
              <Unicode>a</Unicode>
            </TextEquiv>
          </Glyph>
          <Glyph id="w24356g6">
            <Coords points="470,414 470,414 470,454 470,454"/>
            <TextEquiv index="1" conf="0.9981042593717575">
              <Unicode>n</Unicode>
            </TextEquiv>
          </Glyph>
          <Glyph id="w24356g7">
            <Coords points="488,414 488,414 488,454 488,454"/>
            <TextEquiv index="1" conf="0.9976858794689178">
              <Unicode>t</Unicode>
            </TextEquiv>
          </Glyph>
          <Glyph id="w24356g8">
            <Coords points="495,414 499,414 499,454 495,454"/>
            <TextEquiv index="1" conf="0.9730076193809509">
              <Unicode>a</Unicode>
            </TextEquiv>
          </Glyph>
          <Glyph id="w24356g9">
            <Coords points="514,414 514,414 514,454 514,454"/>
            <TextEquiv index="1" conf="0.7247950583696365">
              <Unicode>u</Unicode>
            </TextEquiv>
          </Glyph>
          <Glyph id="w24356g10">
            <Coords points="528,414 532,414 532,454 528,454"/>
            <TextEquiv index="1" conf="0.9983780533075333">
              <Unicode>s</Unicode>
            </TextEquiv>
          </Glyph>
          <Glyph id="w24356g11">
            <Coords points="543,414 547,414 547,454 543,454"/>
            <TextEquiv index="1" conf="0.9676209986209869">
              <Unicode>.</Unicode>
            </TextEquiv>
          </Glyph>
          <TextEquiv index="1" conf="0.34012851804011396">
            <Unicode>ſupplantaus.</Unicode>
          </TextEquiv>
        </Word>
        <TextEquiv index="1" conf="0.9189233394960562">
          <Unicode>ſupplantaus.</Unicode>
        </TextEquiv>
      </TextLine>
      <TextLine id="r0_l012">
        <Coords points="71,502 72,502 71,463 71,462 76,466 77,466 82,471 83,490 83,491 103,491 104,492 105,492 112,498 198,496 199,496 199,489 199,488 250,487 251,486 799,474 801,472 801,471 802,470 873,469 874,467 874,466 873,465 873,455 872,454 872,453 870,452 859,452 858,451 828,452 828,451 828,450 827,450 684,453 684,452 684,442 683,442 682,442 681,441 680,441 680,446 679,447 649,448 648,449 113,460 113,454 112,453 98,454 97,455 91,455 90,456 84,456 83,457 77,457 76,458 70,458 70,459 71,499 70,499 68,499 66,502 71,502"/>
        <Word id="w24357">
          <Coords points="114,441 172,441 172,502 114,502"/>
          <Glyph id="w24357g0">
            <Coords points="114,441 118,441 118,502 114,502"/>
            <TextEquiv index="1" conf="0.9908711463212967">
              <Unicode>Q</Unicode>
            </TextEquiv>
          </Glyph>
          <Glyph id="w24357g1">
            <Coords points="130,441 130,441 130,502 130,502"/>
            <TextEquiv index="1" conf="0.9831527918577194">
              <Unicode>u</Unicode>
            </TextEquiv>
          </Glyph>
          <Glyph id="w24357g2">
            <Coords points="149,441 149,441 149,502 149,502"/>
            <TextEquiv index="1" conf="0.9048983007669449">
              <Unicode>ò</Unicode>
            </TextEquiv>
          </Glyph>
          <Glyph id="w24357g3">
            <Coords points="168,441 172,441 172,502 168,502"/>
            <TextEquiv index="1" conf="0.9999730587005615">
              <Unicode>d</Unicode>
            </TextEquiv>
          </Glyph>
          <TextEquiv index="1" conf="0.8815080264187855">
            <Unicode>Quòd</Unicode>
          </TextEquiv>
        </Word>
        <Word id="w24358">
          <Coords points="195,441 248,441 248,502 195,502"/>
          <Glyph id="w24358g0">
            <Coords points="195,441 195,441 195,502 195,502"/>
            <TextEquiv index="1" conf="0.9996581226587296">
              <Unicode>t</Unicode>
            </TextEquiv>
          </Glyph>
          <Glyph id="w24358g1">
            <Coords points="202,441 206,441 206,502 202,502"/>
            <TextEquiv index="1" conf="0.9994271099567413">
              <Unicode>i</Unicode>
            </TextEquiv>
          </Glyph>
          <Glyph id="w24358g2">
            <Coords points="214,441 214,441 214,502 214,502"/>
            <TextEquiv index="1" conf="0.9998126924037933">
              <Unicode>b</Unicode>
            </TextEquiv>
          </Glyph>
          <Glyph id="w24358g3">
            <Coords points="229,441 233,441 233,502 229,502"/>
            <TextEquiv index="1" conf="0.9990770220756531">
              <Unicode>i</Unicode>
            </TextEquiv>
          </Glyph>
          <Glyph id="w24358g4">
            <Coords points="248,441 248,441 248,502 248,502"/>
            <TextEquiv index="1" conf="0.998524934053421">
              <Unicode>,</Unicode>
            </TextEquiv>
          </Glyph>
          <TextEquiv index="1" conf="0.9965042502097159">
            <Unicode>tibi,</Unicode>
          </TextEquiv>
        </Word>
        <Word id="w24359">
          <Coords points="290,441 424,441 424,502 290,502"/>
          <Glyph id="w24359g0">
            <Coords points="290,441 294,441 294,502 290,502"/>
            <TextEquiv index="1" conf="0.999807596206665">
              <Unicode>T</Unicode>
            </TextEquiv>
          </Glyph>
          <Glyph id="w24359g1">
            <Coords points="302,441 302,441 302,502 302,502"/>
            <TextEquiv index="1" conf="0.997138500213623">
              <Unicode>i</Unicode>
            </TextEquiv>
          </Glyph>
          <Glyph id="w24359g2">
            <Coords points="321,441 325,441 325,502 321,502"/>
            <TextEquiv index="1" conf="0.9961503744125366">
              <Unicode>m</Unicode>
            </TextEquiv>
          </Glyph>
          <Glyph id="w24359g3">
            <Coords points="336,441 340,441 340,502 336,502"/>
            <TextEquiv index="1" conf="0.9997157752513885">
              <Unicode>a</Unicode>
            </TextEquiv>
          </Glyph>
          <Glyph id="w24359g4">
            <Coords points="355,441 355,441 355,502 355,502"/>
            <TextEquiv index="1" conf="0.999935120344162">
              <Unicode>n</Unicode>
            </TextEquiv>
          </Glyph>
          <Glyph id="w24359g5">
            <Coords points="378,441 382,441 382,502 378,502"/>
            <TextEquiv index="1" conf="0.9989035278558731">
              <Unicode>d</Unicode>
            </TextEquiv>
          </Glyph>
          <Glyph id="w24359g6">
            <Coords points="393,441 393,441 393,502 393,502"/>
            <TextEquiv index="1" conf="0.9999422430992126">
              <Unicode>e</Unicode>
            </TextEquiv>
          </Glyph>
          <Glyph id="w24359g7">
            <Coords points="405,441 409,441 409,502 405,502"/>
            <TextEquiv index="1" conf="0.9937404692173004">
              <Unicode>r</Unicode>
            </TextEquiv>
          </Glyph>
          <Glyph id="w24359g8">
            <Coords points="424,441 424,441 424,502 424,502"/>
            <TextEquiv index="1" conf="0.9684697389602661">
              <Unicode>,</Unicode>
            </TextEquiv>
          </Glyph>
          <TextEquiv index="1" conf="0.9543390204278311">
            <Unicode>Timander,</Unicode>
          </TextEquiv>
        </Word>
        <Word id="w24360">
          <Coords points="451,441 516,441 516,502 451,502"/>
          <Glyph id="w24360g0">
            <Coords points="451,441 455,441 455,502 451,502"/>
            <TextEquiv index="1" conf="0.9637528657913208">
              <Unicode>a</Unicode>
            </TextEquiv>
          </Glyph>
          <Glyph id="w24360g1">
            <Coords points="470,441 474,441 474,502 470,502"/>
            <TextEquiv index="1" conf="0.9999636709690094">
              <Unicode>d</Unicode>
            </TextEquiv>
          </Glyph>
          <Glyph id="w24360g2">
            <Coords points="485,441 485,441 485,502 485,502"/>
            <TextEquiv index="1" conf="0.994644433259964">
              <Unicode>ſ</Unicode>
            </TextEquiv>
          </Glyph>
          <Glyph id="w24360g3">
            <Coords points="493,441 497,441 497,502 493,502"/>
            <TextEquiv index="1" conf="0.997852236032486">
              <Unicode>i</Unicode>
            </TextEquiv>
          </Glyph>
          <Glyph id="w24360g4">
            <Coords points="512,441 516,441 516,502 512,502"/>
            <TextEquiv index="1" conf="0.9999650120735168">
              <Unicode>m</Unicode>
            </TextEquiv>
          </Glyph>
          <TextEquiv index="1" conf="0.9564643791012277">
            <Unicode>adſim</Unicode>
          </TextEquiv>
        </Word>
        <Word id="w24361">
          <Coords points="542,441 577,441 577,502 542,502"/>
          <Glyph id="w24361g0">
            <Coords points="542,441 542,441 542,502 542,502"/>
            <TextEquiv index="1" conf="0.9982952922582626">
              <Unicode>t</Unicode>
            </TextEquiv>
          </Glyph>
          <Glyph id="w24361g1">
            <Coords points="550,441 554,441 554,502 550,502"/>
            <TextEquiv index="1" conf="0.9983340799808502">
              <Unicode>a</Unicode>
            </TextEquiv>
          </Glyph>
          <Glyph id="w24361g2">
            <Coords points="573,441 577,441 577,502 573,502"/>
            <TextEquiv index="1" conf="0.9998294860124588">
              <Unicode>m</Unicode>
            </TextEquiv>
          </Glyph>
          <TextEquiv index="1" conf="0.9964622724132616">
            <Unicode>tam</Unicode>
          </TextEquiv>
        </Word>
        <Word id="w24362">
          <Coords points="615,441 661,441 661,502 615,502"/>
          <Glyph id="w24362g0">
            <Coords points="615,441 619,441 619,502 615,502"/>
            <TextEquiv index="1" conf="0.9998985379934311">
              <Unicode>m</Unicode>
            </TextEquiv>
          </Glyph>
          <Glyph id="w24362g1">
            <Coords points="630,441 634,441 634,502 630,502"/>
            <TextEquiv index="1" conf="0.9985254257917404">
              <Unicode>a</Unicode>
            </TextEquiv>
          </Glyph>
          <Glyph id="w24362g2">
            <Coords points="649,441 649,441 649,502 649,502"/>
            <TextEquiv index="1" conf="0.9995535612106323">
              <Unicode>l</Unicode>
            </TextEquiv>
          </Glyph>
          <Glyph id="w24362g3">
            <Coords points="661,441 661,441 661,502 661,502"/>
            <TextEquiv index="1" conf="0.9997785240411758">
              <Unicode>è</Unicode>
            </TextEquiv>
          </Glyph>
          <TextEquiv index="1" conf="0.9977573499277828">
            <Unicode>malè</Unicode>
          </TextEquiv>
        </Word>
        <Word id="w24363">
          <Coords points="691,441 798,441 798,502 691,502"/>
          <Glyph id="w24363g0">
            <Coords points="691,441 695,441 695,502 691,502"/>
            <TextEquiv index="1" conf="0.9998040050268173">
              <Unicode>o</Unicode>
            </TextEquiv>
          </Glyph>
          <Glyph id="w24363g1">
            <Coords points="707,441 707,441 707,502 707,502"/>
            <TextEquiv index="1" conf="0.9993471652269363">
              <Unicode>r</Unicode>
            </TextEquiv>
          </Glyph>
          <Glyph id="w24363g2">
            <Coords points="718,441 718,441 718,502 718,502"/>
            <TextEquiv index="1" conf="0.9997036010026932">
              <Unicode>n</Unicode>
            </TextEquiv>
          </Glyph>
          <Glyph id="w24363g3">
            <Coords points="734,441 737,441 737,502 734,502"/>
            <TextEquiv index="1" conf="0.9998065680265427">
              <Unicode>a</Unicode>
            </TextEquiv>
          </Glyph>
          <Glyph id="w24363g4">
            <Coords points="749,441 753,441 753,502 749,502"/>
            <TextEquiv index="1" conf="0.9998488575220108">
              <Unicode>t</Unicode>
            </TextEquiv>
          </Glyph>
          <Glyph id="w24363g5">
            <Coords points="760,441 764,441 764,502 760,502"/>
            <TextEquiv index="1" conf="0.9998839795589447">
              <Unicode>u</Unicode>
            </TextEquiv>
          </Glyph>
          <Glyph id="w24363g6">
            <Coords points="783,441 783,441 783,502 783,502"/>
            <TextEquiv index="1" conf="0.9999443292617798">
              <Unicode>s</Unicode>
            </TextEquiv>
          </Glyph>
          <Glyph id="w24363g7">
            <Coords points="795,441 798,441 798,502 795,502"/>
            <TextEquiv index="1" conf="0.9938880652189255">
              <Unicode>,</Unicode>
            </TextEquiv>
          </Glyph>
          <TextEquiv index="1" conf="0.9922377845712097">
            <Unicode>ornatus,</Unicode>
          </TextEquiv>
        </Word>
        <Word id="w24364">
          <Coords points="825,441 860,441 860,502 825,502"/>
          <Glyph id="w24364g0">
            <Coords points="825,441 825,441 825,502 825,502"/>
            <TextEquiv index="1" conf="0.9998905658721924">
              <Unicode>t</Unicode>
            </TextEquiv>
          </Glyph>
          <Glyph id="w24364g1">
            <Coords points="833,441 837,441 837,502 833,502"/>
            <TextEquiv index="1" conf="0.9990517199039459">
              <Unicode>a</Unicode>
            </TextEquiv>
          </Glyph>
          <Glyph id="w24364g2">
            <Coords points="856,441 860,441 860,502 856,502"/>
            <TextEquiv index="1" conf="0.9999496638774872">
              <Unicode>m</Unicode>
            </TextEquiv>
          </Glyph>
          <TextEquiv index="1" conf="0.9988921066638399">
            <Unicode>tam</Unicode>
          </TextEquiv>
        </Word>
        <TextEquiv index="1" conf="0.994777763572832">
          <Unicode>Quòd tibi, Timander, adſim tam malè ornatus, tam</Unicode>
        </TextEquiv>
      </TextLine>
      <TextLine id="r0_l013">
        <Coords points="16,537 17,537 17,535 17,534 157,531 158,531 157,526 158,525 253,523 254,522 339,520 339,519 340,518 594,513 594,520 595,521 599,521 600,520 603,520 604,519 824,514 825,513 826,513 826,512 826,506 827,506 875,505 875,504 874,503 874,489 873,489 872,489 871,488 870,488 870,487 870,480 868,479 861,479 860,480 758,482 757,483 702,484 701,485 442,491 441,490 397,491 396,492 17,500 17,496 16,495 13,496 14,537 16,537"/>
        <Word id="w24365">
          <Coords points="65,479 253,479 253,537 65,537"/>
          <Glyph id="w24365g0">
            <Coords points="65,479 69,479 69,537 65,537"/>
            <TextEquiv index="1" conf="0.9937781244516373">
              <Unicode>i</Unicode>
            </TextEquiv>
          </Glyph>
          <Glyph id="w24365g1">
            <Coords points="77,479 81,479 81,537 77,537"/>
            <TextEquiv index="1" conf="0.9990990608930588">
              <Unicode>n</Unicode>
            </TextEquiv>
          </Glyph>
          <Glyph id="w24365g2">
            <Coords points="100,479 100,479 100,537 100,537"/>
            <TextEquiv index="1" conf="0.9547054767608643">
              <Unicode>e</Unicode>
            </TextEquiv>
          </Glyph>
          <Glyph id="w24365g3">
            <Coords points="111,479 119,479 119,537 111,537"/>
            <TextEquiv index="1" conf="0.9998583644628525">
              <Unicode>o</Unicode>
            </TextEquiv>
          </Glyph>
          <Glyph id="w24365g4">
            <Coords points="134,479 138,479 138,537 134,537"/>
            <TextEquiv index="1" conf="0.9996411800384521">
              <Unicode>m</Unicode>
            </TextEquiv>
          </Glyph>
          <Glyph id="w24365g5">
            <Coords points="154,479 157,479 157,537 154,537"/>
            <TextEquiv index="1" conf="0.99978007376194">
              <Unicode>p</Unicode>
            </TextEquiv>
          </Glyph>
          <Glyph id="w24365g6">
            <Coords points="173,479 180,479 180,537 173,537"/>
            <TextEquiv index="1" conf="0.9999305754899979">
              <Unicode>o</Unicode>
            </TextEquiv>
          </Glyph>
          <Glyph id="w24365g7">
            <Coords points="188,479 188,479 188,537 188,537"/>
            <TextEquiv index="1" conf="0.987400159239769">
              <Unicode>ſ</Unicode>
            </TextEquiv>
          </Glyph>
          <Glyph id="w24365g8">
            <Coords points="196,479 200,479 200,537 196,537"/>
            <TextEquiv index="1" conf="0.9997031092643738">
              <Unicode>i</Unicode>
            </TextEquiv>
          </Glyph>
          <Glyph id="w24365g9">
            <Coords points="207,479 207,479 207,537 207,537"/>
            <TextEquiv index="1" conf="0.9999357312917709">
              <Unicode>t</Unicode>
            </TextEquiv>
          </Glyph>
          <Glyph id="w24365g10">
            <Coords points="215,479 219,479 219,537 215,537"/>
            <TextEquiv index="1" conf="0.9999463558197021">
              <Unicode>u</Unicode>
            </TextEquiv>
          </Glyph>
          <Glyph id="w24365g11">
            <Coords points="234,479 238,479 238,537 234,537"/>
            <TextEquiv index="1" conf="0.9989335685968399">
              <Unicode>s</Unicode>
            </TextEquiv>
          </Glyph>
          <Glyph id="w24365g12">
            <Coords points="249,479 253,479 253,537 249,537"/>
            <TextEquiv index="1" conf="0.9655060917139053">
              <Unicode>,</Unicode>
            </TextEquiv>
          </Glyph>
          <TextEquiv index="1" conf="0.9016313339067955">
            <Unicode>ineompoſitus,</Unicode>
          </TextEquiv>
        </Word>
        <Word id="w24366">
          <Coords points="284,479 364,479 364,537 284,537"/>
          <Glyph id="w24366g0">
            <Coords points="284,479 288,479 288,537 284,537"/>
            <TextEquiv index="1" conf="0.996455192565918">
              <Unicode>v</Unicode>
            </TextEquiv>
          </Glyph>
          <Glyph id="w24366g1">
            <Coords points="299,479 303,479 303,537 299,537"/>
            <TextEquiv index="1" conf="0.9967622756958008">
              <Unicode>e</Unicode>
            </TextEquiv>
          </Glyph>
          <Glyph id="w24366g2">
            <Coords points="311,479 314,479 314,537 311,537"/>
            <TextEquiv index="1" conf="0.9996805340051651">
              <Unicode>n</Unicode>
            </TextEquiv>
          </Glyph>
          <Glyph id="w24366g3">
            <Coords points="330,479 330,479 330,537 330,537"/>
            <TextEquiv index="1" conf="0.9995382279157639">
              <Unicode>i</Unicode>
            </TextEquiv>
          </Glyph>
          <Glyph id="w24366g4">
            <Coords points="337,479 341,479 341,537 337,537"/>
            <TextEquiv index="1" conf="0.9992670863866806">
              <Unicode>a</Unicode>
            </TextEquiv>
          </Glyph>
          <Glyph id="w24366g5">
            <Coords points="360,479 364,479 364,537 360,537"/>
            <TextEquiv index="1" conf="0.9997353553771973">
              <Unicode>m</Unicode>
            </TextEquiv>
          </Glyph>
          <TextEquiv index="1" conf="0.9914633063096151">
            <Unicode>veniam</Unicode>
          </TextEquiv>
        </Word>
        <Word id="w24367">
          <Coords points="395,479 460,479 460,537 395,537"/>
          <Glyph id="w24367g0">
            <Coords points="395,479 399,479 399,537 395,537"/>
            <TextEquiv index="1" conf="0.9989195168018341">
              <Unicode>d</Unicode>
            </TextEquiv>
          </Glyph>
          <Glyph id="w24367g1">
            <Coords points="406,479 410,479 410,537 406,537"/>
            <TextEquiv index="1" conf="0.99806809425354">
              <Unicode>a</Unicode>
            </TextEquiv>
          </Glyph>
          <Glyph id="w24367g2">
            <Coords points="422,479 422,479 422,537 422,537"/>
            <TextEquiv index="1" conf="0.9999877214431763">
              <Unicode>b</Unicode>
            </TextEquiv>
          </Glyph>
          <Glyph id="w24367g3">
            <Coords points="437,479 441,479 441,537 437,537"/>
            <TextEquiv index="1" conf="0.9997895210981369">
              <Unicode>i</Unicode>
            </TextEquiv>
          </Glyph>
          <Glyph id="w24367g4">
            <Coords points="452,479 452,479 452,537 452,537"/>
            <TextEquiv index="1" conf="0.9998957961797714">
              <Unicode>s</Unicode>
            </TextEquiv>
          </Glyph>
          <Glyph id="w24367g5">
            <Coords points="460,479 460,479 460,537 460,537"/>
            <TextEquiv index="1" conf="0.9996840506792068">
              <Unicode>.</Unicode>
            </TextEquiv>
          </Glyph>
          <TextEquiv index="1" conf="0.9963488519048677">
            <Unicode>dabis.</Unicode>
          </TextEquiv>
        </Word>
        <Word id="w24368">
          <Coords points="510,479 556,479 556,537 510,537"/>
          <Glyph id="w24368g0">
            <Coords points="510,479 521,479 521,537 510,537"/>
            <TextEquiv index="1" conf="0.999846801161766">
              <Unicode>N</Unicode>
            </TextEquiv>
          </Glyph>
          <Glyph id="w24368g1">
            <Coords points="529,479 533,479 533,537 529,537"/>
            <TextEquiv index="1" conf="0.9540325999259949">
              <Unicode>a</Unicode>
            </TextEquiv>
          </Glyph>
          <Glyph id="w24368g2">
            <Coords points="552,479 556,479 556,537 552,537"/>
            <TextEquiv index="1" conf="0.9999822378158569">
              <Unicode>m</Unicode>
            </TextEquiv>
          </Glyph>
          <TextEquiv index="1" conf="0.9538695001333924">
            <Unicode>Nam</Unicode>
          </TextEquiv>
        </Word>
        <Word id="w24369">
          <Coords points="594,479 636,479 636,537 594,537"/>
          <Glyph id="w24369g0">
            <Coords points="594,479 598,479 598,537 594,537"/>
            <TextEquiv index="1" conf="0.9979017227888107">
              <Unicode>q</Unicode>
            </TextEquiv>
          </Glyph>
          <Glyph id="w24369g1">
            <Coords points="606,479 610,479 610,537 606,537"/>
            <TextEquiv index="1" conf="0.9817987233400345">
              <Unicode>u</Unicode>
            </TextEquiv>
          </Glyph>
          <Glyph id="w24369g2">
            <Coords points="625,479 625,479 625,537 625,537"/>
            <TextEquiv index="1" conf="0.9996375888586044">
              <Unicode>i</Unicode>
            </TextEquiv>
          </Glyph>
          <Glyph id="w24369g3">
            <Coords points="636,479 636,479 636,537 636,537"/>
            <TextEquiv index="1" conf="0.9997647404670715">
              <Unicode>s</Unicode>
            </TextEquiv>
          </Glyph>
          <TextEquiv index="1" conf="0.9791531599339459">
            <Unicode>quis</Unicode>
          </TextEquiv>
        </Word>
        <Word id="w24370">
          <Coords points="663,479 678,479 678,537 663,537"/>
          <Glyph id="w24370g0">
            <Coords points="663,479 663,479 663,537 663,537"/>
            <TextEquiv index="1" conf="0.9999620318412781">
              <Unicode>t</Unicode>
            </TextEquiv>
          </Glyph>
          <Glyph id="w24370g1">
            <Coords points="675,479 678,479 678,537 675,537"/>
            <TextEquiv index="1" conf="0.9999016672372818">
              <Unicode>e</Unicode>
            </TextEquiv>
          </Glyph>
          <TextEquiv index="1" conf="0.9998637028120738">
            <Unicode>te</Unicode>
          </TextEquiv>
        </Word>
        <Word id="w24371">
          <Coords points="705,479 740,479 740,537 705,537"/>
          <Glyph id="w24371g0">
            <Coords points="705,479 705,479 705,537 705,537"/>
            <TextEquiv index="1" conf="0.9996913373470306">
              <Unicode>h</Unicode>
            </TextEquiv>
          </Glyph>
          <Glyph id="w24371g1">
            <Coords points="721,479 724,479 724,537 721,537"/>
            <TextEquiv index="1" conf="0.9970437735319138">
              <Unicode>i</Unicode>
            </TextEquiv>
          </Glyph>
          <Glyph id="w24371g2">
            <Coords points="736,479 740,479 740,537 736,537"/>
            <TextEquiv index="1" conf="0.48815595731139183">
              <Unicode>c</Unicode>
            </TextEquiv>
          </Glyph>
          <TextEquiv index="1" conf="0.4865626276679266">
            <Unicode>hic</Unicode>
          </TextEquiv>
        </Word>
        <Word id="w24372">
          <Coords points="759,479 801,479 801,537 759,537"/>
          <Glyph id="w24372g0">
            <Coords points="759,479 759,479 759,537 759,537"/>
            <TextEquiv index="1" conf="0.9968473166227341">
              <Unicode>l</Unicode>
            </TextEquiv>
          </Glyph>
          <Glyph id="w24372g1">
            <Coords points="770,479 774,479 774,537 770,537"/>
            <TextEquiv index="1" conf="0.9998994171619415">
              <Unicode>o</Unicode>
            </TextEquiv>
          </Glyph>
          <Glyph id="w24372g2">
            <Coords points="790,479 790,479 790,537 790,537"/>
            <TextEquiv index="1" conf="0.9834266602993011">
              <Unicode>c</Unicode>
            </TextEquiv>
          </Glyph>
          <Glyph id="w24372g3">
            <Coords points="797,479 801,479 801,537 797,537"/>
            <TextEquiv index="1" conf="0.9989623576402664">
              <Unicode>i</Unicode>
            </TextEquiv>
          </Glyph>
          <TextEquiv index="1" conf="0.9792104977161968">
            <Unicode>loci</Unicode>
          </TextEquiv>
        </Word>
        <Word id="w24373">
          <Coords points="820,479 870,479 870,537 820,537"/>
          <Glyph id="w24373g0">
            <Coords points="820,479 824,479 824,537 820,537"/>
            <TextEquiv index="1" conf="0.9946996718645096">
              <Unicode>p</Unicode>
            </TextEquiv>
          </Glyph>
          <Glyph id="w24373g1">
            <Coords points="843,479 847,479 847,537 843,537"/>
            <TextEquiv index="1" conf="0.9999207705259323">
              <Unicode>o</Unicode>
            </TextEquiv>
          </Glyph>
          <Glyph id="w24373g2">
            <Coords points="855,479 859,479 859,537 855,537"/>
            <TextEquiv index="1" conf="0.9992836266756058">
              <Unicode>ſ</Unicode>
            </TextEquiv>
          </Glyph>
          <Glyph id="w24373g3">
            <Coords points="866,479 870,479 870,537 866,537"/>
            <TextEquiv index="1" conf="0.9993116557598114">
              <Unicode>t</Unicode>
            </TextEquiv>
          </Glyph>
          <TextEquiv index="1" conf="0.9932241913961706">
            <Unicode>poſt</Unicode>
          </TextEquiv>
        </Word>
        <TextEquiv index="1" conf="0.9860290870211035">
          <Unicode>ineompoſitus, veniam dabis. Nam quis te hic loci poſt</Unicode>
        </TextEquiv>
      </TextLine>
      <TextLine id="r0_l014">
        <Coords points="17,574 17,573 18,572 313,566 314,565 316,565 317,564 318,564 321,561 485,557 486,556 487,556 488,555 488,554 489,553 754,547 754,548 754,551 755,551 755,546 755,545 811,544 812,543 861,542 864,539 875,539 876,538 876,533 875,532 875,531 874,531 865,531 865,530 865,528 862,526 861,526 860,525 711,528 710,523 709,521 692,522 691,521 689,521 688,522 686,522 685,522 686,528 685,529 393,535 393,530 392,529 14,537 14,538 14,574 15,574 17,574"/>
        <Word id="w24374">
          <Coords points="71,521 104,521 104,574 71,574"/>
          <Glyph id="w24374g0">
            <Coords points="71,521 71,521 71,574 71,574"/>
            <TextEquiv index="1" conf="0.9978879541158676">
              <Unicode>t</Unicode>
            </TextEquiv>
          </Glyph>
          <Glyph id="w24374g1">
            <Coords points="78,521 82,521 82,574 78,574"/>
            <TextEquiv index="1" conf="0.999818429350853">
              <Unicode>a</Unicode>
            </TextEquiv>
          </Glyph>
          <Glyph id="w24374g2">
            <Coords points="104,521 104,521 104,574 104,574"/>
            <TextEquiv index="1" conf="0.9993640929460526">
              <Unicode>m</Unicode>
            </TextEquiv>
          </Glyph>
          <TextEquiv index="1" conf="0.9970723181813868">
            <Unicode>tam</Unicode>
          </TextEquiv>
        </Word>
        <Word id="w24375">
          <Coords points="133,521 221,521 221,574 133,574"/>
          <Glyph id="w24375g0">
            <Coords points="133,521 133,521 133,574 133,574"/>
            <TextEquiv index="1" conf="0.9919148087501526">
              <Unicode>l</Unicode>
            </TextEquiv>
          </Glyph>
          <Glyph id="w24375g1">
            <Coords points="144,521 147,521 147,574 144,574"/>
            <TextEquiv index="1" conf="0.9989002794027328">
              <Unicode>o</Unicode>
            </TextEquiv>
          </Glyph>
          <Glyph id="w24375g2">
            <Coords points="158,521 162,521 162,574 158,574"/>
            <TextEquiv index="1" conf="0.9998847842216492">
              <Unicode>n</Unicode>
            </TextEquiv>
          </Glyph>
          <Glyph id="w24375g3">
            <Coords points="184,521 184,521 184,574 184,574"/>
            <TextEquiv index="1" conf="0.9930717945098877">
              <Unicode>g</Unicode>
            </TextEquiv>
          </Glyph>
          <Glyph id="w24375g4">
            <Coords points="195,521 195,521 195,574 195,574"/>
            <TextEquiv index="1" conf="0.9631024152040482">
              <Unicode>a</Unicode>
            </TextEquiv>
          </Glyph>
          <Glyph id="w24375g5">
            <Coords points="217,521 221,521 221,574 217,574"/>
            <TextEquiv index="1" conf="0.96683768928051">
              <Unicode>m</Unicode>
            </TextEquiv>
          </Glyph>
          <TextEquiv index="1" conf="0.9161216762415175">
            <Unicode>longam</Unicode>
          </TextEquiv>
        </Word>
        <Word id="w24376">
          <Coords points="250,521 484,521 484,574 250,574"/>
          <Glyph id="w24376g0">
            <Coords points="250,521 250,521 250,574 250,574"/>
            <TextEquiv index="1" conf="0.985571026802063">
              <Unicode>p</Unicode>
            </TextEquiv>
          </Glyph>
          <Glyph id="w24376g1">
            <Coords points="268,521 272,521 272,574 268,574"/>
            <TextEquiv index="1" conf="0.9966918528079987">
              <Unicode>e</Unicode>
            </TextEquiv>
          </Glyph>
          <Glyph id="w24376g2">
            <Coords points="279,521 283,521 283,574 279,574"/>
            <TextEquiv index="1" conf="0.9994065761566162">
              <Unicode>r</Unicode>
            </TextEquiv>
          </Glyph>
          <Glyph id="w24376g3">
            <Coords points="294,521 297,521 297,574 294,574"/>
            <TextEquiv index="1" conf="0.9968869686126709">
              <Unicode>e</Unicode>
            </TextEquiv>
          </Glyph>
          <Glyph id="w24376g4">
            <Coords points="312,521 316,521 316,574 312,574"/>
            <TextEquiv index="1" conf="0.9963972121477127">
              <Unicode>g</Unicode>
            </TextEquiv>
          </Glyph>
          <Glyph id="w24376g5">
            <Coords points="327,521 327,521 327,574 327,574"/>
            <TextEquiv index="1" conf="0.9998801499605179">
              <Unicode>r</Unicode>
            </TextEquiv>
          </Glyph>
          <Glyph id="w24376g6">
            <Coords points="338,521 338,521 338,574 338,574"/>
            <TextEquiv index="1" conf="0.9990140497684479">
              <Unicode>i</Unicode>
            </TextEquiv>
          </Glyph>
          <Glyph id="w24376g7">
            <Coords points="345,521 349,521 349,574 345,574"/>
            <TextEquiv index="1" conf="0.9935574233531952">
              <Unicode>n</Unicode>
            </TextEquiv>
          </Glyph>
          <Glyph id="w24376g8">
            <Coords points="363,521 367,521 367,574 363,574"/>
            <TextEquiv index="1" conf="0.9831237941980362">
              <Unicode>a</Unicode>
            </TextEquiv>
          </Glyph>
          <Glyph id="w24376g9">
            <Coords points="378,521 382,521 382,574 378,574"/>
            <TextEquiv index="1" conf="0.9998053312301636">
              <Unicode>t</Unicode>
            </TextEquiv>
          </Glyph>
          <Glyph id="w24376g10">
            <Coords points="389,521 389,521 389,574 389,574"/>
            <TextEquiv index="1" conf="0.99981789290905">
              <Unicode>i</Unicode>
            </TextEquiv>
          </Glyph>
          <Glyph id="w24376g11">
            <Coords points="403,521 407,521 407,574 403,574"/>
            <TextEquiv index="1" conf="0.9999457895755768">
              <Unicode>o</Unicode>
            </TextEquiv>
          </Glyph>
          <Glyph id="w24376g12">
            <Coords points="418,521 418,521 418,574 418,574"/>
            <TextEquiv index="1" conf="0.9995556175708771">
              <Unicode>n</Unicode>
            </TextEquiv>
          </Glyph>
          <Glyph id="w24376g13">
            <Coords points="436,521 440,521 440,574 436,574"/>
            <TextEquiv index="1" conf="0.9996889680624008">
              <Unicode>e</Unicode>
            </TextEquiv>
          </Glyph>
          <Glyph id="w24376g14">
            <Coords points="458,521 458,521 458,574 458,574"/>
            <TextEquiv index="1" conf="0.9998976290225983">
              <Unicode>m</Unicode>
            </TextEquiv>
          </Glyph>
          <Glyph id="w24376g15">
            <Coords points="480,521 484,521 484,574 480,574"/>
            <TextEquiv index="1" conf="0.9975500404834747">
              <Unicode>,</Unicode>
            </TextEquiv>
          </Glyph>
          <TextEquiv index="1" conf="0.9479055935806343">
            <Unicode>peregrinationem,</Unicode>
          </TextEquiv>
        </Word>
        <Word id="w24377">
          <Coords points="510,521 546,521 546,574 510,574"/>
          <Glyph id="w24377g0">
            <Coords points="510,521 513,521 513,574 510,574"/>
            <TextEquiv index="1" conf="0.9988318681716919">
              <Unicode>t</Unicode>
            </TextEquiv>
          </Glyph>
          <Glyph id="w24377g1">
            <Coords points="520,521 524,521 524,574 520,574"/>
            <TextEquiv index="1" conf="0.99847112596035">
              <Unicode>a</Unicode>
            </TextEquiv>
          </Glyph>
          <Glyph id="w24377g2">
            <Coords points="546,521 546,521 546,574 546,574"/>
            <TextEquiv index="1" conf="0.999945729970932">
              <Unicode>m</Unicode>
            </TextEquiv>
          </Glyph>
          <TextEquiv index="1" conf="0.9972506562990657">
            <Unicode>tam</Unicode>
          </TextEquiv>
        </Word>
        <Word id="w24378">
          <Coords points="586,521 641,521 641,574 586,574"/>
          <Glyph id="w24378g0">
            <Coords points="586,521 590,521 590,574 586,574"/>
            <TextEquiv index="1" conf="0.999596506357193">
              <Unicode>m</Unicode>
            </TextEquiv>
          </Glyph>
          <Glyph id="w24378g1">
            <Coords points="601,521 605,521 605,574 601,574"/>
            <TextEquiv index="1" conf="0.9999242275953293">
              <Unicode>a</Unicode>
            </TextEquiv>
          </Glyph>
          <Glyph id="w24378g2">
            <Coords points="619,521 619,521 619,574 619,574"/>
            <TextEquiv index="1" conf="0.999932587146759">
              <Unicode>n</Unicode>
            </TextEquiv>
          </Glyph>
          <Glyph id="w24378g3">
            <Coords points="641,521 641,521 641,574 641,574"/>
            <TextEquiv index="1" conf="0.9970570951700211">
              <Unicode>e</Unicode>
            </TextEquiv>
          </Glyph>
          <TextEquiv index="1" conf="0.9965120877885433">
            <Unicode>mane</Unicode>
          </TextEquiv>
        </Word>
        <Word id="w24379">
          <Coords points="663,521 798,521 798,574 663,574"/>
          <Glyph id="w24379g0">
            <Coords points="663,521 667,521 667,574 663,574"/>
            <TextEquiv index="1" conf="0.9997809529304504">
              <Unicode>a</Unicode>
            </TextEquiv>
          </Glyph>
          <Glyph id="w24379g1">
            <Coords points="685,521 689,521 689,574 685,574"/>
            <TextEquiv index="1" conf="0.9963303804397583">
              <Unicode>d</Unicode>
            </TextEquiv>
          </Glyph>
          <Glyph id="w24379g2">
            <Coords points="696,521 700,521 700,574 696,574"/>
            <TextEquiv index="1" conf="0.8768513202667236">
              <Unicode>f</Unicode>
            </TextEquiv>
          </Glyph>
          <Glyph id="w24379g3">
            <Coords points="707,521 711,521 711,574 707,574"/>
            <TextEquiv index="1" conf="0.9993191510438919">
              <Unicode>u</Unicode>
            </TextEquiv>
          </Glyph>
          <Glyph id="w24379g4">
            <Coords points="725,521 729,521 729,574 725,574"/>
            <TextEquiv index="1" conf="0.9997849315404892">
              <Unicode>t</Unicode>
            </TextEquiv>
          </Glyph>
          <Glyph id="w24379g5">
            <Coords points="736,521 740,521 740,574 736,574"/>
            <TextEquiv index="1" conf="0.9981972873210907">
              <Unicode>u</Unicode>
            </TextEquiv>
          </Glyph>
          <Glyph id="w24379g6">
            <Coords points="758,521 758,521 758,574 758,574"/>
            <TextEquiv index="1" conf="0.9999681413173676">
              <Unicode>r</Unicode>
            </TextEquiv>
          </Glyph>
          <Glyph id="w24379g7">
            <Coords points="769,521 773,521 773,574 769,574"/>
            <TextEquiv index="1" conf="0.9989235103130341">
              <Unicode>u</Unicode>
            </TextEquiv>
          </Glyph>
          <Glyph id="w24379g8">
            <Coords points="795,521 798,521 798,574 795,574"/>
            <TextEquiv index="1" conf="0.9991010874509811">
              <Unicode>m</Unicode>
            </TextEquiv>
          </Glyph>
          <TextEquiv index="1" conf="0.8693390829160035">
            <Unicode>adfuturum</Unicode>
          </TextEquiv>
        </Word>
        <Word id="w24380">
          <Coords points="831,521 868,521 868,574 831,574"/>
          <Glyph id="w24380g0">
            <Coords points="831,521 831,521 831,574 831,574"/>
            <TextEquiv index="1" conf="0.6794221624732018">
              <Unicode>e</Unicode>
            </TextEquiv>
          </Glyph>
          <Glyph id="w24380g1">
            <Coords points="842,521 842,521 842,574 842,574"/>
            <TextEquiv index="1" conf="0.999991238117218">
              <Unicode>r</Unicode>
            </TextEquiv>
          </Glyph>
          <Glyph id="w24380g2">
            <Coords points="857,521 857,521 857,574 857,574"/>
            <TextEquiv index="1" conf="0.9995133727788925">
              <Unicode>e</Unicode>
            </TextEquiv>
          </Glyph>
          <Glyph id="w24380g3">
            <Coords points="864,521 868,521 868,574 864,574"/>
            <TextEquiv index="1" conf="0.9521117359399796">
              <Unicode>-</Unicode>
            </TextEquiv>
          </Glyph>
          <TextEquiv index="1" conf="0.6465653571226397">
            <Unicode>ere-</Unicode>
          </TextEquiv>
        </Word>
        <TextEquiv index="1" conf="0.9871724836674391">
          <Unicode>tam longam peregrinationem, tam mane adfuturum ere-</Unicode>
        </TextEquiv>
      </TextLine>
      <TextLine id="r0_l015">
        <Coords points="18,616 18,601 18,600 147,598 149,596 149,581 150,581 151,580 151,579 152,578 151,576 152,575 152,574 151,573 151,571 150,571 149,570 149,569 147,569 146,568 145,569 144,569 143,569 143,570 143,571 78,572 77,573 15,574 14,575 14,577 14,578 14,609 15,610 15,616 16,616 18,616"/>
        <Word id="w24381">
          <Coords points="78,568 147,568 147,616 78,616"/>
          <Glyph id="w24381g0">
            <Coords points="78,568 78,568 78,616 78,616"/>
            <TextEquiv index="1" conf="0.998738631606102">
              <Unicode>d</Unicode>
            </TextEquiv>
          </Glyph>
          <Glyph id="w24381g1">
            <Coords points="91,568 96,568 96,616 91,616"/>
            <TextEquiv index="1" conf="0.9991597533226013">
              <Unicode>e</Unicode>
            </TextEquiv>
          </Glyph>
          <Glyph id="w24381g2">
            <Coords points="104,568 108,568 108,616 104,616"/>
            <TextEquiv index="1" conf="0.9998620897531509">
              <Unicode>r</Unicode>
            </TextEquiv>
          </Glyph>
          <Glyph id="w24381g3">
            <Coords points="121,568 121,568 121,616 121,616"/>
            <TextEquiv index="1" conf="0.9977199584245682">
              <Unicode>e</Unicode>
            </TextEquiv>
          </Glyph>
          <Glyph id="w24381g4">
            <Coords points="130,568 134,568 134,616 130,616"/>
            <TextEquiv index="1" conf="0.778277724981308">
              <Unicode>t</Unicode>
            </TextEquiv>
          </Glyph>
          <Glyph id="w24381g5">
            <Coords points="147,568 147,568 147,616 147,616"/>
            <TextEquiv index="1" conf="0.9396614581346512">
              <Unicode>?</Unicode>
            </TextEquiv>
          </Glyph>
          <TextEquiv index="1" conf="0.7280170621180156">
            <Unicode>deret?</Unicode>
          </TextEquiv>
        </Word>
        <TextEquiv index="1" conf="0.9522366027037302">
          <Unicode>deret?</Unicode>
        </TextEquiv>
      </TextLine>
      <TextLine id="r0_l016">
        <Coords points="362,630 525,627 525,600 362,603 362,630"/>
        <Word id="w24382">
          <Coords points="432,600 524,600 524,630 432,630"/>
          <Glyph id="w24382g0">
            <Coords points="432,600 432,600 432,630 432,630"/>
            <TextEquiv index="1" conf="0.9833772480487823">
              <Unicode>T</Unicode>
            </TextEquiv>
          </Glyph>
          <Glyph id="w24382g1">
            <Coords points="463,600 467,600 467,630 463,630"/>
            <TextEquiv index="1" conf="0.8798267245292664">
              <Unicode>I</Unicode>
            </TextEquiv>
          </Glyph>
          <Glyph id="w24382g2">
            <Coords points="493,600 511,600 511,630 493,630"/>
            <TextEquiv index="1" conf="0.8909848531087239">
              <Unicode>M</Unicode>
            </TextEquiv>
          </Glyph>
          <Glyph id="w24382g3">
            <Coords points="519,600 524,600 524,630 519,630"/>
            <TextEquiv index="1" conf="0.9936633855104446">
              <Unicode>.</Unicode>
            </TextEquiv>
          </Glyph>
          <TextEquiv index="1" conf="0.7659967265349914">
            <Unicode>TIM.</Unicode>
          </TextEquiv>
        </Word>
        <TextEquiv index="1" conf="0.9369630527993043">
          <Unicode>TIM.</Unicode>
        </TextEquiv>
      </TextLine>
      <TextLine id="r0_l017">
        <Coords points="136,679 136,678 137,677 137,670 384,664 385,665 438,664 439,663 566,660 566,661 567,668 568,669 575,669 576,669 575,662 576,661 720,658 721,657 765,656 844,654 845,655 846,654 878,654 878,653 878,650 877,649 877,639 876,638 876,637 873,635 829,636 829,635 829,629 828,629 826,629 825,628 682,631 682,630 682,628 681,628 680,628 677,631 605,633 604,634 604,635 603,636 602,636 601,637 489,639 488,638 385,640 383,638 290,640 289,640 288,640 287,641 252,641 251,642 137,645 137,644 137,631 136,631 135,631 134,632 99,633 99,632 100,632 101,631 100,631 98,631 98,632 98,633 98,634 134,633 135,633 135,644 134,645 103,646 104,669 104,670 106,670 107,670 107,671 107,672 133,671 134,671 136,679"/>
        <Word id="w24383">
          <Coords points="112,628 131,628 131,679 112,679"/>
          <Glyph id="w24383g0">
            <Coords points="112,628 116,628 116,679 112,679"/>
            <TextEquiv index="1" conf="0.997630387544632">
              <Unicode>E</Unicode>
            </TextEquiv>
          </Glyph>
          <Glyph id="w24383g1">
            <Coords points="127,628 131,628 131,679 127,679"/>
            <TextEquiv index="1" conf="0.9998672902584076">
              <Unicode>t</Unicode>
            </TextEquiv>
          </Glyph>
          <TextEquiv index="1" conf="0.9974979922736962">
            <Unicode>Et</Unicode>
          </TextEquiv>
        </Word>
        <Word id="w24384">
          <Coords points="158,628 204,628 204,679 158,679"/>
          <Glyph id="w24384g0">
            <Coords points="158,628 162,628 162,679 158,679"/>
            <TextEquiv index="1" conf="0.9985203295946121">
              <Unicode>v</Unicode>
            </TextEquiv>
          </Glyph>
          <Glyph id="w24384g1">
            <Coords points="177,628 177,628 177,679 177,679"/>
            <TextEquiv index="1" conf="0.9999624192714691">
              <Unicode>e</Unicode>
            </TextEquiv>
          </Glyph>
          <Glyph id="w24384g2">
            <Coords points="189,628 189,628 189,679 189,679"/>
            <TextEquiv index="1" conf="0.9999670386314392">
              <Unicode>r</Unicode>
            </TextEquiv>
          </Glyph>
          <Glyph id="w24384g3">
            <Coords points="200,628 204,628 204,679 200,679"/>
            <TextEquiv index="1" conf="0.8825149983167648">
              <Unicode>ò</Unicode>
            </TextEquiv>
          </Glyph>
          <TextEquiv index="1" conf="0.8811470057403932">
            <Unicode>verò</Unicode>
          </TextEquiv>
        </Word>
        <Word id="w24385">
          <Coords points="231,628 326,628 326,679 231,679"/>
          <Glyph id="w24385g0">
            <Coords points="231,628 234,628 234,679 231,679"/>
            <TextEquiv index="1" conf="0.9999352097511292">
              <Unicode>n</Unicode>
            </TextEquiv>
          </Glyph>
          <Glyph id="w24385g1">
            <Coords points="250,628 250,628 250,679 250,679"/>
            <TextEquiv index="1" conf="0.9992362409830093">
              <Unicode>i</Unicode>
            </TextEquiv>
          </Glyph>
          <Glyph id="w24385g2">
            <Coords points="269,628 273,628 273,679 269,679"/>
            <TextEquiv index="1" conf="0.9999798834323883">
              <Unicode>m</Unicode>
            </TextEquiv>
          </Glyph>
          <Glyph id="w24385g3">
            <Coords points="288,628 288,628 288,679 288,679"/>
            <TextEquiv index="1" conf="0.9996806532144547">
              <Unicode>i</Unicode>
            </TextEquiv>
          </Glyph>
          <Glyph id="w24385g4">
            <Coords points="296,628 299,628 299,679 296,679"/>
            <TextEquiv index="1" conf="0.9988084584474564">
              <Unicode>u</Unicode>
            </TextEquiv>
          </Glyph>
          <Glyph id="w24385g5">
            <Coords points="322,628 326,628 326,679 322,679"/>
            <TextEquiv index="1" conf="0.9997514486312866">
              <Unicode>m</Unicode>
            </TextEquiv>
          </Glyph>
          <TextEquiv index="1" conf="0.9973942089826596">
            <Unicode>nimium</Unicode>
          </TextEquiv>
        </Word>
        <Word id="w24386">
          <Coords points="357,628 460,628 460,679 357,679"/>
          <Glyph id="w24386g0">
            <Coords points="357,628 361,628 361,679 357,679"/>
            <TextEquiv index="1" conf="0.9999150484800339">
              <Unicode>a</Unicode>
            </TextEquiv>
          </Glyph>
          <Glyph id="w24386g1">
            <Coords points="380,628 384,628 384,679 380,679"/>
            <TextEquiv index="1" conf="0.9998581558465958">
              <Unicode>d</Unicode>
            </TextEquiv>
          </Glyph>
          <Glyph id="w24386g2">
            <Coords points="395,628 399,628 399,679 395,679"/>
            <TextEquiv index="1" conf="0.9999103993177414">
              <Unicode>v</Unicode>
            </TextEquiv>
          </Glyph>
          <Glyph id="w24386g3">
            <Coords points="414,628 414,628 414,679 414,679"/>
            <TextEquiv index="1" conf="0.9998571574687958">
              <Unicode>e</Unicode>
            </TextEquiv>
          </Glyph>
          <Glyph id="w24386g4">
            <Coords points="426,628 426,628 426,679 426,679"/>
            <TextEquiv index="1" conf="0.9998276084661484">
              <Unicode>n</Unicode>
            </TextEquiv>
          </Glyph>
          <Glyph id="w24386g5">
            <Coords points="441,628 445,628 445,679 441,679"/>
            <TextEquiv index="1" conf="0.9998179227113724">
              <Unicode>i</Unicode>
            </TextEquiv>
          </Glyph>
          <Glyph id="w24386g6">
            <Coords points="456,628 460,628 460,679 456,679"/>
            <TextEquiv index="1" conf="0.9989601671695709">
              <Unicode>o</Unicode>
            </TextEquiv>
          </Glyph>
          <TextEquiv index="1" conf="0.9981475769903558">
            <Unicode>advenio</Unicode>
          </TextEquiv>
        </Word>
        <Word id="w24387">
          <Coords points="483,628 670,628 670,679 483,679"/>
          <Glyph id="w24387g0">
            <Coords points="483,628 487,628 487,679 483,679"/>
            <TextEquiv index="1" conf="0.9986740201711655">
              <Unicode>i</Unicode>
            </TextEquiv>
          </Glyph>
          <Glyph id="w24387g1">
            <Coords points="494,628 498,628 498,679 494,679"/>
            <TextEquiv index="1" conf="0.9997373223304749">
              <Unicode>n</Unicode>
            </TextEquiv>
          </Glyph>
          <Glyph id="w24387g2">
            <Coords points="514,628 517,628 517,679 514,679"/>
            <TextEquiv index="1" conf="0.9998437464237213">
              <Unicode>t</Unicode>
            </TextEquiv>
          </Glyph>
          <Glyph id="w24387g3">
            <Coords points="529,628 529,628 529,679 529,679"/>
            <TextEquiv index="1" conf="0.9999889433383942">
              <Unicode>e</Unicode>
            </TextEquiv>
          </Glyph>
          <Glyph id="w24387g4">
            <Coords points="548,628 552,628 552,679 548,679"/>
            <TextEquiv index="1" conf="0.9999814331531525">
              <Unicode>m</Unicode>
            </TextEquiv>
          </Glyph>
          <Glyph id="w24387g5">
            <Coords points="567,628 571,628 571,679 567,679"/>
            <TextEquiv index="1" conf="0.9979380071163177">
              <Unicode>p</Unicode>
            </TextEquiv>
          </Glyph>
          <Glyph id="w24387g6">
            <Coords points="590,628 590,628 590,679 590,679"/>
            <TextEquiv index="1" conf="0.9999828040599823">
              <Unicode>e</Unicode>
            </TextEquiv>
          </Glyph>
          <Glyph id="w24387g7">
            <Coords points="598,628 602,628 602,679 598,679"/>
            <TextEquiv index="1" conf="0.9996510744094849">
              <Unicode>ſ</Unicode>
            </TextEquiv>
          </Glyph>
          <Glyph id="w24387g8">
            <Coords points="609,628 613,628 613,679 609,679"/>
            <TextEquiv index="1" conf="0.9997276812791824">
              <Unicode>t</Unicode>
            </TextEquiv>
          </Glyph>
          <Glyph id="w24387g9">
            <Coords points="621,628 621,628 621,679 621,679"/>
            <TextEquiv index="1" conf="0.9994288831949234">
              <Unicode>i</Unicode>
            </TextEquiv>
          </Glyph>
          <Glyph id="w24387g10">
            <Coords points="636,628 640,628 640,679 636,679"/>
            <TextEquiv index="1" conf="0.9989592581987381">
              <Unicode>v</Unicode>
            </TextEquiv>
          </Glyph>
          <Glyph id="w24387g11">
            <Coords points="651,628 651,628 651,679 651,679"/>
            <TextEquiv index="1" conf="0.6048329696059227">
              <Unicode>è</Unicode>
            </TextEquiv>
          </Glyph>
          <Glyph id="w24387g12">
            <Coords points="667,628 670,628 670,679 667,679"/>
            <TextEquiv index="1" conf="0.6611960679292679">
              <Unicode>l</Unicode>
            </TextEquiv>
          </Glyph>
          <TextEquiv index="1" conf="0.3974848385992382">
            <Unicode>intempeſtivèl</Unicode>
          </TextEquiv>
        </Word>
        <Word id="w24388">
          <Coords points="705,628 739,628 739,679 705,679"/>
          <Glyph id="w24388g0">
            <Coords points="705,628 709,628 709,679 705,679"/>
            <TextEquiv index="1" conf="0.9983246028423309">
              <Unicode>S</Unicode>
            </TextEquiv>
          </Glyph>
          <Glyph id="w24388g1">
            <Coords points="724,628 728,628 728,679 724,679"/>
            <TextEquiv index="1" conf="0.9339350610971451">
              <Unicode>o</Unicode>
            </TextEquiv>
          </Glyph>
          <Glyph id="w24388g2">
            <Coords points="735,628 739,628 739,679 735,679"/>
            <TextEquiv index="1" conf="0.9993230700492859">
              <Unicode>l</Unicode>
            </TextEquiv>
          </Glyph>
          <TextEquiv index="1" conf="0.9317391995359732">
            <Unicode>Sol</Unicode>
          </TextEquiv>
        </Word>
        <Word id="w24389">
          <Coords points="762,628 862,628 862,679 762,679"/>
          <Glyph id="w24389g0">
            <Coords points="762,628 762,628 762,679 762,679"/>
            <TextEquiv index="1" conf="0.9999155849218369">
              <Unicode>n</Unicode>
            </TextEquiv>
          </Glyph>
          <Glyph id="w24389g1">
            <Coords points="785,628 789,628 789,679 785,679"/>
            <TextEquiv index="1" conf="0.9989358335733414">
              <Unicode>o</Unicode>
            </TextEquiv>
          </Glyph>
          <Glyph id="w24389g2">
            <Coords points="797,628 800,628 800,679 797,679"/>
            <TextEquiv index="1" conf="0.9999750852584839">
              <Unicode>n</Unicode>
            </TextEquiv>
          </Glyph>
          <Glyph id="w24389g3">
            <Coords points="820,628 823,628 823,679 820,679"/>
            <TextEquiv index="1" conf="0.9999633729457855">
              <Unicode>d</Unicode>
            </TextEquiv>
          </Glyph>
          <Glyph id="w24389g4">
            <Coords points="835,628 835,628 835,679 835,679"/>
            <TextEquiv index="1" conf="0.9999738335609436">
              <Unicode>u</Unicode>
            </TextEquiv>
          </Glyph>
          <Glyph id="w24389g5">
            <Coords points="862,628 862,628 862,679 862,679"/>
            <TextEquiv index="1" conf="0.9999953210353851">
              <Unicode>m</Unicode>
            </TextEquiv>
          </Glyph>
          <TextEquiv index="1" conf="0.9987592301632603">
            <Unicode>nondum</Unicode>
          </TextEquiv>
        </Word>
        <TextEquiv index="1" conf="0.9799148654367061">
          <Unicode>Et verò nimium advenio intempeſtivèl Sol nondum</Unicode>
        </TextEquiv>
      </TextLine>
      <TextLine id="r0_l018">
        <Coords points="17,733 18,733 18,718 18,717 81,716 83,714 83,709 84,708 430,700 431,699 511,698 512,697 513,697 513,696 513,695 514,695 570,693 571,692 571,691 571,690 513,692 512,691 500,691 499,690 499,689 498,688 498,685 494,682 458,683 458,682 458,675 457,675 456,675 455,674 18,683 18,678 17,677 16,677 16,678 16,697 15,698 16,723 15,724 15,725 16,726 16,733 17,733"/>
        <Word id="w24390">
          <Coords points="79,674 141,674 141,733 79,733"/>
          <Glyph id="w24390g0">
            <Coords points="79,674 79,674 79,733 79,733"/>
            <TextEquiv index="1" conf="0.9990327656269073">
              <Unicode>p</Unicode>
            </TextEquiv>
          </Glyph>
          <Glyph id="w24390g1">
            <Coords points="93,674 93,674 93,733 93,733"/>
            <TextEquiv index="1" conf="0.9991223365068436">
              <Unicode>l</Unicode>
            </TextEquiv>
          </Glyph>
          <Glyph id="w24390g2">
            <Coords points="101,674 104,674 104,733 101,733"/>
            <TextEquiv index="1" conf="0.9990631490945816">
              <Unicode>a</Unicode>
            </TextEquiv>
          </Glyph>
          <Glyph id="w24390g3">
            <Coords points="119,674 119,674 119,733 119,733"/>
            <TextEquiv index="1" conf="0.9994913786649704">
              <Unicode>n</Unicode>
            </TextEquiv>
          </Glyph>
          <Glyph id="w24390g4">
            <Coords points="137,674 141,674 141,733 137,733"/>
            <TextEquiv index="1" conf="0.9843135476112366">
              <Unicode>è</Unicode>
            </TextEquiv>
          </Glyph>
          <TextEquiv index="1" conf="0.9810787192003508">
            <Unicode>planè</Unicode>
          </TextEquiv>
        </Word>
        <Word id="w24391">
          <Coords points="166,674 258,674 258,733 166,733"/>
          <Glyph id="w24391g0">
            <Coords points="166,674 166,674 166,733 166,733"/>
            <TextEquiv index="1" conf="0.9983555823564529">
              <Unicode>m</Unicode>
            </TextEquiv>
          </Glyph>
          <Glyph id="w24391g1">
            <Coords points="188,674 188,674 188,733 188,733"/>
            <TextEquiv index="1" conf="0.9999881684780121">
              <Unicode>e</Unicode>
            </TextEquiv>
          </Glyph>
          <Glyph id="w24391g2">
            <Coords points="203,674 206,674 206,733 203,733"/>
            <TextEquiv index="1" conf="0.9996466487646103">
              <Unicode>d</Unicode>
            </TextEquiv>
          </Glyph>
          <Glyph id="w24391g3">
            <Coords points="217,674 217,674 217,733 217,733"/>
            <TextEquiv index="1" conf="0.9994088560342789">
              <Unicode>i</Unicode>
            </TextEquiv>
          </Glyph>
          <Glyph id="w24391g4">
            <Coords points="228,674 228,674 228,733 228,733"/>
            <TextEquiv index="1" conf="0.9969265758991241">
              <Unicode>u</Unicode>
            </TextEquiv>
          </Glyph>
          <Glyph id="w24391g5">
            <Coords points="254,674 258,674 258,733 254,733"/>
            <TextEquiv index="1" conf="0.999980628490448">
              <Unicode>m</Unicode>
            </TextEquiv>
          </Glyph>
          <TextEquiv index="1" conf="0.9943163497250949">
            <Unicode>medium</Unicode>
          </TextEquiv>
        </Word>
        <Word id="w24392">
          <Coords points="287,674 382,674 382,733 287,733"/>
          <Glyph id="w24392g0">
            <Coords points="287,674 287,674 287,733 287,733"/>
            <TextEquiv index="1" conf="0.9671808779239655">
              <Unicode>c</Unicode>
            </TextEquiv>
          </Glyph>
          <Glyph id="w24392g1">
            <Coords points="301,674 305,674 305,733 301,733"/>
            <TextEquiv index="1" conf="0.9997335076332092">
              <Unicode>o</Unicode>
            </TextEquiv>
          </Glyph>
          <Glyph id="w24392g2">
            <Coords points="316,674 316,674 316,733 316,733"/>
            <TextEquiv index="1" conf="0.9995155930519104">
              <Unicode>n</Unicode>
            </TextEquiv>
          </Glyph>
          <Glyph id="w24392g3">
            <Coords points="334,674 334,674 334,733 334,733"/>
            <TextEquiv index="1" conf="0.9167299866676331">
              <Unicode>f</Unicode>
            </TextEquiv>
          </Glyph>
          <Glyph id="w24392g4">
            <Coords points="345,674 349,674 349,733 345,733"/>
            <TextEquiv index="1" conf="0.9993822574615479">
              <Unicode>e</Unicode>
            </TextEquiv>
          </Glyph>
          <Glyph id="w24392g5">
            <Coords points="360,674 363,674 363,733 360,733"/>
            <TextEquiv index="1" conf="0.9742415100336075">
              <Unicode>c</Unicode>
            </TextEquiv>
          </Glyph>
          <Glyph id="w24392g6">
            <Coords points="371,674 371,674 371,733 371,733"/>
            <TextEquiv index="1" conf="0.9999382793903351">
              <Unicode>i</Unicode>
            </TextEquiv>
          </Glyph>
          <Glyph id="w24392g7">
            <Coords points="382,674 382,674 382,733 382,733"/>
            <TextEquiv index="1" conf="0.9999090880155563">
              <Unicode>t</Unicode>
            </TextEquiv>
          </Glyph>
          <TextEquiv index="1" conf="0.8624917228269733">
            <Unicode>confecit</Unicode>
          </TextEquiv>
        </Word>
        <Word id="w24393">
          <Coords points="407,674 506,674 506,733 407,733"/>
          <Glyph id="w24393g0">
            <Coords points="407,674 407,674 407,733 407,733"/>
            <TextEquiv index="1" conf="0.8313298672437668">
              <Unicode>e</Unicode>
            </TextEquiv>
          </Glyph>
          <Glyph id="w24393g1">
            <Coords points="418,674 418,674 418,733 418,733"/>
            <TextEquiv index="1" conf="0.9994249492883682">
              <Unicode>u</Unicode>
            </TextEquiv>
          </Glyph>
          <Glyph id="w24393g2">
            <Coords points="436,674 436,674 436,733 436,733"/>
            <TextEquiv index="1" conf="0.9999086409807205">
              <Unicode>r</Unicode>
            </TextEquiv>
          </Glyph>
          <Glyph id="w24393g3">
            <Coords points="447,674 447,674 447,733 447,733"/>
            <TextEquiv index="1" conf="0.9994495660066605">
              <Unicode>ſ</Unicode>
            </TextEquiv>
          </Glyph>
          <Glyph id="w24393g4">
            <Coords points="454,674 458,674 458,733 454,733"/>
            <TextEquiv index="1" conf="0.9999681115150452">
              <Unicode>u</Unicode>
            </TextEquiv>
          </Glyph>
          <Glyph id="w24393g5">
            <Coords points="484,674 487,674 487,733 484,733"/>
            <TextEquiv index="1" conf="0.9999894797801971">
              <Unicode>m</Unicode>
            </TextEquiv>
          </Glyph>
          <Glyph id="w24393g6">
            <Coords points="506,674 506,674 506,733 506,733"/>
            <TextEquiv index="1" conf="0.9962006956338882">
              <Unicode>.</Unicode>
            </TextEquiv>
          </Glyph>
          <TextEquiv index="1" conf="0.8271289054830037">
            <Unicode>eurſum.</Unicode>
          </TextEquiv>
        </Word>
        <TextEquiv index="1" conf="0.9879873338444479">
          <Unicode>planè medium confecit eurſum.</Unicode>
        </TextEquiv>
      </TextLine>
      <TextLine id="r0_l019">
        <Coords points="125,753 826,737 825,702 124,718 125,753"/>
        <Word id="w24394">
          <Coords points="129,702 203,702 203,753 129,753"/>
          <Glyph id="w24394g0">
            <Coords points="129,702 151,702 151,753 129,753"/>
            <TextEquiv index="1" conf="0.9982290714979172">
              <Unicode>M</Unicode>
            </TextEquiv>
          </Glyph>
          <Glyph id="w24394g1">
            <Coords points="170,702 170,702 170,753 170,753"/>
            <TextEquiv index="1" conf="0.9513184279203415">
              <Unicode>I</Unicode>
            </TextEquiv>
          </Glyph>
          <Glyph id="w24394g2">
            <Coords points="184,702 188,702 188,753 184,753"/>
            <TextEquiv index="1" conf="0.9982861429452896">
              <Unicode>S</Unicode>
            </TextEquiv>
          </Glyph>
          <Glyph id="w24394g3">
            <Coords points="203,702 203,702 203,753 203,753"/>
            <TextEquiv index="1" conf="0.9846058934926987">
              <Unicode>.</Unicode>
            </TextEquiv>
          </Glyph>
          <TextEquiv index="1" conf="0.933412466545929">
            <Unicode>MIS.</Unicode>
          </TextEquiv>
        </Word>
        <Word id="w24395">
          <Coords points="232,702 349,702 349,753 232,753"/>
          <Glyph id="w24395g0">
            <Coords points="232,702 236,702 236,753 232,753"/>
            <TextEquiv index="1" conf="0.8958398848772049">
              <Unicode>r</Unicode>
            </TextEquiv>
          </Glyph>
          <Glyph id="w24395g1">
            <Coords points="247,702 250,702 250,753 247,753"/>
            <TextEquiv index="1" conf="0.9967017024755478">
              <Unicode>e</Unicode>
            </TextEquiv>
          </Glyph>
          <Glyph id="w24395g2">
            <Coords points="258,702 261,702 261,753 258,753"/>
            <TextEquiv index="1" conf="0.9962750822305679">
              <Unicode>ſ</Unicode>
            </TextEquiv>
          </Glyph>
          <Glyph id="w24395g3">
            <Coords points="269,702 269,702 269,753 269,753"/>
            <TextEquiv index="1" conf="0.846265971660614">
              <Unicode>p</Unicode>
            </TextEquiv>
          </Glyph>
          <Glyph id="w24395g4">
            <Coords points="283,702 283,702 283,753 283,753"/>
            <TextEquiv index="1" conf="0.9979828745126724">
              <Unicode>i</Unicode>
            </TextEquiv>
          </Glyph>
          <Glyph id="w24395g5">
            <Coords points="294,702 298,702 298,753 294,753"/>
            <TextEquiv index="1" conf="0.97360959649086">
              <Unicode>c</Unicode>
            </TextEquiv>
          </Glyph>
          <Glyph id="w24395g6">
            <Coords points="305,702 309,702 309,753 305,753"/>
            <TextEquiv index="1" conf="0.9969235956668854">
              <Unicode>i</Unicode>
            </TextEquiv>
          </Glyph>
          <Glyph id="w24395g7">
            <Coords points="320,702 320,702 320,753 320,753"/>
            <TextEquiv index="1" conf="0.9980229139328003">
              <Unicode>e</Unicode>
            </TextEquiv>
          </Glyph>
          <Glyph id="w24395g8">
            <Coords points="327,702 331,702 331,753 327,753"/>
            <TextEquiv index="1" conf="0.924357146024704">
              <Unicode>n</Unicode>
            </TextEquiv>
          </Glyph>
          <Glyph id="w24395g9">
            <Coords points="346,702 349,702 349,753 346,753"/>
            <TextEquiv index="1" conf="0.9911610782146454">
              <Unicode>s</Unicode>
            </TextEquiv>
          </Glyph>
          <TextEquiv index="1" conf="0.6667700837641811">
            <Unicode>reſpiciens</Unicode>
          </TextEquiv>
        </Word>
        <Word id="w24396">
          <Coords points="367,702 389,702 389,753 367,753"/>
          <Glyph id="w24396g0">
            <Coords points="367,702 367,702 367,753 367,753"/>
            <TextEquiv index="1" conf="0.8587445914745331">
              <Unicode>a</Unicode>
            </TextEquiv>
          </Glyph>
          <Glyph id="w24396g1">
            <Coords points="386,702 389,702 389,753 386,753"/>
            <TextEquiv index="1" conf="0.9999525249004364">
              <Unicode>d</Unicode>
            </TextEquiv>
          </Glyph>
          <TextEquiv index="1" conf="0.8587038224895531">
            <Unicode>ad</Unicode>
          </TextEquiv>
        </Word>
        <Word id="w24397">
          <Coords points="411,702 485,702 485,753 411,753"/>
          <Glyph id="w24397g0">
            <Coords points="411,702 415,702 415,753 411,753"/>
            <TextEquiv index="1" conf="0.9975804388523102">
              <Unicode>ſ</Unicode>
            </TextEquiv>
          </Glyph>
          <Glyph id="w24397g1">
            <Coords points="422,702 426,702 426,753 422,753"/>
            <TextEquiv index="1" conf="0.9998472183942795">
              <Unicode>o</Unicode>
            </TextEquiv>
          </Glyph>
          <Glyph id="w24397g2">
            <Coords points="437,702 437,702 437,753 437,753"/>
            <TextEquiv index="1" conf="0.9995374977588654">
              <Unicode>l</Unicode>
            </TextEquiv>
          </Glyph>
          <Glyph id="w24397g3">
            <Coords points="448,702 448,702 448,753 448,753"/>
            <TextEquiv index="1" conf="0.9999490231275558">
              <Unicode>e</Unicode>
            </TextEquiv>
          </Glyph>
          <Glyph id="w24397g4">
            <Coords points="466,702 466,702 466,753 466,753"/>
            <TextEquiv index="1" conf="0.9999631643295288">
              <Unicode>m</Unicode>
            </TextEquiv>
          </Glyph>
          <Glyph id="w24397g5">
            <Coords points="485,702 485,702 485,753 485,753"/>
            <TextEquiv index="1" conf="0.9887459427118301">
              <Unicode>,</Unicode>
            </TextEquiv>
          </Glyph>
          <TextEquiv index="1" conf="0.985660234615434">
            <Unicode>ſolem,</Unicode>
          </TextEquiv>
        </Word>
        <Word id="w24398">
          <Coords points="514,702 598,702 598,753 514,753"/>
          <Glyph id="w24398g0">
            <Coords points="514,702 514,702 514,753 514,753"/>
            <TextEquiv index="1" conf="0.9990555047988892">
              <Unicode>e</Unicode>
            </TextEquiv>
          </Glyph>
          <Glyph id="w24398g1">
            <Coords points="525,702 525,702 525,753 525,753"/>
            <TextEquiv index="1" conf="0.6617022355397542">
              <Unicode>j</Unicode>
            </TextEquiv>
          </Glyph>
          <Glyph id="w24398g2">
            <Coords points="536,702 536,702 536,753 536,753"/>
            <TextEquiv index="1" conf="0.999345526099205">
              <Unicode>u</Unicode>
            </TextEquiv>
          </Glyph>
          <Glyph id="w24398g3">
            <Coords points="554,702 554,702 554,753 554,753"/>
            <TextEquiv index="1" conf="0.6322567090392113">
              <Unicode>i</Unicode>
            </TextEquiv>
          </Glyph>
          <Glyph id="w24398g4">
            <Coords points="565,702 569,702 569,753 565,753"/>
            <TextEquiv index="1" conf="0.9111678302288055">
              <Unicode>q</Unicode>
            </TextEquiv>
          </Glyph>
          <Glyph id="w24398g5">
            <Coords points="580,702 580,702 580,753 580,753"/>
            <TextEquiv index="1" conf="0.9996189922094345">
              <Unicode>u</Unicode>
            </TextEquiv>
          </Glyph>
          <Glyph id="w24398g6">
            <Coords points="598,702 598,702 598,753 598,753"/>
            <TextEquiv index="1" conf="0.9995894432067871">
              <Unicode>e</Unicode>
            </TextEquiv>
          </Glyph>
          <TextEquiv index="1" conf="0.38029084969623045">
            <Unicode>ejuique</Unicode>
          </TextEquiv>
        </Word>
        <Word id="w24399">
          <Coords points="620,702 671,702 671,753 620,753"/>
          <Glyph id="w24399g0">
            <Coords points="620,702 620,702 620,753 620,753"/>
            <TextEquiv index="1" conf="0.9746920764446259">
              <Unicode>l</Unicode>
            </TextEquiv>
          </Glyph>
          <Glyph id="w24399g1">
            <Coords points="631,702 631,702 631,753 631,753"/>
            <TextEquiv index="1" conf="0.9987453669309616">
              <Unicode>u</Unicode>
            </TextEquiv>
          </Glyph>
          <Glyph id="w24399g2">
            <Coords points="649,702 649,702 649,753 649,753"/>
            <TextEquiv index="1" conf="0.9999693632125854">
              <Unicode>c</Unicode>
            </TextEquiv>
          </Glyph>
          <Glyph id="w24399g3">
            <Coords points="660,702 660,702 660,753 660,753"/>
            <TextEquiv index="1" conf="0.9999438524246216">
              <Unicode>i</Unicode>
            </TextEquiv>
          </Glyph>
          <Glyph id="w24399g4">
            <Coords points="671,702 671,702 671,753 671,753"/>
            <TextEquiv index="1" conf="0.9942164570093155">
              <Unicode>s</Unicode>
            </TextEquiv>
          </Glyph>
          <TextEquiv index="1" conf="0.9677551029566629">
            <Unicode>lucis</Unicode>
          </TextEquiv>
        </Word>
        <Word id="w24400">
          <Coords points="690,702 822,702 822,753 690,753"/>
          <Glyph id="w24400g0">
            <Coords points="690,702 693,702 693,753 690,753"/>
            <TextEquiv index="1" conf="0.9987214803695679">
              <Unicode>i</Unicode>
            </TextEquiv>
          </Glyph>
          <Glyph id="w24400g1">
            <Coords points="708,702 708,702 708,753 708,753"/>
            <TextEquiv index="1" conf="0.9991059005260468">
              <Unicode>m</Unicode>
            </TextEquiv>
          </Glyph>
          <Glyph id="w24400g2">
            <Coords points="723,702 726,702 726,753 723,753"/>
            <TextEquiv index="1" conf="0.9949389100074768">
              <Unicode>p</Unicode>
            </TextEquiv>
          </Glyph>
          <Glyph id="w24400g3">
            <Coords points="737,702 741,702 741,753 737,753"/>
            <TextEquiv index="1" conf="0.37842436134815216">
              <Unicode>a</Unicode>
            </TextEquiv>
          </Glyph>
          <Glyph id="w24400g4">
            <Coords points="756,702 756,702 756,753 756,753"/>
            <TextEquiv index="1" conf="0.9935529232025146">
              <Unicode>t</Unicode>
            </TextEquiv>
          </Glyph>
          <Glyph id="w24400g5">
            <Coords points="767,702 767,702 767,753 767,753"/>
            <TextEquiv index="1" conf="0.999973863363266">
              <Unicode>i</Unicode>
            </TextEquiv>
          </Glyph>
          <Glyph id="w24400g6">
            <Coords points="778,702 778,702 778,753 778,753"/>
            <TextEquiv index="1" conf="0.9999655187129974">
              <Unicode>e</Unicode>
            </TextEquiv>
          </Glyph>
          <Glyph id="w24400g7">
            <Coords points="789,702 789,702 789,753 789,753"/>
            <TextEquiv index="1" conf="0.9996552914381027">
              <Unicode>n</Unicode>
            </TextEquiv>
          </Glyph>
          <Glyph id="w24400g8">
            <Coords points="807,702 807,702 807,753 807,753"/>
            <TextEquiv index="1" conf="0.9974525570869446">
              <Unicode>s</Unicode>
            </TextEquiv>
          </Glyph>
          <Glyph id="w24400g9">
            <Coords points="818,702 822,702 822,753 818,753"/>
            <TextEquiv index="1" conf="0.9641624242067337">
              <Unicode>.</Unicode>
            </TextEquiv>
          </Glyph>
          <TextEquiv index="1" conf="0.35883005771004417">
            <Unicode>impatiens.</Unicode>
          </TextEquiv>
        </Word>
        <TextEquiv index="1" conf="0.9576892527441183">
          <Unicode>MIS. reſpiciens ad ſolem, ejuique lucis impatiens.</Unicode>
        </TextEquiv>
      </TextLine>
      <TextLine id="r0_l020">
        <Coords points="624,780 624,770 624,769 743,767 744,766 877,763 880,760 880,759 881,758 881,752 881,751 881,748 880,748 878,746 800,747 799,747 799,744 798,743 798,740 798,739 795,740 794,739 793,739 792,740 268,751 266,749 265,749 264,750 110,753 107,756 108,777 107,778 66,778 66,779 66,781 67,782 69,782 70,782 70,781 70,780 329,775 330,775 330,781 332,783 333,783 334,784 337,784 338,785 339,783 342,783 344,781 345,780 345,779 346,778 346,776 346,775 618,769 619,770 619,780 620,780 624,780"/>
        <Word id="w24401">
          <Coords points="115,739 174,739 174,785 115,785"/>
          <Glyph id="w24401g0">
            <Coords points="115,739 115,739 115,785 115,785"/>
            <TextEquiv index="1" conf="0.9946954101324081">
              <Unicode>I</Unicode>
            </TextEquiv>
          </Glyph>
          <Glyph id="w24401g1">
            <Coords points="126,739 126,739 126,785 126,785"/>
            <TextEquiv index="1" conf="0.9999828934669495">
              <Unicode>t</Unicode>
            </TextEquiv>
          </Glyph>
          <Glyph id="w24401g2">
            <Coords points="134,739 137,739 137,785 134,785"/>
            <TextEquiv index="1" conf="0.9999198615550995">
              <Unicode>a</Unicode>
            </TextEquiv>
          </Glyph>
          <Glyph id="w24401g3">
            <Coords points="152,739 152,739 152,785 152,785"/>
            <TextEquiv index="1" conf="0.9984583556652069">
              <Unicode>n</Unicode>
            </TextEquiv>
          </Glyph>
          <Glyph id="w24401g4">
            <Coords points="170,739 174,739 174,785 170,785"/>
            <TextEquiv index="1" conf="0.9975728243589401">
              <Unicode>e</Unicode>
            </TextEquiv>
          </Glyph>
          <TextEquiv index="1" conf="0.990655020874984">
            <Unicode>Itane</Unicode>
          </TextEquiv>
        </Word>
        <Word id="w24402">
          <Coords points="200,739 247,739 247,785 200,785"/>
          <Glyph id="w24402g0">
            <Coords points="200,739 203,739 203,785 200,785"/>
            <TextEquiv index="1" conf="0.9951808154582977">
              <Unicode>v</Unicode>
            </TextEquiv>
          </Glyph>
          <Glyph id="w24402g1">
            <Coords points="218,739 218,739 218,785 218,785"/>
            <TextEquiv index="1" conf="0.9999220073223114">
              <Unicode>e</Unicode>
            </TextEquiv>
          </Glyph>
          <Glyph id="w24402g2">
            <Coords points="229,739 233,739 233,785 229,785"/>
            <TextEquiv index="1" conf="0.9998393654823303">
              <Unicode>r</Unicode>
            </TextEquiv>
          </Glyph>
          <Glyph id="w24402g3">
            <Coords points="244,739 247,739 247,785 244,785"/>
            <TextEquiv index="1" conf="0.7492167502641678">
              <Unicode>ò</Unicode>
            </TextEquiv>
          </Glyph>
          <TextEquiv index="1" conf="0.7454282239229089">
            <Unicode>verò</Unicode>
          </TextEquiv>
        </Word>
        <Word id="w24403">
          <Coords points="280,739 299,739 299,785 280,785"/>
          <Glyph id="w24403g0">
            <Coords points="280,739 280,739 280,785 280,785"/>
            <TextEquiv index="1" conf="0.666290655732155">
              <Unicode>a</Unicode>
            </TextEquiv>
          </Glyph>
          <Glyph id="w24403g1">
            <Coords points="299,739 299,739 299,785 299,785"/>
            <TextEquiv index="1" conf="0.9899307787418365">
              <Unicode>t</Unicode>
            </TextEquiv>
          </Glyph>
          <TextEquiv index="1" conf="0.6595816276973411">
            <Unicode>at</Unicode>
          </TextEquiv>
        </Word>
        <Word id="w24404">
          <Coords points="321,739 357,739 357,785 321,785"/>
          <Glyph id="w24404g0">
            <Coords points="321,739 324,739 324,785 321,785"/>
            <TextEquiv index="1" conf="0.9956242144107819">
              <Unicode>e</Unicode>
            </TextEquiv>
          </Glyph>
          <Glyph id="w24404g1">
            <Coords points="339,739 343,739 343,785 339,785"/>
            <TextEquiv index="1" conf="0.9998352229595184">
              <Unicode>g</Unicode>
            </TextEquiv>
          </Glyph>
          <Glyph id="w24404g2">
            <Coords points="354,739 357,739 357,785 354,785"/>
            <TextEquiv index="1" conf="0.99164117872715">
              <Unicode>o</Unicode>
            </TextEquiv>
          </Glyph>
          <TextEquiv index="1" conf="0.9871392848509968">
            <Unicode>ego</Unicode>
          </TextEquiv>
        </Word>
        <Word id="w24405">
          <Coords points="379,739 467,739 467,785 379,785"/>
          <Glyph id="w24405g0">
            <Coords points="379,739 383,739 383,785 379,785"/>
            <TextEquiv index="1" conf="0.9737729579210281">
              <Unicode>v</Unicode>
            </TextEquiv>
          </Glyph>
          <Glyph id="w24405g1">
            <Coords points="394,739 394,739 394,785 394,785"/>
            <TextEquiv index="1" conf="0.9976518601179123">
              <Unicode>i</Unicode>
            </TextEquiv>
          </Glyph>
          <Glyph id="w24405g2">
            <Coords points="409,739 412,739 412,785 409,785"/>
            <TextEquiv index="1" conf="0.9879299253225327">
              <Unicode>x</Unicode>
            </TextEquiv>
          </Glyph>
          <Glyph id="w24405g3">
            <Coords points="427,739 431,739 431,785 427,785"/>
            <TextEquiv index="1" conf="0.9904963225126266">
              <Unicode>d</Unicode>
            </TextEquiv>
          </Glyph>
          <Glyph id="w24405g4">
            <Coords points="438,739 442,739 442,785 438,785"/>
            <TextEquiv index="1" conf="0.9998784065246582">
              <Unicode>u</Unicode>
            </TextEquiv>
          </Glyph>
          <Glyph id="w24405g5">
            <Coords points="467,739 467,739 467,785 467,785"/>
            <TextEquiv index="1" conf="0.9998436272144318">
              <Unicode>m</Unicode>
            </TextEquiv>
          </Glyph>
          <TextEquiv index="1" conf="0.950375007658028">
            <Unicode>vixdum</Unicode>
          </TextEquiv>
        </Word>
        <Word id="w24406">
          <Coords points="493,739 595,739 595,785 493,785"/>
          <Glyph id="w24406g0">
            <Coords points="493,739 496,739 496,785 493,785"/>
            <TextEquiv index="1" conf="0.9996005296707153">
              <Unicode>i</Unicode>
            </TextEquiv>
          </Glyph>
          <Glyph id="w24406g1">
            <Coords points="504,739 507,739 507,785 504,785"/>
            <TextEquiv index="1" conf="0.9996386617422104">
              <Unicode>l</Unicode>
            </TextEquiv>
          </Glyph>
          <Glyph id="w24406g2">
            <Coords points="515,739 515,739 515,785 515,785"/>
            <TextEquiv index="1" conf="0.9995789229869843">
              <Unicode>l</Unicode>
            </TextEquiv>
          </Glyph>
          <Glyph id="w24406g3">
            <Coords points="526,739 526,739 526,785 526,785"/>
            <TextEquiv index="1" conf="0.999969094991684">
              <Unicode>u</Unicode>
            </TextEquiv>
          </Glyph>
          <Glyph id="w24406g4">
            <Coords points="548,739 551,739 551,785 548,785"/>
            <TextEquiv index="1" conf="0.979959562420845">
              <Unicode>x</Unicode>
            </TextEquiv>
          </Glyph>
          <Glyph id="w24406g5">
            <Coords points="559,739 562,739 562,785 559,785"/>
            <TextEquiv index="1" conf="0.9992895573377609">
              <Unicode>i</Unicode>
            </TextEquiv>
          </Glyph>
          <Glyph id="w24406g6">
            <Coords points="570,739 570,739 570,785 570,785"/>
            <TextEquiv index="1" conf="0.9521280378103256">
              <Unicode>ſ</Unicode>
            </TextEquiv>
          </Glyph>
          <Glyph id="w24406g7">
            <Coords points="581,739 581,739 581,785 581,785"/>
            <TextEquiv index="1" conf="0.9762988090515137">
              <Unicode>ſ</Unicode>
            </TextEquiv>
          </Glyph>
          <Glyph id="w24406g8">
            <Coords points="592,739 595,739 595,785 592,785"/>
            <TextEquiv index="1" conf="0.9991488456726074">
              <Unicode>e</Unicode>
            </TextEquiv>
          </Glyph>
          <TextEquiv index="1" conf="0.9084081017076137">
            <Unicode>illuxiſſe</Unicode>
          </TextEquiv>
        </Word>
        <Word id="w24407">
          <Coords points="617,739 709,739 709,785 617,785"/>
          <Glyph id="w24407g0">
            <Coords points="617,739 617,739 617,785 617,785"/>
            <TextEquiv index="1" conf="0.9618767499923706">
              <Unicode>c</Unicode>
            </TextEquiv>
          </Glyph>
          <Glyph id="w24407g1">
            <Coords points="628,739 628,739 628,785 628,785"/>
            <TextEquiv index="1" conf="0.999878317117691">
              <Unicode>r</Unicode>
            </TextEquiv>
          </Glyph>
          <Glyph id="w24407g2">
            <Coords points="643,739 643,739 643,785 643,785"/>
            <TextEquiv index="1" conf="0.9999803900718689">
              <Unicode>e</Unicode>
            </TextEquiv>
          </Glyph>
          <Glyph id="w24407g3">
            <Coords points="658,739 661,739 661,785 658,785"/>
            <TextEquiv index="1" conf="0.999978631734848">
              <Unicode>d</Unicode>
            </TextEquiv>
          </Glyph>
          <Glyph id="w24407g4">
            <Coords points="669,739 672,739 672,785 669,785"/>
            <TextEquiv index="1" conf="0.999764159321785">
              <Unicode>i</Unicode>
            </TextEquiv>
          </Glyph>
          <Glyph id="w24407g5">
            <Coords points="687,739 691,739 691,785 687,785"/>
            <TextEquiv index="1" conf="0.9999779462814331">
              <Unicode>d</Unicode>
            </TextEquiv>
          </Glyph>
          <Glyph id="w24407g6">
            <Coords points="698,739 702,739 702,785 698,785"/>
            <TextEquiv index="1" conf="0.9983039796352386">
              <Unicode>i</Unicode>
            </TextEquiv>
          </Glyph>
          <Glyph id="w24407g7">
            <Coords points="709,739 709,739 709,785 709,785"/>
            <TextEquiv index="1" conf="0.9874321222305298">
              <Unicode>.</Unicode>
            </TextEquiv>
          </Glyph>
          <TextEquiv index="1" conf="0.9477784295228144">
            <Unicode>credidi.</Unicode>
          </TextEquiv>
        </Word>
        <Word id="w24408">
          <Coords points="738,739 779,739 779,785 738,785"/>
          <Glyph id="w24408g0">
            <Coords points="738,739 746,739 746,785 738,785"/>
            <TextEquiv index="1" conf="0.9994736909866333">
              <Unicode>S</Unicode>
            </TextEquiv>
          </Glyph>
          <Glyph id="w24408g1">
            <Coords points="757,739 760,739 760,785 757,785"/>
            <TextEquiv index="1" conf="0.9998645186424255">
              <Unicode>e</Unicode>
            </TextEquiv>
          </Glyph>
          <Glyph id="w24408g2">
            <Coords points="771,739 779,739 779,785 771,785"/>
            <TextEquiv index="1" conf="0.9995257258415222">
              <Unicode>d</Unicode>
            </TextEquiv>
          </Glyph>
          <TextEquiv index="1" conf="0.9988643206118938">
            <Unicode>Sed</Unicode>
          </TextEquiv>
        </Word>
        <Word id="w24409">
          <Coords points="797,739 837,739 837,785 797,785"/>
          <Glyph id="w24409g0">
            <Coords points="797,739 797,739 797,785 797,785"/>
            <TextEquiv index="1" conf="0.9986463785171509">
              <Unicode>h</Unicode>
            </TextEquiv>
          </Glyph>
          <Glyph id="w24409g1">
            <Coords points="819,739 823,739 823,785 819,785"/>
            <TextEquiv index="1" conf="0.9999140202999115">
              <Unicode>o</Unicode>
            </TextEquiv>
          </Glyph>
          <Glyph id="w24409g2">
            <Coords points="834,739 837,739 837,785 834,785"/>
            <TextEquiv index="1" conf="0.8558518290519714">
              <Unicode>c</Unicode>
            </TextEquiv>
          </Glyph>
          <TextEquiv index="1" conf="0.8546198433538817">
            <Unicode>hoc</Unicode>
          </TextEquiv>
        </Word>
        <Word id="w24410">
          <Coords points="852,739 878,739 878,785 852,785"/>
          <Glyph id="w24410g0">
            <Coords points="852,739 852,739 852,785 852,785"/>
            <TextEquiv index="1" conf="0.9999627768993378">
              <Unicode>n</Unicode>
            </TextEquiv>
          </Glyph>
          <Glyph id="w24410g1">
            <Coords points="874,739 878,739 878,785 874,785"/>
            <TextEquiv index="1" conf="0.9994137436151505">
              <Unicode>e</Unicode>
            </TextEquiv>
          </Glyph>
          <TextEquiv index="1" conf="0.9993765423367686">
            <Unicode>ne</Unicode>
          </TextEquiv>
        </Word>
        <TextEquiv index="1" conf="0.9813966660035981">
          <Unicode>Itane verò at ego vixdum illuxiſſe credidi. Sed hoc ne</Unicode>
        </TextEquiv>
      </TextLine>
      <TextLine id="r0_l021">
        <Coords points="20,834 20,828 21,826 427,818 429,820 430,819 431,820 435,820 436,819 709,813 710,813 710,805 710,804 861,801 862,800 879,800 881,798 882,798 882,797 882,794 881,793 880,793 879,792 865,792 864,792 864,786 863,784 860,784 859,783 847,783 846,783 846,776 846,775 239,789 238,788 108,791 107,790 20,791 19,791 19,786 19,785 18,785 17,786 17,806 17,807 17,811 16,812 17,813 17,834 18,834 20,834"/>
        <Word id="w24411">
          <Coords points="87,775 172,775 172,834 87,834"/>
          <Glyph id="w24411g0">
            <Coords points="87,775 87,775 87,834 87,834"/>
            <TextEquiv index="1" conf="0.9538357704877853">
              <Unicode>m</Unicode>
            </TextEquiv>
          </Glyph>
          <Glyph id="w24411g1">
            <Coords points="103,775 107,775 107,834 103,834"/>
            <TextEquiv index="1" conf="0.9979836195707321">
              <Unicode>i</Unicode>
            </TextEquiv>
          </Glyph>
          <Glyph id="w24411g2">
            <Coords points="114,775 118,775 118,834 114,834"/>
            <TextEquiv index="1" conf="0.9992696046829224">
              <Unicode>r</Unicode>
            </TextEquiv>
          </Glyph>
          <Glyph id="w24411g3">
            <Coords points="130,775 133,775 133,834 130,834"/>
            <TextEquiv index="1" conf="0.999493271112442">
              <Unicode>e</Unicode>
            </TextEquiv>
          </Glyph>
          <Glyph id="w24411g4">
            <Coords points="141,775 145,775 145,834 141,834"/>
            <TextEquiv index="1" conf="0.9998955577611923">
              <Unicode>r</Unicode>
            </TextEquiv>
          </Glyph>
          <Glyph id="w24411g5">
            <Coords points="156,775 160,775 160,834 156,834"/>
            <TextEquiv index="1" conf="0.9988530874252319">
              <Unicode>e</Unicode>
            </TextEquiv>
          </Glyph>
          <Glyph id="w24411g6">
            <Coords points="172,775 172,775 172,834 172,834"/>
            <TextEquiv index="1" conf="0.9729571640491486">
              <Unicode>,</Unicode>
            </TextEquiv>
          </Glyph>
          <TextEquiv index="1" conf="0.9238671939980042">
            <Unicode>mirere,</Unicode>
          </TextEquiv>
        </Word>
        <Word id="w24412">
          <Coords points="202,775 237,775 237,834 202,834"/>
          <Glyph id="w24412g0">
            <Coords points="202,775 210,775 210,834 202,834"/>
            <TextEquiv index="1" conf="0.9662305414676666">
              <Unicode>q</Unicode>
            </TextEquiv>
          </Glyph>
          <Glyph id="w24412g1">
            <Coords points="217,775 221,775 221,834 217,834"/>
            <TextEquiv index="1" conf="0.9856317341327667">
              <Unicode>u</Unicode>
            </TextEquiv>
          </Glyph>
          <Glyph id="w24412g2">
            <Coords points="237,775 237,775 237,834 237,834"/>
            <TextEquiv index="1" conf="0.9989438205957413">
              <Unicode>i</Unicode>
            </TextEquiv>
          </Glyph>
          <TextEquiv index="1" conf="0.9513416343603522">
            <Unicode>qui</Unicode>
          </TextEquiv>
        </Word>
        <Word id="w24413">
          <Coords points="267,775 290,775 290,834 267,834"/>
          <Glyph id="w24413g0">
            <Coords points="267,775 267,775 267,834 267,834"/>
            <TextEquiv index="1" conf="0.9998781383037567">
              <Unicode>m</Unicode>
            </TextEquiv>
          </Glyph>
          <Glyph id="w24413g1">
            <Coords points="286,775 290,775 290,834 286,834"/>
            <TextEquiv index="1" conf="0.9978822767734528">
              <Unicode>e</Unicode>
            </TextEquiv>
          </Glyph>
          <TextEquiv index="1" conf="0.997760673146554">
            <Unicode>me</Unicode>
          </TextEquiv>
        </Word>
        <Word id="w24414">
          <Coords points="309,775 374,775 374,834 309,834"/>
          <Glyph id="w24414g0">
            <Coords points="309,775 309,775 309,834 309,834"/>
            <TextEquiv index="1" conf="0.9999290108680725">
              <Unicode>n</Unicode>
            </TextEquiv>
          </Glyph>
          <Glyph id="w24414g1">
            <Coords points="332,775 336,775 336,834 332,834"/>
            <TextEquiv index="1" conf="0.9971972703933716">
              <Unicode>o</Unicode>
            </TextEquiv>
          </Glyph>
          <Glyph id="w24414g2">
            <Coords points="347,775 351,775 351,834 347,834"/>
            <TextEquiv index="1" conf="0.99643275141716">
              <Unicode>c</Unicode>
            </TextEquiv>
          </Glyph>
          <Glyph id="w24414g3">
            <Coords points="359,775 363,775 363,834 359,834"/>
            <TextEquiv index="1" conf="0.9973602592945099">
              <Unicode>t</Unicode>
            </TextEquiv>
          </Glyph>
          <Glyph id="w24414g4">
            <Coords points="370,775 374,775 374,834 370,834"/>
            <TextEquiv index="1" conf="0.996018573641777">
              <Unicode>u</Unicode>
            </TextEquiv>
          </Glyph>
          <TextEquiv index="1" conf="0.9870013350191412">
            <Unicode>noctu</Unicode>
          </TextEquiv>
        </Word>
        <Word id="w24415">
          <Coords points="401,775 458,775 458,834 401,834"/>
          <Glyph id="w24415g0">
            <Coords points="401,775 401,775 401,834 401,834"/>
            <TextEquiv index="1" conf="0.8721489459276199">
              <Unicode>f</Unicode>
            </TextEquiv>
          </Glyph>
          <Glyph id="w24415g1">
            <Coords points="413,775 413,775 413,834 413,834"/>
            <TextEquiv index="1" conf="0.9999685287475586">
              <Unicode>u</Unicode>
            </TextEquiv>
          </Glyph>
          <Glyph id="w24415g2">
            <Coords points="435,775 439,775 439,834 435,834"/>
            <TextEquiv index="1" conf="0.9954206645488739">
              <Unicode>g</Unicode>
            </TextEquiv>
          </Glyph>
          <Glyph id="w24415g3">
            <Coords points="447,775 447,775 447,834 447,834"/>
            <TextEquiv index="1" conf="0.9999209493398666">
              <Unicode>i</Unicode>
            </TextEquiv>
          </Glyph>
          <Glyph id="w24415g4">
            <Coords points="458,775 458,775 458,834 458,834"/>
            <TextEquiv index="1" conf="0.999406561255455">
              <Unicode>t</Unicode>
            </TextEquiv>
          </Glyph>
          <TextEquiv index="1" conf="0.8675439954169981">
            <Unicode>fugit</Unicode>
          </TextEquiv>
        </Word>
        <Word id="w24416">
          <Coords points="478,775 585,775 585,834 478,834"/>
          <Glyph id="w24416g0">
            <Coords points="478,775 478,775 478,834 478,834"/>
            <TextEquiv index="1" conf="0.9976262450218201">
              <Unicode>ſ</Unicode>
            </TextEquiv>
          </Glyph>
          <Glyph id="w24416g1">
            <Coords points="489,775 493,775 493,834 489,834"/>
            <TextEquiv index="1" conf="0.9996491819620132">
              <Unicode>o</Unicode>
            </TextEquiv>
          </Glyph>
          <Glyph id="w24416g2">
            <Coords points="512,775 516,775 516,834 512,834"/>
            <TextEquiv index="1" conf="0.9999641180038452">
              <Unicode>m</Unicode>
            </TextEquiv>
          </Glyph>
          <Glyph id="w24416g3">
            <Coords points="531,775 535,775 535,834 531,834"/>
            <TextEquiv index="1" conf="0.9998118728399277">
              <Unicode>n</Unicode>
            </TextEquiv>
          </Glyph>
          <Glyph id="w24416g4">
            <Coords points="550,775 550,775 550,834 550,834"/>
            <TextEquiv index="1" conf="0.9999440610408783">
              <Unicode>u</Unicode>
            </TextEquiv>
          </Glyph>
          <Glyph id="w24416g5">
            <Coords points="569,775 573,775 573,834 569,834"/>
            <TextEquiv index="1" conf="0.9999732673168182">
              <Unicode>s</Unicode>
            </TextEquiv>
          </Glyph>
          <Glyph id="w24416g6">
            <Coords points="585,775 585,775 585,834 585,834"/>
            <TextEquiv index="1" conf="0.989102765917778">
              <Unicode>,</Unicode>
            </TextEquiv>
          </Glyph>
          <TextEquiv index="1" conf="0.9861062206832912">
            <Unicode>ſomnus,</Unicode>
          </TextEquiv>
        </Word>
        <Word id="w24417">
          <Coords points="611,775 623,775 623,834 611,834"/>
          <Glyph id="w24417g0">
            <Coords points="611,775 615,775 615,834 611,834"/>
            <TextEquiv index="1" conf="0.985770046710968">
              <Unicode>ſ</Unicode>
            </TextEquiv>
          </Glyph>
          <Glyph id="w24417g1">
            <Coords points="623,775 623,775 623,834 623,834"/>
            <TextEquiv index="1" conf="0.9993036687374115">
              <Unicode>i</Unicode>
            </TextEquiv>
          </Glyph>
          <TextEquiv index="1" conf="0.9850836242097198">
            <Unicode>ſi</Unicode>
          </TextEquiv>
        </Word>
        <Word id="w24418">
          <Coords points="646,775 738,775 738,834 646,834"/>
          <Glyph id="w24418g0">
            <Coords points="646,775 650,775 650,834 646,834"/>
            <TextEquiv index="1" conf="0.9947450757026672">
              <Unicode>o</Unicode>
            </TextEquiv>
          </Glyph>
          <Glyph id="w24418g1">
            <Coords points="661,775 665,775 665,834 661,834"/>
            <TextEquiv index="1" conf="0.743829183280468">
              <Unicode>e</Unicode>
            </TextEquiv>
          </Glyph>
          <Glyph id="w24418g2">
            <Coords points="676,775 676,775 676,834 676,834"/>
            <TextEquiv index="1" conf="0.5110881142318249">
              <Unicode>c</Unicode>
            </TextEquiv>
          </Glyph>
          <Glyph id="w24418g3">
            <Coords points="684,775 688,775 688,834 684,834"/>
            <TextEquiv index="1" conf="0.9984134286642075">
              <Unicode>u</Unicode>
            </TextEquiv>
          </Glyph>
          <Glyph id="w24418g4">
            <Coords points="703,775 707,775 707,834 703,834"/>
            <TextEquiv index="1" conf="0.9986741095781326">
              <Unicode>p</Unicode>
            </TextEquiv>
          </Glyph>
          <Glyph id="w24418g5">
            <Coords points="726,775 726,775 726,834 726,834"/>
            <TextEquiv index="1" conf="0.999970555305481">
              <Unicode>e</Unicode>
            </TextEquiv>
          </Glyph>
          <Glyph id="w24418g6">
            <Coords points="738,775 738,775 738,834 738,834"/>
            <TextEquiv index="1" conf="0.9963235706090927">
              <Unicode>t</Unicode>
            </TextEquiv>
          </Glyph>
          <TextEquiv index="1" conf="0.3756666258521851">
            <Unicode>oecupet</Unicode>
          </TextEquiv>
        </Word>
        <Word id="w24419">
          <Coords points="757,775 875,775 875,834 757,834"/>
          <Glyph id="w24419g0">
            <Coords points="757,775 760,775 760,834 757,834"/>
            <TextEquiv index="1" conf="0.999239444732666">
              <Unicode>i</Unicode>
            </TextEquiv>
          </Glyph>
          <Glyph id="w24419g1">
            <Coords points="768,775 768,775 768,834 768,834"/>
            <TextEquiv index="1" conf="0.9991865903139114">
              <Unicode>n</Unicode>
            </TextEquiv>
          </Glyph>
          <Glyph id="w24419g2">
            <Coords points="787,775 787,775 787,834 787,834"/>
            <TextEquiv index="1" conf="0.9999769628047943">
              <Unicode>t</Unicode>
            </TextEquiv>
          </Glyph>
          <Glyph id="w24419g3">
            <Coords points="799,775 803,775 803,834 799,834"/>
            <TextEquiv index="1" conf="0.9999406784772873">
              <Unicode>e</Unicode>
            </TextEquiv>
          </Glyph>
          <Glyph id="w24419g4">
            <Coords points="814,775 814,775 814,834 814,834"/>
            <TextEquiv index="1" conf="0.9998156577348709">
              <Unicode>r</Unicode>
            </TextEquiv>
          </Glyph>
          <Glyph id="w24419g5">
            <Coords points="829,775 833,775 833,834 829,834"/>
            <TextEquiv index="1" conf="0.9997898638248444">
              <Unicode>d</Unicode>
            </TextEquiv>
          </Glyph>
          <Glyph id="w24419g6">
            <Coords points="841,775 845,775 845,834 841,834"/>
            <TextEquiv index="1" conf="0.9996779710054398">
              <Unicode>i</Unicode>
            </TextEquiv>
          </Glyph>
          <Glyph id="w24419g7">
            <Coords points="852,775 856,775 856,834 852,834"/>
            <TextEquiv index="1" conf="0.9339104443788528">
              <Unicode>u</Unicode>
            </TextEquiv>
          </Glyph>
          <Glyph id="w24419g8">
            <Coords points="875,775 875,775 875,834 875,834"/>
            <TextEquiv index="1" conf="0.9768394231796265">
              <Unicode>.</Unicode>
            </TextEquiv>
          </Glyph>
          <TextEquiv index="1" conf="0.9101177691220752">
            <Unicode>interdiu.</Unicode>
          </TextEquiv>
        </Word>
        <TextEquiv index="1" conf="0.9787787448953499">
          <Unicode>mirere, qui me noctu fugit ſomnus, ſi oecupet interdiu.</Unicode>
        </TextEquiv>
      </TextLine>
      <TextLine id="r0_l022">
        <Coords points="464,858 465,857 464,847 465,847 501,846 502,845 534,844 535,843 535,839 535,838 522,838 521,838 521,826 473,827 472,826 472,822 571,819 572,819 571,818 472,821 471,820 470,820 470,827 469,828 469,834 469,835 437,835 436,836 436,844 434,844 432,846 434,847 463,847 464,857 464,858"/>
        <Word id="w24420">
          <Coords points="471,818 529,818 529,858 471,858"/>
          <Glyph id="w24420g0">
            <Coords points="471,818 474,818 474,858 471,858"/>
            <TextEquiv index="1" conf="0.9464877098798752">
              <Unicode>I</Unicode>
            </TextEquiv>
          </Glyph>
          <Glyph id="w24420g1">
            <Coords points="498,818 516,818 516,858 498,858"/>
            <TextEquiv index="1" conf="0.983287900686264">
              <Unicode>M</Unicode>
            </TextEquiv>
          </Glyph>
          <Glyph id="w24420g2">
            <Coords points="526,818 529,818 529,858 526,858"/>
            <TextEquiv index="1" conf="0.8423112332820892">
              <Unicode>.</Unicode>
            </TextEquiv>
          </Glyph>
          <TextEquiv index="1" conf="0.783913722427627">
            <Unicode>IM.</Unicode>
          </TextEquiv>
        </Word>
        <TextEquiv index="1" conf="0.9240289479494095">
          <Unicode>IM.</Unicode>
        </TextEquiv>
      </TextLine>
      <TextLine id="r0_l023">
        <Coords points="729,885 730,884 732,884 732,883 732,877 733,877 873,874 873,873 873,869 874,869 883,869 884,867 884,866 885,865 885,864 883,863 871,863 871,862 871,858 869,857 840,858 839,857 827,857 826,856 796,857 796,856 796,850 795,850 230,862 229,861 211,861 210,860 209,861 199,862 198,863 113,864 112,865 109,866 109,867 110,868 110,888 112,889 257,886 258,887 724,877 724,878 724,884 726,885 729,885"/>
        <Word id="w24421">
          <Coords points="117,850 163,850 163,889 117,889"/>
          <Glyph id="w24421g0">
            <Coords points="117,850 128,850 128,889 117,889"/>
            <TextEquiv index="1" conf="0.9942522346973419">
              <Unicode>H</Unicode>
            </TextEquiv>
          </Glyph>
          <Glyph id="w24421g1">
            <Coords points="142,850 149,850 149,889 142,889"/>
            <TextEquiv index="1" conf="0.9997702091932297">
              <Unicode>o</Unicode>
            </TextEquiv>
          </Glyph>
          <Glyph id="w24421g2">
            <Coords points="159,850 163,850 163,889 159,889"/>
            <TextEquiv index="1" conf="0.9682486355304718">
              <Unicode>e</Unicode>
            </TextEquiv>
          </Glyph>
          <TextEquiv index="1" conf="0.9624621538306546">
            <Unicode>Hoe</Unicode>
          </TextEquiv>
        </Word>
        <Word id="w24422">
          <Coords points="180,850 236,850 236,889 180,889"/>
          <Glyph id="w24422g0">
            <Coords points="180,850 184,850 184,889 180,889"/>
            <TextEquiv index="1" conf="0.9985373318195343">
              <Unicode>n</Unicode>
            </TextEquiv>
          </Glyph>
          <Glyph id="w24422g1">
            <Coords points="198,850 201,850 201,889 198,889"/>
            <TextEquiv index="1" conf="0.9991152435541153">
              <Unicode>i</Unicode>
            </TextEquiv>
          </Glyph>
          <Glyph id="w24422g2">
            <Coords points="208,850 212,850 212,889 208,889"/>
            <TextEquiv index="1" conf="0.9997037798166275">
              <Unicode>h</Unicode>
            </TextEquiv>
          </Glyph>
          <Glyph id="w24422g3">
            <Coords points="226,850 229,850 229,889 226,889"/>
            <TextEquiv index="1" conf="0.9996904283761978">
              <Unicode>i</Unicode>
            </TextEquiv>
          </Glyph>
          <Glyph id="w24422g4">
            <Coords points="236,850 236,850 236,889 236,889"/>
            <TextEquiv index="1" conf="0.9979884326457977">
              <Unicode>l</Unicode>
            </TextEquiv>
          </Glyph>
          <TextEquiv index="1" conf="0.9950439580178254">
            <Unicode>nihil</Unicode>
          </TextEquiv>
        </Word>
        <Word id="w24423">
          <Coords points="268,850 338,850 338,889 268,889"/>
          <Glyph id="w24423g0">
            <Coords points="268,850 268,850 268,889 268,889"/>
            <TextEquiv index="1" conf="0.9834926873445511">
              <Unicode>m</Unicode>
            </TextEquiv>
          </Glyph>
          <Glyph id="w24423g1">
            <Coords points="285,850 285,850 285,889 285,889"/>
            <TextEquiv index="1" conf="0.9470741897821426">
              <Unicode>i</Unicode>
            </TextEquiv>
          </Glyph>
          <Glyph id="w24423g2">
            <Coords points="296,850 299,850 299,889 296,889"/>
            <TextEquiv index="1" conf="0.9965882152318954">
              <Unicode>r</Unicode>
            </TextEquiv>
          </Glyph>
          <Glyph id="w24423g3">
            <Coords points="310,850 317,850 317,889 310,889"/>
            <TextEquiv index="1" conf="0.9998717904090881">
              <Unicode>o</Unicode>
            </TextEquiv>
          </Glyph>
          <Glyph id="w24423g4">
            <Coords points="327,850 327,850 327,889 327,889"/>
            <TextEquiv index="1" conf="0.9972625821828842">
              <Unicode>r</Unicode>
            </TextEquiv>
          </Glyph>
          <Glyph id="w24423g5">
            <Coords points="338,850 338,850 338,889 338,889"/>
            <TextEquiv index="1" conf="0.9995291829109192">
              <Unicode>.</Unicode>
            </TextEquiv>
          </Glyph>
          <TextEquiv index="1" conf="0.925167146546877">
            <Unicode>miror.</Unicode>
          </TextEquiv>
        </Word>
        <Word id="w24424">
          <Coords points="383,850 562,850 562,889 383,889"/>
          <Glyph id="w24424g0">
            <Coords points="383,850 390,850 390,889 383,889"/>
            <TextEquiv index="1" conf="0.9999279230833054">
              <Unicode>S</Unicode>
            </TextEquiv>
          </Glyph>
          <Glyph id="w24424g1">
            <Coords points="404,850 408,850 408,889 404,889"/>
            <TextEquiv index="1" conf="0.9981781393289566">
              <Unicode>o</Unicode>
            </TextEquiv>
          </Glyph>
          <Glyph id="w24424g2">
            <Coords points="425,850 429,850 429,889 425,889"/>
            <TextEquiv index="1" conf="0.999565839767456">
              <Unicode>m</Unicode>
            </TextEquiv>
          </Glyph>
          <Glyph id="w24424g3">
            <Coords points="446,850 446,850 446,889 446,889"/>
            <TextEquiv index="1" conf="0.9999603927135468">
              <Unicode>n</Unicode>
            </TextEquiv>
          </Glyph>
          <Glyph id="w24424g4">
            <Coords points="464,850 464,850 464,889 464,889"/>
            <TextEquiv index="1" conf="0.9998245984315872">
              <Unicode>i</Unicode>
            </TextEquiv>
          </Glyph>
          <Glyph id="w24424g5">
            <Coords points="478,850 478,850 478,889 478,889"/>
            <TextEquiv index="1" conf="0.9971403777599335">
              <Unicode>c</Unicode>
            </TextEquiv>
          </Glyph>
          <Glyph id="w24424g6">
            <Coords points="485,850 488,850 488,889 485,889"/>
            <TextEquiv index="1" conf="0.9994580000638962">
              <Unicode>u</Unicode>
            </TextEquiv>
          </Glyph>
          <Glyph id="w24424g7">
            <Coords points="502,850 506,850 506,889 502,889"/>
            <TextEquiv index="1" conf="0.998455673456192">
              <Unicode>l</Unicode>
            </TextEquiv>
          </Glyph>
          <Glyph id="w24424g8">
            <Coords points="516,850 520,850 520,889 516,889"/>
            <TextEquiv index="1" conf="0.9999421834945679">
              <Unicode>o</Unicode>
            </TextEquiv>
          </Glyph>
          <Glyph id="w24424g9">
            <Coords points="530,850 530,850 530,889 530,889"/>
            <TextEquiv index="1" conf="0.9992267340421677">
              <Unicode>ſ</Unicode>
            </TextEquiv>
          </Glyph>
          <Glyph id="w24424g10">
            <Coords points="544,850 548,850 548,889 544,889"/>
            <TextEquiv index="1" conf="0.9989389926195145">
              <Unicode>o</Unicode>
            </TextEquiv>
          </Glyph>
          <Glyph id="w24424g11">
            <Coords points="558,850 562,850 562,889 558,889"/>
            <TextEquiv index="1" conf="0.9990447610616684">
              <Unicode>s</Unicode>
            </TextEquiv>
          </Glyph>
          <TextEquiv index="1" conf="0.9897084080245852">
            <Unicode>Somniculoſos</Unicode>
          </TextEquiv>
        </Word>
        <Word id="w24425">
          <Coords points="586,850 695,850 695,889 586,889"/>
          <Glyph id="w24425g0">
            <Coords points="586,850 586,850 586,889 586,889"/>
            <TextEquiv index="1" conf="0.9997890144586563">
              <Unicode>h</Unicode>
            </TextEquiv>
          </Glyph>
          <Glyph id="w24425g1">
            <Coords points="607,850 611,850 611,889 607,889"/>
            <TextEquiv index="1" conf="0.9999160617589951">
              <Unicode>o</Unicode>
            </TextEquiv>
          </Glyph>
          <Glyph id="w24425g2">
            <Coords points="628,850 632,850 632,889 628,889"/>
            <TextEquiv index="1" conf="0.999988466501236">
              <Unicode>m</Unicode>
            </TextEquiv>
          </Glyph>
          <Glyph id="w24425g3">
            <Coords points="649,850 649,850 649,889 649,889"/>
            <TextEquiv index="1" conf="0.9998555928468704">
              <Unicode>i</Unicode>
            </TextEquiv>
          </Glyph>
          <Glyph id="w24425g4">
            <Coords points="660,850 660,850 660,889 660,889"/>
            <TextEquiv index="1" conf="0.9998489022254944">
              <Unicode>n</Unicode>
            </TextEquiv>
          </Glyph>
          <Glyph id="w24425g5">
            <Coords points="681,850 681,850 681,889 681,889"/>
            <TextEquiv index="1" conf="0.9999550879001617">
              <Unicode>e</Unicode>
            </TextEquiv>
          </Glyph>
          <Glyph id="w24425g6">
            <Coords points="691,850 695,850 695,889 691,889"/>
            <TextEquiv index="1" conf="0.9999037533998489">
              <Unicode>s</Unicode>
            </TextEquiv>
          </Glyph>
          <TextEquiv index="1" conf="0.9992571018420251">
            <Unicode>homines</Unicode>
          </TextEquiv>
        </Word>
        <Word id="w24426">
          <Coords points="723,850 807,850 807,889 723,889"/>
          <Glyph id="w24426g0">
            <Coords points="723,850 730,850 730,889 723,889"/>
            <TextEquiv index="1" conf="0.9988622516393661">
              <Unicode>q</Unicode>
            </TextEquiv>
          </Glyph>
          <Glyph id="w24426g1">
            <Coords points="737,850 740,850 740,889 737,889"/>
            <TextEquiv index="1" conf="0.9812104552984238">
              <Unicode>u</Unicode>
            </TextEquiv>
          </Glyph>
          <Glyph id="w24426g2">
            <Coords points="761,850 765,850 765,889 761,889"/>
            <TextEquiv index="1" conf="0.9998008161783218">
              <Unicode>o</Unicode>
            </TextEquiv>
          </Glyph>
          <Glyph id="w24426g3">
            <Coords points="779,850 782,850 782,889 779,889"/>
            <TextEquiv index="1" conf="0.9530676007270813">
              <Unicode>v</Unicode>
            </TextEquiv>
          </Glyph>
          <Glyph id="w24426g4">
            <Coords points="789,850 793,850 793,889 789,889"/>
            <TextEquiv index="1" conf="0.9999477565288544">
              <Unicode>i</Unicode>
            </TextEquiv>
          </Glyph>
          <Glyph id="w24426g5">
            <Coords points="803,850 807,850 807,889 803,889"/>
            <TextEquiv index="1" conf="0.9995867162942886">
              <Unicode>s</Unicode>
            </TextEquiv>
          </Glyph>
          <TextEquiv index="1" conf="0.933475120751409">
            <Unicode>quovis</Unicode>
          </TextEquiv>
        </Word>
        <Word id="w24427">
          <Coords points="824,850 880,850 880,889 824,889"/>
          <Glyph id="w24427g0">
            <Coords points="824,850 828,850 828,889 824,889"/>
            <TextEquiv index="1" conf="0.9982626438140869">
              <Unicode>t</Unicode>
            </TextEquiv>
          </Glyph>
          <Glyph id="w24427g1">
            <Coords points="838,850 838,850 838,889 838,889"/>
            <TextEquiv index="1" conf="0.9999965131282806">
              <Unicode>e</Unicode>
            </TextEquiv>
          </Glyph>
          <Glyph id="w24427g2">
            <Coords points="859,850 859,850 859,889 859,889"/>
            <TextEquiv index="1" conf="0.9999792575836182">
              <Unicode>m</Unicode>
            </TextEquiv>
          </Glyph>
          <Glyph id="w24427g3">
            <Coords points="877,850 880,850 880,889 877,889"/>
            <TextEquiv index="1" conf="0.9996166378259659">
              <Unicode>-</Unicode>
            </TextEquiv>
          </Glyph>
          <TextEquiv index="1" conf="0.9978557698281274">
            <Unicode>tem-</Unicode>
          </TextEquiv>
        </Word>
        <TextEquiv index="1" conf="0.9957956203392574">
          <Unicode>Hoe nihil miror. Somniculoſos homines quovis tem-</Unicode>
        </TextEquiv>
      </TextLine>
      <TextLine id="r0_l024">
        <Coords points="21,942 21,937 22,936 80,935 81,934 626,922 627,923 628,922 628,919 629,918 881,913 881,912 882,912 884,910 885,910 886,909 886,904 882,901 869,901 869,900 869,896 867,895 864,895 864,893 863,892 828,893 828,892 827,887 826,886 570,891 569,892 157,901 156,900 155,901 154,900 22,902 21,897 21,896 18,897 16,898 17,931 18,932 18,942 19,942 21,942"/>
        <Word id="w24428">
          <Coords points="80,886 132,886 132,942 80,942"/>
          <Glyph id="w24428g0">
            <Coords points="80,886 80,886 80,942 80,942"/>
            <TextEquiv index="1" conf="0.999875470995903">
              <Unicode>p</Unicode>
            </TextEquiv>
          </Glyph>
          <Glyph id="w24428g1">
            <Coords points="97,886 104,886 104,942 97,942"/>
            <TextEquiv index="1" conf="0.9994641095399857">
              <Unicode>o</Unicode>
            </TextEquiv>
          </Glyph>
          <Glyph id="w24428g2">
            <Coords points="115,886 115,886 115,942 115,942"/>
            <TextEquiv index="1" conf="0.9999933540821075">
              <Unicode>r</Unicode>
            </TextEquiv>
          </Glyph>
          <Glyph id="w24428g3">
            <Coords points="129,886 132,886 132,942 129,942"/>
            <TextEquiv index="1" conf="0.9995602518320084">
              <Unicode>e</Unicode>
            </TextEquiv>
          </Glyph>
          <TextEquiv index="1" conf="0.9988935508820636">
            <Unicode>pore</Unicode>
          </TextEquiv>
        </Word>
        <Word id="w24429">
          <Coords points="146,886 241,886 241,942 146,942"/>
          <Glyph id="w24429g0">
            <Coords points="146,886 146,886 146,942 146,942"/>
            <TextEquiv index="1" conf="0.9987872838973999">
              <Unicode>ſ</Unicode>
            </TextEquiv>
          </Glyph>
          <Glyph id="w24429g1">
            <Coords points="160,886 164,886 164,942 160,942"/>
            <TextEquiv index="1" conf="0.9998500347137451">
              <Unicode>o</Unicode>
            </TextEquiv>
          </Glyph>
          <Glyph id="w24429g2">
            <Coords points="185,886 185,886 185,942 185,942"/>
            <TextEquiv index="1" conf="0.9999721050262451">
              <Unicode>m</Unicode>
            </TextEquiv>
          </Glyph>
          <Glyph id="w24429g3">
            <Coords points="202,886 202,886 202,942 202,942"/>
            <TextEquiv index="1" conf="0.9998347908258438">
              <Unicode>n</Unicode>
            </TextEquiv>
          </Glyph>
          <Glyph id="w24429g4">
            <Coords points="220,886 223,886 223,942 220,942"/>
            <TextEquiv index="1" conf="0.9992305636405945">
              <Unicode>u</Unicode>
            </TextEquiv>
          </Glyph>
          <Glyph id="w24429g5">
            <Coords points="241,886 241,886 241,942 241,942"/>
            <TextEquiv index="1" conf="0.9999157637357712">
              <Unicode>s</Unicode>
            </TextEquiv>
          </Glyph>
          <TextEquiv index="1" conf="0.997592383872823">
            <Unicode>ſomnus</Unicode>
          </TextEquiv>
        </Word>
        <Word id="w24430">
          <Coords points="265,886 367,886 367,942 265,942"/>
          <Glyph id="w24430g0">
            <Coords points="265,886 269,886 269,942 265,942"/>
            <TextEquiv index="1" conf="0.9992397129535675">
              <Unicode>o</Unicode>
            </TextEquiv>
          </Glyph>
          <Glyph id="w24430g1">
            <Coords points="283,886 283,886 283,942 283,942"/>
            <TextEquiv index="1" conf="0.7448939308524132">
              <Unicode>e</Unicode>
            </TextEquiv>
          </Glyph>
          <Glyph id="w24430g2">
            <Coords points="297,886 297,886 297,942 297,942"/>
            <TextEquiv index="1" conf="0.9568488895893097">
              <Unicode>c</Unicode>
            </TextEquiv>
          </Glyph>
          <Glyph id="w24430g3">
            <Coords points="304,886 307,886 307,942 304,942"/>
            <TextEquiv index="1" conf="0.9996437728404999">
              <Unicode>u</Unicode>
            </TextEquiv>
          </Glyph>
          <Glyph id="w24430g4">
            <Coords points="325,886 325,886 325,942 325,942"/>
            <TextEquiv index="1" conf="0.9994897097349167">
              <Unicode>p</Unicode>
            </TextEquiv>
          </Glyph>
          <Glyph id="w24430g5">
            <Coords points="339,886 342,886 342,942 339,942"/>
            <TextEquiv index="1" conf="0.9995051771402359">
              <Unicode>a</Unicode>
            </TextEquiv>
          </Glyph>
          <Glyph id="w24430g6">
            <Coords points="356,886 356,886 356,942 356,942"/>
            <TextEquiv index="1" conf="0.9993243962526321">
              <Unicode>t</Unicode>
            </TextEquiv>
          </Glyph>
          <Glyph id="w24430g7">
            <Coords points="367,886 367,886 367,942 367,942"/>
            <TextEquiv index="1" conf="0.9847836196422577">
              <Unicode>.</Unicode>
            </TextEquiv>
          </Glyph>
          <TextEquiv index="1" conf="0.6999442095794062">
            <Unicode>oecupat.</Unicode>
          </TextEquiv>
        </Word>
        <Word id="w24431">
          <Coords points="405,886 528,886 528,942 405,942"/>
          <Glyph id="w24431g0">
            <Coords points="405,886 412,886 412,942 405,942"/>
            <TextEquiv index="1" conf="0.9990184307098389">
              <Unicode>D</Unicode>
            </TextEquiv>
          </Glyph>
          <Glyph id="w24431g1">
            <Coords points="423,886 426,886 426,942 423,942"/>
            <TextEquiv index="1" conf="0.9940255731344223">
              <Unicode>o</Unicode>
            </TextEquiv>
          </Glyph>
          <Glyph id="w24431g2">
            <Coords points="440,886 440,886 440,942 440,942"/>
            <TextEquiv index="1" conf="0.9998976141214371">
              <Unicode>r</Unicode>
            </TextEquiv>
          </Glyph>
          <Glyph id="w24431g3">
            <Coords points="461,886 461,886 461,942 461,942"/>
            <TextEquiv index="1" conf="0.9979017078876495">
              <Unicode>m</Unicode>
            </TextEquiv>
          </Glyph>
          <Glyph id="w24431g4">
            <Coords points="475,886 479,886 479,942 475,942"/>
            <TextEquiv index="1" conf="0.9955540746450424">
              <Unicode>i</Unicode>
            </TextEquiv>
          </Glyph>
          <Glyph id="w24431g5">
            <Coords points="489,886 489,886 489,942 489,942"/>
            <TextEquiv index="1" conf="0.9916094988584518">
              <Unicode>t</Unicode>
            </TextEquiv>
          </Glyph>
          <Glyph id="w24431g6">
            <Coords points="500,886 500,886 500,942 500,942"/>
            <TextEquiv index="1" conf="0.9996684789657593">
              <Unicode>u</Unicode>
            </TextEquiv>
          </Glyph>
          <Glyph id="w24431g7">
            <Coords points="524,886 528,886 528,942 524,942"/>
            <TextEquiv index="1" conf="0.9999231696128845">
              <Unicode>m</Unicode>
            </TextEquiv>
          </Glyph>
          <TextEquiv index="1" conf="0.977783082105247">
            <Unicode>Dormitum</Unicode>
          </TextEquiv>
        </Word>
        <Word id="w24432">
          <Coords points="545,886 598,886 598,942 545,942"/>
          <Glyph id="w24432g0">
            <Coords points="545,886 549,886 549,942 545,942"/>
            <TextEquiv index="1" conf="0.9991567730903625">
              <Unicode>a</Unicode>
            </TextEquiv>
          </Glyph>
          <Glyph id="w24432g1">
            <Coords points="566,886 570,886 570,942 566,942"/>
            <TextEquiv index="1" conf="0.9999842643737793">
              <Unicode>d</Unicode>
            </TextEquiv>
          </Glyph>
          <Glyph id="w24432g2">
            <Coords points="584,886 584,886 584,942 584,942"/>
            <TextEquiv index="1" conf="0.999946802854538">
              <Unicode>e</Unicode>
            </TextEquiv>
          </Glyph>
          <Glyph id="w24432g3">
            <Coords points="594,886 598,886 598,942 594,942"/>
            <TextEquiv index="1" conf="0.9689055979251862">
              <Unicode>ò</Unicode>
            </TextEquiv>
          </Glyph>
          <TextEquiv index="1" conf="0.9680218584327068">
            <Unicode>adeò</Unicode>
          </TextEquiv>
        </Word>
        <Word id="w24433">
          <Coords points="622,886 657,886 657,942 622,942"/>
          <Glyph id="w24433g0">
            <Coords points="622,886 626,886 626,942 622,942"/>
            <TextEquiv index="1" conf="0.9968123584985733">
              <Unicode>p</Unicode>
            </TextEquiv>
          </Glyph>
          <Glyph id="w24433g1">
            <Coords points="643,886 647,886 647,942 643,942"/>
            <TextEquiv index="1" conf="0.9999092668294907">
              <Unicode>e</Unicode>
            </TextEquiv>
          </Glyph>
          <Glyph id="w24433g2">
            <Coords points="657,886 657,886 657,942 657,942"/>
            <TextEquiv index="1" conf="0.9602685421705246">
              <Unicode>r</Unicode>
            </TextEquiv>
          </Glyph>
          <TextEquiv index="1" conf="0.9571206998371119">
            <Unicode>per</Unicode>
          </TextEquiv>
        </Word>
        <Word id="w24434">
          <Coords points="682,886 706,886 706,942 682,942"/>
          <Glyph id="w24434g0">
            <Coords points="682,886 685,886 685,942 682,942"/>
            <TextEquiv index="1" conf="0.9992692470550537">
              <Unicode>m</Unicode>
            </TextEquiv>
          </Glyph>
          <Glyph id="w24434g1">
            <Coords points="703,886 706,886 706,942 703,942"/>
            <TextEquiv index="1" conf="0.9990063607692719">
              <Unicode>e</Unicode>
            </TextEquiv>
          </Glyph>
          <TextEquiv index="1" conf="0.9982763339291196">
            <Unicode>me</Unicode>
          </TextEquiv>
        </Word>
        <Word id="w24435">
          <Coords points="724,886 801,886 801,942 724,942"/>
          <Glyph id="w24435g0">
            <Coords points="724,886 727,886 727,942 724,942"/>
            <TextEquiv index="1" conf="0.9999779760837555">
              <Unicode>r</Unicode>
            </TextEquiv>
          </Glyph>
          <Glyph id="w24435g1">
            <Coords points="738,886 741,886 741,942 738,942"/>
            <TextEquiv index="1" conf="0.998943492770195">
              <Unicode>e</Unicode>
            </TextEquiv>
          </Glyph>
          <Glyph id="w24435g2">
            <Coords points="755,886 759,886 759,942 755,942"/>
            <TextEquiv index="1" conf="0.9996693134307861">
              <Unicode>d</Unicode>
            </TextEquiv>
          </Glyph>
          <Glyph id="w24435g3">
            <Coords points="769,886 773,886 773,942 769,942"/>
            <TextEquiv index="1" conf="0.999941036105156">
              <Unicode>e</Unicode>
            </TextEquiv>
          </Glyph>
          <Glyph id="w24435g4">
            <Coords points="780,886 783,886 783,942 780,942"/>
            <TextEquiv index="1" conf="0.9792083501815796">
              <Unicode>a</Unicode>
            </TextEquiv>
          </Glyph>
          <Glyph id="w24435g5">
            <Coords points="797,886 801,886 801,942 797,942"/>
            <TextEquiv index="1" conf="0.9998558908700943">
              <Unicode>s</Unicode>
            </TextEquiv>
          </Glyph>
          <TextEquiv index="1" conf="0.9776302421008116">
            <Unicode>redeas</Unicode>
          </TextEquiv>
        </Word>
        <Word id="w24436">
          <Coords points="815,886 881,886 881,942 815,942"/>
          <Glyph id="w24436g0">
            <Coords points="815,886 815,886 815,942 815,942"/>
            <TextEquiv index="1" conf="0.9086962342262268">
              <Unicode>l</Unicode>
            </TextEquiv>
          </Glyph>
          <Glyph id="w24436g1">
            <Coords points="822,886 822,886 822,942 822,942"/>
            <TextEquiv index="1" conf="0.9998511672019958">
              <Unicode>i</Unicode>
            </TextEquiv>
          </Glyph>
          <Glyph id="w24436g2">
            <Coords points="836,886 836,886 836,942 836,942"/>
            <TextEquiv index="1" conf="0.9889086782932281">
              <Unicode>c</Unicode>
            </TextEquiv>
          </Glyph>
          <Glyph id="w24436g3">
            <Coords points="850,886 850,886 850,942 850,942"/>
            <TextEquiv index="1" conf="0.999915361404419">
              <Unicode>e</Unicode>
            </TextEquiv>
          </Glyph>
          <Glyph id="w24436g4">
            <Coords points="860,886 864,886 864,942 860,942"/>
            <TextEquiv index="1" conf="0.9988553524017334">
              <Unicode>t</Unicode>
            </TextEquiv>
          </Glyph>
          <Glyph id="w24436g5">
            <Coords points="878,886 881,886 881,942 878,942"/>
            <TextEquiv index="1" conf="0.9850478321313858">
              <Unicode>,</Unicode>
            </TextEquiv>
          </Glyph>
          <TextEquiv index="1" conf="0.883961673394192">
            <Unicode>licet,</Unicode>
          </TextEquiv>
        </Word>
        <TextEquiv index="1" conf="0.9895066929134455">
          <Unicode>pore ſomnus oecupat. Dormitum adeò per me redeas licet,</Unicode>
        </TextEquiv>
      </TextLine>
      <TextLine id="r0_l025">
        <Coords points="21,974 21,973 22,972 462,963 463,964 464,963 469,963 469,962 469,957 712,951 713,952 713,953 783,952 784,952 784,954 784,955 785,954 785,948 874,946 875,945 875,944 883,944 886,941 886,936 884,935 873,935 872,934 872,931 871,930 870,930 869,929 848,929 847,929 847,922 847,921 843,922 842,921 781,922 780,923 598,927 597,928 356,933 355,932 152,937 151,936 149,936 148,936 148,939 148,940 19,942 17,944 18,970 19,971 19,974 20,974 21,974"/>
        <Word id="w24437">
          <Coords points="84,921 123,921 123,974 84,974"/>
          <Glyph id="w24437g0">
            <Coords points="84,921 84,921 84,974 84,974"/>
            <TextEquiv index="1" conf="0.7146626561880112">
              <Unicode>c</Unicode>
            </TextEquiv>
          </Glyph>
          <Glyph id="w24437g1">
            <Coords points="91,921 95,921 95,974 91,974"/>
            <TextEquiv index="1" conf="0.9693465083837509">
              <Unicode>u</Unicode>
            </TextEquiv>
          </Glyph>
          <Glyph id="w24437g2">
            <Coords points="119,921 123,921 123,974 119,974"/>
            <TextEquiv index="1" conf="0.9996914863586426">
              <Unicode>m</Unicode>
            </TextEquiv>
          </Glyph>
          <TextEquiv index="1" conf="0.6925420258489636">
            <Unicode>cum</Unicode>
          </TextEquiv>
        </Word>
        <Word id="w24438">
          <Coords points="147,921 329,921 329,974 147,974"/>
          <Glyph id="w24438g0">
            <Coords points="147,921 147,921 147,974 147,974"/>
            <TextEquiv index="1" conf="0.9997052997350693">
              <Unicode>i</Unicode>
            </TextEquiv>
          </Glyph>
          <Glyph id="w24438g1">
            <Coords points="158,921 161,921 161,974 158,974"/>
            <TextEquiv index="1" conf="0.9998980909585953">
              <Unicode>n</Unicode>
            </TextEquiv>
          </Glyph>
          <Glyph id="w24438g2">
            <Coords points="175,921 179,921 179,974 175,974"/>
            <TextEquiv index="1" conf="0.9974468499422073">
              <Unicode>t</Unicode>
            </TextEquiv>
          </Glyph>
          <Glyph id="w24438g3">
            <Coords points="189,921 193,921 193,974 189,974"/>
            <TextEquiv index="1" conf="0.9999540448188782">
              <Unicode>e</Unicode>
            </TextEquiv>
          </Glyph>
          <Glyph id="w24438g4">
            <Coords points="203,921 203,921 203,974 203,974"/>
            <TextEquiv index="1" conf="0.999929815530777">
              <Unicode>r</Unicode>
            </TextEquiv>
          </Glyph>
          <Glyph id="w24438g5">
            <Coords points="214,921 217,921 217,974 214,974"/>
            <TextEquiv index="1" conf="0.9990524649620056">
              <Unicode>r</Unicode>
            </TextEquiv>
          </Glyph>
          <Glyph id="w24438g6">
            <Coords points="231,921 235,921 235,974 231,974"/>
            <TextEquiv index="1" conf="0.9997511655092239">
              <Unicode>o</Unicode>
            </TextEquiv>
          </Glyph>
          <Glyph id="w24438g7">
            <Coords points="249,921 252,921 252,974 249,974"/>
            <TextEquiv index="1" conf="0.9568624347448349">
              <Unicode>g</Unicode>
            </TextEquiv>
          </Glyph>
          <Glyph id="w24438g8">
            <Coords points="259,921 263,921 263,974 259,974"/>
            <TextEquiv index="1" conf="0.9996495842933655">
              <Unicode>a</Unicode>
            </TextEquiv>
          </Glyph>
          <Glyph id="w24438g9">
            <Coords points="280,921 284,921 284,974 280,974"/>
            <TextEquiv index="1" conf="0.9368802160024643">
              <Unicode>v</Unicode>
            </TextEquiv>
          </Glyph>
          <Glyph id="w24438g10">
            <Coords points="298,921 298,921 298,974 298,974"/>
            <TextEquiv index="1" conf="0.9986187666654587">
              <Unicode>e</Unicode>
            </TextEquiv>
          </Glyph>
          <Glyph id="w24438g11">
            <Coords points="308,921 311,921 311,974 308,974"/>
            <TextEquiv index="1" conf="0.9916969984769821">
              <Unicode>r</Unicode>
            </TextEquiv>
          </Glyph>
          <Glyph id="w24438g12">
            <Coords points="325,921 329,921 329,974 325,974"/>
            <TextEquiv index="1" conf="0.999300017952919">
              <Unicode>o</Unicode>
            </TextEquiv>
          </Glyph>
          <TextEquiv index="1" conf="0.8830865117131874">
            <Unicode>interrogavero</Unicode>
          </TextEquiv>
        </Word>
        <Word id="w24439">
          <Coords points="350,921 367,921 367,974 350,974"/>
          <Glyph id="w24439g0">
            <Coords points="350,921 353,921 353,974 350,974"/>
            <TextEquiv index="1" conf="0.9995175004005432">
              <Unicode>d</Unicode>
            </TextEquiv>
          </Glyph>
          <Glyph id="w24439g1">
            <Coords points="364,921 367,921 367,974 364,974"/>
            <TextEquiv index="1" conf="0.9994169175624847">
              <Unicode>e</Unicode>
            </TextEquiv>
          </Glyph>
          <TextEquiv index="1" conf="0.9989346993000705">
            <Unicode>de</Unicode>
          </TextEquiv>
        </Word>
        <Word id="w24440">
          <Coords points="392,921 427,921 427,974 392,974"/>
          <Glyph id="w24440g0">
            <Coords points="392,921 392,921 392,974 392,974"/>
            <TextEquiv index="1" conf="0.9377281069755554">
              <Unicode>r</Unicode>
            </TextEquiv>
          </Glyph>
          <Glyph id="w24440g1">
            <Coords points="406,921 406,921 406,974 406,974"/>
            <TextEquiv index="1" conf="0.9994088709354401">
              <Unicode>e</Unicode>
            </TextEquiv>
          </Glyph>
          <Glyph id="w24440g2">
            <Coords points="423,921 427,921 427,974 423,974"/>
            <TextEquiv index="1" conf="0.7655639946460724">
              <Unicode>,</Unicode>
            </TextEquiv>
          </Glyph>
          <TextEquiv index="1" conf="0.7174665093064341">
            <Unicode>re,</Unicode>
          </TextEquiv>
        </Word>
        <Word id="w24441">
          <Coords points="458,921 500,921 500,974 458,974"/>
          <Glyph id="w24441g0">
            <Coords points="458,921 462,921 462,974 458,974"/>
            <TextEquiv index="1" conf="0.9945682138204575">
              <Unicode>q</Unicode>
            </TextEquiv>
          </Glyph>
          <Glyph id="w24441g1">
            <Coords points="472,921 476,921 476,974 472,974"/>
            <TextEquiv index="1" conf="0.9990267008543015">
              <Unicode>u</Unicode>
            </TextEquiv>
          </Glyph>
          <Glyph id="w24441g2">
            <Coords points="497,921 500,921 500,974 497,974"/>
            <TextEquiv index="1" conf="0.9588624835014343">
              <Unicode>æ</Unicode>
            </TextEquiv>
          </Glyph>
          <TextEquiv index="1" conf="0.9527259567484007">
            <Unicode>quæ</Unicode>
          </TextEquiv>
        </Word>
        <Word id="w24442">
          <Coords points="525,921 539,921 539,974 525,974"/>
          <Glyph id="w24442g0">
            <Coords points="525,921 539,921 539,974 525,974"/>
            <TextEquiv index="1" conf="0.9922411143779755">
              <Unicode>&amp;</Unicode>
            </TextEquiv>
          </Glyph>
          <TextEquiv index="1" conf="0.9922411143779755">
            <Unicode>&amp;</Unicode>
          </TextEquiv>
        </Word>
        <Word id="w24443">
          <Coords points="567,921 615,921 615,974 567,974"/>
          <Glyph id="w24443g0">
            <Coords points="567,921 570,921 570,974 567,974"/>
            <TextEquiv index="1" conf="0.9995083063840866">
              <Unicode>m</Unicode>
            </TextEquiv>
          </Glyph>
          <Glyph id="w24443g1">
            <Coords points="584,921 588,921 588,974 584,974"/>
            <TextEquiv index="1" conf="0.9992152601480484">
              <Unicode>i</Unicode>
            </TextEquiv>
          </Glyph>
          <Glyph id="w24443g2">
            <Coords points="595,921 598,921 598,974 595,974"/>
            <TextEquiv index="1" conf="0.9991151839494705">
              <Unicode>h</Unicode>
            </TextEquiv>
          </Glyph>
          <Glyph id="w24443g3">
            <Coords points="612,921 615,921 615,974 612,974"/>
            <TextEquiv index="1" conf="0.9994822144508362">
              <Unicode>i</Unicode>
            </TextEquiv>
          </Glyph>
          <TextEquiv index="1" conf="0.9973235981307947">
            <Unicode>mihi</Unicode>
          </TextEquiv>
        </Word>
        <Word id="w24444">
          <Coords points="633,921 738,921 738,974 633,974"/>
          <Glyph id="w24444g0">
            <Coords points="633,921 633,921 633,974 633,974"/>
            <TextEquiv index="1" conf="0.9895298033952713">
              <Unicode>n</Unicode>
            </TextEquiv>
          </Glyph>
          <Glyph id="w24444g1">
            <Coords points="650,921 654,921 654,974 650,974"/>
            <TextEquiv index="1" conf="0.9686597287654877">
              <Unicode>u</Unicode>
            </TextEquiv>
          </Glyph>
          <Glyph id="w24444g2">
            <Coords points="668,921 671,921 671,974 668,974"/>
            <TextEquiv index="1" conf="0.9998812973499298">
              <Unicode>n</Unicode>
            </TextEquiv>
          </Glyph>
          <Glyph id="w24444g3">
            <Coords points="692,921 692,921 692,974 692,974"/>
            <TextEquiv index="1" conf="0.9823009371757507">
              <Unicode>c</Unicode>
            </TextEquiv>
          </Glyph>
          <Glyph id="w24444g4">
            <Coords points="699,921 703,921 703,974 699,974"/>
            <TextEquiv index="1" conf="0.6608364135026932">
              <Unicode>i</Unicode>
            </TextEquiv>
          </Glyph>
          <Glyph id="w24444g5">
            <Coords points="710,921 713,921 713,974 710,974"/>
            <TextEquiv index="1" conf="0.9994938224554062">
              <Unicode>a</Unicode>
            </TextEquiv>
          </Glyph>
          <Glyph id="w24444g6">
            <Coords points="724,921 727,921 727,974 724,974"/>
            <TextEquiv index="1" conf="0.9996325373649597">
              <Unicode>t</Unicode>
            </TextEquiv>
          </Glyph>
          <Glyph id="w24444g7">
            <Coords points="734,921 738,921 738,974 734,974"/>
            <TextEquiv index="1" conf="0.9973109662532806">
              <Unicode>a</Unicode>
            </TextEquiv>
          </Glyph>
          <TextEquiv index="1" conf="0.6199236217789478">
            <Unicode>nunciata</Unicode>
          </TextEquiv>
        </Word>
        <Word id="w24445">
          <Coords points="762,921 787,921 787,974 762,974"/>
          <Glyph id="w24445g0">
            <Coords points="762,921 766,921 766,974 762,974"/>
            <TextEquiv index="1" conf="0.9999569654464722">
              <Unicode>e</Unicode>
            </TextEquiv>
          </Glyph>
          <Glyph id="w24445g1">
            <Coords points="773,921 776,921 776,974 773,974"/>
            <TextEquiv index="1" conf="0.9838345050811768">
              <Unicode>ſ</Unicode>
            </TextEquiv>
          </Glyph>
          <Glyph id="w24445g2">
            <Coords points="783,921 787,921 787,974 783,974"/>
            <TextEquiv index="1" conf="0.9992780238389969">
              <Unicode>t</Unicode>
            </TextEquiv>
          </Glyph>
          <TextEquiv index="1" conf="0.9830818917111255">
            <Unicode>eſt</Unicode>
          </TextEquiv>
        </Word>
        <Word id="w24446">
          <Coords points="801,921 878,921 878,974 801,974"/>
          <Glyph id="w24446g0">
            <Coords points="801,921 804,921 804,974 801,974"/>
            <TextEquiv index="1" conf="0.9958672970533371">
              <Unicode>a</Unicode>
            </TextEquiv>
          </Glyph>
          <Glyph id="w24446g1">
            <Coords points="815,921 818,921 818,974 815,974"/>
            <TextEquiv index="1" conf="0.999630868434906">
              <Unicode>b</Unicode>
            </TextEquiv>
          </Glyph>
          <Glyph id="w24446g2">
            <Coords points="836,921 836,921 836,974 836,974"/>
            <TextEquiv index="1" conf="0.9990862309932709">
              <Unicode>ſ</Unicode>
            </TextEquiv>
          </Glyph>
          <Glyph id="w24446g3">
            <Coords points="846,921 850,921 850,974 846,974"/>
            <TextEquiv index="1" conf="0.9997339248657227">
              <Unicode>e</Unicode>
            </TextEquiv>
          </Glyph>
          <Glyph id="w24446g4">
            <Coords points="857,921 860,921 860,974 857,974"/>
            <TextEquiv index="1" conf="0.9996132105588913">
              <Unicode>n</Unicode>
            </TextEquiv>
          </Glyph>
          <Glyph id="w24446g5">
            <Coords points="878,921 878,921 878,974 878,974"/>
            <TextEquiv index="1" conf="0.9984271973371506">
              <Unicode>-</Unicode>
            </TextEquiv>
          </Glyph>
          <TextEquiv index="1" conf="0.9923775312501719">
            <Unicode>abſen-</Unicode>
          </TextEquiv>
        </Word>
        <TextEquiv index="1" conf="0.9768570645288988">
          <Unicode>cum interrogavero de re, quæ &amp; mihi nunciata eſt abſen-</Unicode>
        </TextEquiv>
      </TextLine>
      <TextLine id="r0_l026">
        <Coords points="23,1015 22,1014 22,1010 22,1004 22,1003 110,1002 113,998 476,991 477,992 484,991 485,992 485,999 487,999 488,1000 491,1000 492,1000 492,993 492,992 631,989 632,988 708,986 709,985 793,984 795,982 796,982 796,981 796,978 794,976 782,976 781,975 781,969 780,968 778,968 776,966 776,959 775,959 774,959 773,958 769,958 768,959 767,959 767,960 290,971 288,969 288,968 176,970 175,971 20,974 19,975 19,978 18,979 19,991 18,992 15,992 15,1014 16,1015 19,1015 20,1015 23,1015"/>
        <Word id="w24447">
          <Coords points="83,958 108,958 108,1015 83,1015"/>
          <Glyph id="w24447g0">
            <Coords points="83,958 83,958 83,1015 83,1015"/>
            <TextEquiv index="1" conf="0.9970926940441132">
              <Unicode>t</Unicode>
            </TextEquiv>
          </Glyph>
          <Glyph id="w24447g1">
            <Coords points="94,958 94,958 94,1015 94,1015"/>
            <TextEquiv index="1" conf="0.9973771423101425">
              <Unicode>i</Unicode>
            </TextEquiv>
          </Glyph>
          <Glyph id="w24447g2">
            <Coords points="108,958 108,958 108,1015 108,1015"/>
            <TextEquiv index="1" conf="0.9967476278543472">
              <Unicode>,</Unicode>
            </TextEquiv>
          </Glyph>
          <TextEquiv index="1" conf="0.9912430510077879">
            <Unicode>ti,</Unicode>
          </TextEquiv>
        </Word>
        <Word id="w24448">
          <Coords points="141,958 156,958 156,1015 141,1015"/>
          <Glyph id="w24448g0">
            <Coords points="141,958 156,958 156,1015 141,1015"/>
            <TextEquiv index="1" conf="0.9979987144470215">
              <Unicode>&amp;</Unicode>
            </TextEquiv>
          </Glyph>
          <TextEquiv index="1" conf="0.9979987144470215">
            <Unicode>&amp;</Unicode>
          </TextEquiv>
        </Word>
        <Word id="w24449">
          <Coords points="174,958 221,958 221,1015 174,1015"/>
          <Glyph id="w24449g0">
            <Coords points="174,958 178,958 178,1015 174,1015"/>
            <TextEquiv index="1" conf="0.9975787401199341">
              <Unicode>h</Unicode>
            </TextEquiv>
          </Glyph>
          <Glyph id="w24449g1">
            <Coords points="196,958 200,958 200,1015 196,1015"/>
            <TextEquiv index="1" conf="0.9998789280653">
              <Unicode>e</Unicode>
            </TextEquiv>
          </Glyph>
          <Glyph id="w24449g2">
            <Coords points="210,958 210,958 210,1015 210,1015"/>
            <TextEquiv index="1" conf="0.9999720752239227">
              <Unicode>r</Unicode>
            </TextEquiv>
          </Glyph>
          <Glyph id="w24449g3">
            <Coords points="221,958 221,958 221,1015 221,1015"/>
            <TextEquiv index="1" conf="0.9990362972021103">
              <Unicode>i</Unicode>
            </TextEquiv>
          </Glyph>
          <TextEquiv index="1" conf="0.9964688813562982">
            <Unicode>heri</Unicode>
          </TextEquiv>
        </Word>
        <Word id="w24450">
          <Coords points="243,958 254,958 254,1015 243,1015"/>
          <Glyph id="w24450g0">
            <Coords points="243,958 243,958 243,1015 243,1015"/>
            <TextEquiv index="1" conf="0.9993922859430313">
              <Unicode>i</Unicode>
            </TextEquiv>
          </Glyph>
          <Glyph id="w24450g1">
            <Coords points="254,958 254,958 254,1015 254,1015"/>
            <TextEquiv index="1" conf="0.998928889632225">
              <Unicode>n</Unicode>
            </TextEquiv>
          </Glyph>
          <TextEquiv index="1" conf="0.9983218265040834">
            <Unicode>in</Unicode>
          </TextEquiv>
        </Word>
        <Word id="w24451">
          <Coords points="284,958 342,958 342,1015 284,1015"/>
          <Glyph id="w24451g0">
            <Coords points="284,958 287,958 287,1015 284,1015"/>
            <TextEquiv index="1" conf="0.9821268320083618">
              <Unicode>h</Unicode>
            </TextEquiv>
          </Glyph>
          <Glyph id="w24451g1">
            <Coords points="302,958 305,958 305,1015 302,1015"/>
            <TextEquiv index="1" conf="0.997312918305397">
              <Unicode>a</Unicode>
            </TextEquiv>
          </Glyph>
          <Glyph id="w24451g2">
            <Coords points="316,958 320,958 320,1015 316,1015"/>
            <TextEquiv index="1" conf="0.9993421584367752">
              <Unicode>n</Unicode>
            </TextEquiv>
          </Glyph>
          <Glyph id="w24451g3">
            <Coords points="338,958 342,958 342,1015 338,1015"/>
            <TextEquiv index="1" conf="0.5246286720503122">
              <Unicode>e</Unicode>
            </TextEquiv>
          </Glyph>
          <TextEquiv index="1" conf="0.5135293284094797">
            <Unicode>hane</Unicode>
          </TextEquiv>
        </Word>
        <Word id="w24452">
          <Coords points="360,958 433,958 433,1015 360,1015"/>
          <Glyph id="w24452g0">
            <Coords points="360,958 364,958 364,1015 360,1015"/>
            <TextEquiv index="1" conf="0.9997443705797195">
              <Unicode>u</Unicode>
            </TextEquiv>
          </Glyph>
          <Glyph id="w24452g1">
            <Coords points="379,958 382,958 382,1015 379,1015"/>
            <TextEquiv index="1" conf="0.9933278262615204">
              <Unicode>r</Unicode>
            </TextEquiv>
          </Glyph>
          <Glyph id="w24452g2">
            <Coords points="390,958 393,958 393,1015 390,1015"/>
            <TextEquiv index="1" conf="0.9971057623624802">
              <Unicode>b</Unicode>
            </TextEquiv>
          </Glyph>
          <Glyph id="w24452g3">
            <Coords points="411,958 411,958 411,1015 411,1015"/>
            <TextEquiv index="1" conf="0.9999912977218628">
              <Unicode>e</Unicode>
            </TextEquiv>
          </Glyph>
          <Glyph id="w24452g4">
            <Coords points="430,958 433,958 433,1015 430,1015"/>
            <TextEquiv index="1" conf="0.9999761581420898">
              <Unicode>m</Unicode>
            </TextEquiv>
          </Glyph>
          <TextEquiv index="1" conf="0.9901674855911993">
            <Unicode>urbem</Unicode>
          </TextEquiv>
        </Word>
        <Word id="w24453">
          <Coords points="463,958 569,958 569,1015 463,1015"/>
          <Glyph id="w24453g0">
            <Coords points="463,958 463,958 463,1015 463,1015"/>
            <TextEquiv index="1" conf="0.9988522529602051">
              <Unicode>r</Unicode>
            </TextEquiv>
          </Glyph>
          <Glyph id="w24453g1">
            <Coords points="477,958 477,958 477,1015 477,1015"/>
            <TextEquiv index="1" conf="0.7972839027643204">
              <Unicode>e</Unicode>
            </TextEquiv>
          </Glyph>
          <Glyph id="w24453g2">
            <Coords points="492,958 496,958 496,1015 492,1015"/>
            <TextEquiv index="1" conf="0.9988215118646622">
              <Unicode>d</Unicode>
            </TextEquiv>
          </Glyph>
          <Glyph id="w24453g3">
            <Coords points="506,958 510,958 510,1015 506,1015"/>
            <TextEquiv index="1" conf="0.9990109354257584">
              <Unicode>e</Unicode>
            </TextEquiv>
          </Glyph>
          <Glyph id="w24453g4">
            <Coords points="517,958 521,958 521,1015 517,1015"/>
            <TextEquiv index="1" conf="0.9981130659580231">
              <Unicode>u</Unicode>
            </TextEquiv>
          </Glyph>
          <Glyph id="w24453g5">
            <Coords points="536,958 539,958 539,1015 536,1015"/>
            <TextEquiv index="1" conf="0.9995714128017426">
              <Unicode>n</Unicode>
            </TextEquiv>
          </Glyph>
          <Glyph id="w24453g6">
            <Coords points="554,958 558,958 558,1015 554,1015"/>
            <TextEquiv index="1" conf="0.996251791715622">
              <Unicode>t</Unicode>
            </TextEquiv>
          </Glyph>
          <Glyph id="w24453g7">
            <Coords points="565,958 569,958 569,1015 565,1015"/>
            <TextEquiv index="1" conf="0.9961322247982025">
              <Unicode>i</Unicode>
            </TextEquiv>
          </Glyph>
          <TextEquiv index="1" conf="0.7867777176357452">
            <Unicode>redeunti</Unicode>
          </TextEquiv>
        </Word>
        <Word id="w24454">
          <Coords points="591,958 722,958 722,1015 591,1015"/>
          <Glyph id="w24454g0">
            <Coords points="591,958 591,958 591,1015 591,1015"/>
            <TextEquiv index="1" conf="0.991802766919136">
              <Unicode>c</Unicode>
            </TextEquiv>
          </Glyph>
          <Glyph id="w24454g1">
            <Coords points="605,958 609,958 609,1015 605,1015"/>
            <TextEquiv index="1" conf="0.9997717887163162">
              <Unicode>o</Unicode>
            </TextEquiv>
          </Glyph>
          <Glyph id="w24454g2">
            <Coords points="620,958 620,958 620,1015 620,1015"/>
            <TextEquiv index="1" conf="0.9995992034673691">
              <Unicode>n</Unicode>
            </TextEquiv>
          </Glyph>
          <Glyph id="w24454g3">
            <Coords points="638,958 638,958 638,1015 638,1015"/>
            <TextEquiv index="1" conf="0.61532261967659">
              <Unicode>f</Unicode>
            </TextEquiv>
          </Glyph>
          <Glyph id="w24454g4">
            <Coords points="645,958 645,958 645,1015 645,1015"/>
            <TextEquiv index="1" conf="0.9989424645900726">
              <Unicode>i</Unicode>
            </TextEquiv>
          </Glyph>
          <Glyph id="w24454g5">
            <Coords points="656,958 660,958 660,1015 656,1015"/>
            <TextEquiv index="1" conf="0.7857400923967361">
              <Unicode>r</Unicode>
            </TextEquiv>
          </Glyph>
          <Glyph id="w24454g6">
            <Coords points="678,958 678,958 678,1015 678,1015"/>
            <TextEquiv index="1" conf="0.9999845623970032">
              <Unicode>m</Unicode>
            </TextEquiv>
          </Glyph>
          <Glyph id="w24454g7">
            <Coords points="693,958 697,958 697,1015 693,1015"/>
            <TextEquiv index="1" conf="0.9991779625415802">
              <Unicode>a</Unicode>
            </TextEquiv>
          </Glyph>
          <Glyph id="w24454g8">
            <Coords points="711,958 711,958 711,1015 711,1015"/>
            <TextEquiv index="1" conf="0.9999571144580841">
              <Unicode>t</Unicode>
            </TextEquiv>
          </Glyph>
          <Glyph id="w24454g9">
            <Coords points="718,958 722,958 722,1015 718,1015"/>
            <TextEquiv index="1" conf="0.9996521919965744">
              <Unicode>a</Unicode>
            </TextEquiv>
          </Glyph>
          <TextEquiv index="1" conf="0.47812428544137703">
            <Unicode>confirmata</Unicode>
          </TextEquiv>
        </Word>
        <Word id="w24455">
          <Coords points="751,958 788,958 788,1015 751,1015"/>
          <Glyph id="w24455g0">
            <Coords points="751,958 751,958 751,1015 751,1015"/>
            <TextEquiv index="1" conf="0.9993128627538681">
              <Unicode>e</Unicode>
            </TextEquiv>
          </Glyph>
          <Glyph id="w24455g1">
            <Coords points="762,958 762,958 762,1015 762,1015"/>
            <TextEquiv index="1" conf="0.9899446070194244">
              <Unicode>ſ</Unicode>
            </TextEquiv>
          </Glyph>
          <Glyph id="w24455g2">
            <Coords points="773,958 773,958 773,1015 773,1015"/>
            <TextEquiv index="1" conf="0.9993329793214798">
              <Unicode>t</Unicode>
            </TextEquiv>
          </Glyph>
          <Glyph id="w24455g3">
            <Coords points="788,958 788,958 788,1015 788,1015"/>
            <TextEquiv index="1" conf="0.989721342921257">
              <Unicode>.</Unicode>
            </TextEquiv>
          </Glyph>
          <TextEquiv index="1" conf="0.9784429925693586">
            <Unicode>eſt.</Unicode>
          </TextEquiv>
        </Word>
        <TextEquiv index="1" conf="0.97173617573512">
          <Unicode>ti, &amp; heri in hane urbem redeunti confirmata eſt.</Unicode>
        </TextEquiv>
      </TextLine>
      <TextLine id="r0_l027">
        <Coords points="536,1026 538,1024 537,1023 537,1021 537,1020 523,1021 521,1019 521,1009 519,1009 517,1008 514,1008 514,1009 490,1009 489,1009 489,1002 490,1001 489,1000 488,1000 487,999 485,999 485,1000 485,1009 458,1010 457,1009 457,1006 458,1006 459,1005 459,1004 458,1004 431,1005 430,1004 429,1004 428,1005 428,1006 429,1006 431,1007 431,1008 432,1009 432,1023 432,1024 431,1024 430,1024 430,1027 432,1029 490,1027 491,1026 500,1026 533,1025 534,1026 536,1026"/>
        <Word id="w24456">
          <Coords points="432,999 535,999 535,1029 432,1029"/>
          <Glyph id="w24456g0">
            <Coords points="432,999 457,999 457,1029 432,1029"/>
            <TextEquiv index="1" conf="0.9980659931898117">
              <Unicode>M</Unicode>
            </TextEquiv>
          </Glyph>
          <Glyph id="w24456g1">
            <Coords points="486,999 486,999 486,1029 486,1029"/>
            <TextEquiv index="1" conf="0.8897934257984161">
              <Unicode>i</Unicode>
            </TextEquiv>
          </Glyph>
          <Glyph id="w24456g2">
            <Coords points="519,999 519,999 519,1029 519,1029"/>
            <TextEquiv index="1" conf="0.9702824652194977">
              <Unicode>S</Unicode>
            </TextEquiv>
          </Glyph>
          <Glyph id="w24456g3">
            <Coords points="531,999 535,999 535,1029 531,1029"/>
            <TextEquiv index="1" conf="0.9065709859132767">
              <Unicode>.</Unicode>
            </TextEquiv>
          </Glyph>
          <TextEquiv index="1" conf="0.7811752041152108">
            <Unicode>MiS.</Unicode>
          </TextEquiv>
        </Word>
        <TextEquiv index="1" conf="0.9411782175302505">
          <Unicode>MiS.</Unicode>
        </TextEquiv>
      </TextLine>
      <TextLine id="r0_l028">
        <Coords points="115,1081 889,1064 888,1028 114,1045 115,1081"/>
        <Word id="w24457">
          <Coords points="119,1028 266,1028 266,1081 119,1081"/>
          <Glyph id="w24457g0">
            <Coords points="119,1028 119,1028 119,1081 119,1081"/>
            <TextEquiv index="1" conf="0.999536857008934">
              <Unicode>I</Unicode>
            </TextEquiv>
          </Glyph>
          <Glyph id="w24457g1">
            <Coords points="130,1028 130,1028 130,1081 130,1081"/>
            <TextEquiv index="1" conf="0.9983616769313812">
              <Unicode>n</Unicode>
            </TextEquiv>
          </Glyph>
          <Glyph id="w24457g2">
            <Coords points="149,1028 149,1028 149,1081 149,1081"/>
            <TextEquiv index="1" conf="0.9999595880508423">
              <Unicode>t</Unicode>
            </TextEquiv>
          </Glyph>
          <Glyph id="w24457g3">
            <Coords points="160,1028 163,1028 163,1081 160,1081"/>
            <TextEquiv index="1" conf="0.9994381219148636">
              <Unicode>e</Unicode>
            </TextEquiv>
          </Glyph>
          <Glyph id="w24457g4">
            <Coords points="174,1028 174,1028 174,1081 174,1081"/>
            <TextEquiv index="1" conf="0.9909424483776093">
              <Unicode>r</Unicode>
            </TextEquiv>
          </Glyph>
          <Glyph id="w24457g5">
            <Coords points="185,1028 189,1028 189,1081 185,1081"/>
            <TextEquiv index="1" conf="0.9948487728834152">
              <Unicode>r</Unicode>
            </TextEquiv>
          </Glyph>
          <Glyph id="w24457g6">
            <Coords points="204,1028 207,1028 207,1081 204,1081"/>
            <TextEquiv index="1" conf="0.9998424649238586">
              <Unicode>o</Unicode>
            </TextEquiv>
          </Glyph>
          <Glyph id="w24457g7">
            <Coords points="222,1028 222,1028 222,1081 222,1081"/>
            <TextEquiv index="1" conf="0.9997427463531494">
              <Unicode>g</Unicode>
            </TextEquiv>
          </Glyph>
          <Glyph id="w24457g8">
            <Coords points="233,1028 233,1028 233,1081 233,1081"/>
            <TextEquiv index="1" conf="0.7787401676177979">
              <Unicode>a</Unicode>
            </TextEquiv>
          </Glyph>
          <Glyph id="w24457g9">
            <Coords points="247,1028 251,1028 251,1081 247,1081"/>
            <TextEquiv index="1" conf="0.9975562542676926">
              <Unicode>r</Unicode>
            </TextEquiv>
          </Glyph>
          <Glyph id="w24457g10">
            <Coords points="262,1028 266,1028 266,1081 262,1081"/>
            <TextEquiv index="1" conf="0.9980169087648392">
              <Unicode>e</Unicode>
            </TextEquiv>
          </Glyph>
          <TextEquiv index="1" conf="0.7619356372310234">
            <Unicode>Interrogare</Unicode>
          </TextEquiv>
        </Word>
        <Word id="w24458">
          <Coords points="284,1028 361,1028 361,1081 284,1081"/>
          <Glyph id="w24458g0">
            <Coords points="284,1028 288,1028 288,1081 284,1081"/>
            <TextEquiv index="1" conf="0.9933789074420929">
              <Unicode>p</Unicode>
            </TextEquiv>
          </Glyph>
          <Glyph id="w24458g1">
            <Coords points="306,1028 310,1028 310,1081 306,1081"/>
            <TextEquiv index="1" conf="0.9999027252197266">
              <Unicode>o</Unicode>
            </TextEquiv>
          </Glyph>
          <Glyph id="w24458g2">
            <Coords points="321,1028 321,1028 321,1081 321,1081"/>
            <TextEquiv index="1" conf="0.9999030232429504">
              <Unicode>t</Unicode>
            </TextEquiv>
          </Glyph>
          <Glyph id="w24458g3">
            <Coords points="331,1028 335,1028 335,1081 331,1081"/>
            <TextEquiv index="1" conf="0.9998976737260818">
              <Unicode>e</Unicode>
            </TextEquiv>
          </Glyph>
          <Glyph id="w24458g4">
            <Coords points="346,1028 346,1028 346,1081 346,1081"/>
            <TextEquiv index="1" conf="0.9998629242181778">
              <Unicode>s</Unicode>
            </TextEquiv>
          </Glyph>
          <Glyph id="w24458g5">
            <Coords points="361,1028 361,1028 361,1081 361,1081"/>
            <TextEquiv index="1" conf="0.9306326359510422">
              <Unicode>,</Unicode>
            </TextEquiv>
          </Glyph>
          <TextEquiv index="1" conf="0.924069995708529">
            <Unicode>potes,</Unicode>
          </TextEquiv>
        </Word>
        <Word id="w24459">
          <Coords points="390,1028 496,1028 496,1081 390,1081"/>
          <Glyph id="w24459g0">
            <Coords points="390,1028 397,1028 397,1081 390,1081"/>
            <TextEquiv index="1" conf="0.9863042235374451">
              <Unicode>q</Unicode>
            </TextEquiv>
          </Glyph>
          <Glyph id="w24459g1">
            <Coords points="405,1028 408,1028 408,1081 405,1081"/>
            <TextEquiv index="1" conf="0.9498539865016937">
              <Unicode>u</Unicode>
            </TextEquiv>
          </Glyph>
          <Glyph id="w24459g2">
            <Coords points="423,1028 427,1028 427,1081 423,1081"/>
            <TextEquiv index="1" conf="0.9998609274625778">
              <Unicode>a</Unicode>
            </TextEquiv>
          </Glyph>
          <Glyph id="w24459g3">
            <Coords points="438,1028 441,1028 441,1081 438,1081"/>
            <TextEquiv index="1" conf="0.9996369630098343">
              <Unicode>n</Unicode>
            </TextEquiv>
          </Glyph>
          <Glyph id="w24459g4">
            <Coords points="456,1028 459,1028 459,1081 456,1081"/>
            <TextEquiv index="1" conf="0.9971302598714828">
              <Unicode>t</Unicode>
            </TextEquiv>
          </Glyph>
          <Glyph id="w24459g5">
            <Coords points="467,1028 470,1028 470,1081 467,1081"/>
            <TextEquiv index="1" conf="0.9993852227926254">
              <Unicode>u</Unicode>
            </TextEquiv>
          </Glyph>
          <Glyph id="w24459g6">
            <Coords points="496,1028 496,1028 496,1081 496,1081"/>
            <TextEquiv index="1" conf="0.9999022036790848">
              <Unicode>m</Unicode>
            </TextEquiv>
          </Glyph>
          <TextEquiv index="1" conf="0.9330222303737422">
            <Unicode>quantum</Unicode>
          </TextEquiv>
        </Word>
        <Word id="w24460">
          <Coords points="525,1028 598,1028 598,1081 525,1081"/>
          <Glyph id="w24460g0">
            <Coords points="525,1028 533,1028 533,1081 525,1081"/>
            <TextEquiv index="1" conf="0.9997535645961761">
              <Unicode>v</Unicode>
            </TextEquiv>
          </Glyph>
          <Glyph id="w24460g1">
            <Coords points="544,1028 547,1028 547,1081 544,1081"/>
            <TextEquiv index="1" conf="0.9993968307971954">
              <Unicode>o</Unicode>
            </TextEquiv>
          </Glyph>
          <Glyph id="w24460g2">
            <Coords points="558,1028 558,1028 558,1081 558,1081"/>
            <TextEquiv index="1" conf="0.9996408075094223">
              <Unicode>l</Unicode>
            </TextEquiv>
          </Glyph>
          <Glyph id="w24460g3">
            <Coords points="569,1028 573,1028 573,1081 569,1081"/>
            <TextEquiv index="1" conf="0.9999646842479706">
              <Unicode>e</Unicode>
            </TextEquiv>
          </Glyph>
          <Glyph id="w24460g4">
            <Coords points="584,1028 587,1028 587,1081 584,1081"/>
            <TextEquiv index="1" conf="0.9998783618211746">
              <Unicode>s</Unicode>
            </TextEquiv>
          </Glyph>
          <Glyph id="w24460g5">
            <Coords points="598,1028 598,1028 598,1081 598,1081"/>
            <TextEquiv index="1" conf="0.9991026818752289">
              <Unicode>,</Unicode>
            </TextEquiv>
          </Glyph>
          <TextEquiv index="1" conf="0.9977388034843608">
            <Unicode>voles,</Unicode>
          </TextEquiv>
        </Word>
        <Word id="w24461">
          <Coords points="628,1028 661,1028 661,1081 628,1081"/>
          <Glyph id="w24461g0">
            <Coords points="628,1028 628,1028 628,1081 628,1081"/>
            <TextEquiv index="1" conf="0.9994456619024277">
              <Unicode>ſ</Unicode>
            </TextEquiv>
          </Glyph>
          <Glyph id="w24461g1">
            <Coords points="639,1028 642,1028 642,1081 639,1081"/>
            <TextEquiv index="1" conf="0.99918432533741">
              <Unicode>e</Unicode>
            </TextEquiv>
          </Glyph>
          <Glyph id="w24461g2">
            <Coords points="653,1028 661,1028 661,1081 653,1081"/>
            <TextEquiv index="1" conf="0.9997791647911072">
              <Unicode>d</Unicode>
            </TextEquiv>
          </Glyph>
          <TextEquiv index="1" conf="0.9984099066376868">
            <Unicode>ſed</Unicode>
          </TextEquiv>
        </Word>
        <Word id="w24462">
          <Coords points="682,1028 730,1028 730,1081 682,1081"/>
          <Glyph id="w24462g0">
            <Coords points="682,1028 682,1028 682,1081 682,1081"/>
            <TextEquiv index="1" conf="0.999547466635704">
              <Unicode>e</Unicode>
            </TextEquiv>
          </Glyph>
          <Glyph id="w24462g1">
            <Coords points="693,1028 693,1028 693,1081 693,1081"/>
            <TextEquiv index="1" conf="0.9989248663187027">
              <Unicode>n</Unicode>
            </TextEquiv>
          </Glyph>
          <Glyph id="w24462g2">
            <Coords points="712,1028 712,1028 712,1081 712,1081"/>
            <TextEquiv index="1" conf="0.9999464750289917">
              <Unicode>i</Unicode>
            </TextEquiv>
          </Glyph>
          <Glyph id="w24462g3">
            <Coords points="730,1028 730,1028 730,1081 730,1081"/>
            <TextEquiv index="1" conf="0.9999946057796478">
              <Unicode>m</Unicode>
            </TextEquiv>
          </Glyph>
          <TextEquiv index="1" conf="0.9984139905654335">
            <Unicode>enim</Unicode>
          </TextEquiv>
        </Word>
        <Word id="w24463">
          <Coords points="759,1028 880,1028 880,1081 759,1081"/>
          <Glyph id="w24463g0">
            <Coords points="759,1028 763,1028 763,1081 759,1081"/>
            <TextEquiv index="1" conf="0.9991834312677383">
              <Unicode>ſ</Unicode>
            </TextEquiv>
          </Glyph>
          <Glyph id="w24463g1">
            <Coords points="774,1028 774,1028 774,1081 774,1081"/>
            <TextEquiv index="1" conf="0.9997470527887344">
              <Unicode>e</Unicode>
            </TextEquiv>
          </Glyph>
          <Glyph id="w24463g2">
            <Coords points="789,1028 792,1028 792,1081 789,1081"/>
            <TextEquiv index="1" conf="0.9999901652336121">
              <Unicode>d</Unicode>
            </TextEquiv>
          </Glyph>
          <Glyph id="w24463g3">
            <Coords points="807,1028 807,1028 807,1081 807,1081"/>
            <TextEquiv index="1" conf="0.9999852478504181">
              <Unicode>e</Unicode>
            </TextEquiv>
          </Glyph>
          <Glyph id="w24463g4">
            <Coords points="818,1028 818,1028 818,1081 818,1081"/>
            <TextEquiv index="1" conf="0.9999575018882751">
              <Unicode>n</Unicode>
            </TextEquiv>
          </Glyph>
          <Glyph id="w24463g5">
            <Coords points="840,1028 847,1028 847,1081 840,1081"/>
            <TextEquiv index="1" conf="0.9999134987592697">
              <Unicode>d</Unicode>
            </TextEquiv>
          </Glyph>
          <Glyph id="w24463g6">
            <Coords points="858,1028 862,1028 862,1081 858,1081"/>
            <TextEquiv index="1" conf="0.9993078410625458">
              <Unicode>o</Unicode>
            </TextEquiv>
          </Glyph>
          <Glyph id="w24463g7">
            <Coords points="880,1028 880,1028 880,1081 880,1081"/>
            <TextEquiv index="1" conf="0.9982684403657913">
              <Unicode>,</Unicode>
            </TextEquiv>
          </Glyph>
          <TextEquiv index="1" conf="0.9963577175707141">
            <Unicode>ſedendo,</Unicode>
          </TextEquiv>
        </Word>
        <TextEquiv index="1" conf="0.99183822174867">
          <Unicode>Interrogare potes, quantum voles, ſed enim ſedendo,</Unicode>
        </TextEquiv>
      </TextLine>
      <TextLine id="r0_l029">
        <Coords points="91,1117 92,1116 278,1112 279,1111 280,1111 280,1110 280,1108 281,1108 348,1106 348,1104 349,1103 693,1096 696,1098 697,1098 698,1099 699,1099 700,1097 700,1096 702,1094 702,1093 699,1091 698,1091 697,1090 685,1090 685,1089 685,1083 682,1080 671,1080 670,1075 670,1074 659,1075 658,1074 658,1072 570,1074 569,1073 567,1073 566,1074 544,1074 543,1075 544,1080 543,1080 294,1086 294,1085 294,1080 292,1079 148,1082 147,1081 24,1083 23,1080 23,1079 20,1083 20,1089 19,1090 16,1090 16,1109 17,1110 17,1112 18,1113 20,1113 20,1114 21,1114 77,1113 77,1114 77,1115 78,1115 89,1115 91,1117"/>
        <Word id="w24464">
          <Coords points="87,1072 146,1072 146,1117 87,1117"/>
          <Glyph id="w24464g0">
            <Coords points="87,1072 95,1072 95,1117 87,1117"/>
            <TextEquiv index="1" conf="0.9991954118013382">
              <Unicode>q</Unicode>
            </TextEquiv>
          </Glyph>
          <Glyph id="w24464g1">
            <Coords points="102,1072 105,1072 105,1117 102,1117"/>
            <TextEquiv index="1" conf="0.9861304312944412">
              <Unicode>u</Unicode>
            </TextEquiv>
          </Glyph>
          <Glyph id="w24464g2">
            <Coords points="124,1072 127,1072 127,1117 124,1117"/>
            <TextEquiv index="1" conf="0.988841637969017">
              <Unicode>o</Unicode>
            </TextEquiv>
          </Glyph>
          <Glyph id="w24464g3">
            <Coords points="142,1072 146,1072 146,1117 142,1117"/>
            <TextEquiv index="1" conf="0.9998757988214493">
              <Unicode>d</Unicode>
            </TextEquiv>
          </Glyph>
          <TextEquiv index="1" conf="0.9742212409354905">
            <Unicode>quod</Unicode>
          </TextEquiv>
        </Word>
        <Word id="w24465">
          <Coords points="171,1072 222,1072 222,1117 171,1117"/>
          <Glyph id="w24465g0">
            <Coords points="171,1072 171,1072 171,1117 171,1117"/>
            <TextEquiv index="1" conf="0.999020904302597">
              <Unicode>ſ</Unicode>
            </TextEquiv>
          </Glyph>
          <Glyph id="w24465g1">
            <Coords points="182,1072 186,1072 186,1117 182,1117"/>
            <TextEquiv index="1" conf="0.6142011135816574">
              <Unicode>c</Unicode>
            </TextEquiv>
          </Glyph>
          <Glyph id="w24465g2">
            <Coords points="193,1072 193,1072 193,1117 193,1117"/>
            <TextEquiv index="1" conf="0.9995730966329575">
              <Unicode>i</Unicode>
            </TextEquiv>
          </Glyph>
          <Glyph id="w24465g3">
            <Coords points="204,1072 208,1072 208,1117 204,1117"/>
            <TextEquiv index="1" conf="0.9987518489360809">
              <Unicode>r</Unicode>
            </TextEquiv>
          </Glyph>
          <Glyph id="w24465g4">
            <Coords points="219,1072 222,1072 222,1117 219,1117"/>
            <TextEquiv index="1" conf="0.9990707039833069">
              <Unicode>e</Unicode>
            </TextEquiv>
          </Glyph>
          <TextEquiv index="1" conf="0.6120030049145344">
            <Unicode>ſcire</Unicode>
          </TextEquiv>
        </Word>
        <Word id="w24466">
          <Coords points="244,1072 317,1072 317,1117 244,1117"/>
          <Glyph id="w24466g0">
            <Coords points="244,1072 248,1072 248,1117 244,1117"/>
            <TextEquiv index="1" conf="0.6499542044475675">
              <Unicode>c</Unicode>
            </TextEquiv>
          </Glyph>
          <Glyph id="w24466g1">
            <Coords points="255,1072 259,1072 259,1117 255,1117"/>
            <TextEquiv index="1" conf="0.9985215365886688">
              <Unicode>u</Unicode>
            </TextEquiv>
          </Glyph>
          <Glyph id="w24466g2">
            <Coords points="274,1072 274,1072 274,1117 274,1117"/>
            <TextEquiv index="1" conf="0.9929987639188766">
              <Unicode>p</Unicode>
            </TextEquiv>
          </Glyph>
          <Glyph id="w24466g3">
            <Coords points="288,1072 292,1072 292,1117 288,1117"/>
            <TextEquiv index="1" conf="0.9990458786487579">
              <Unicode>i</Unicode>
            </TextEquiv>
          </Glyph>
          <Glyph id="w24466g4">
            <Coords points="303,1072 303,1072 303,1117 303,1117"/>
            <TextEquiv index="1" conf="0.9996630400419235">
              <Unicode>s</Unicode>
            </TextEquiv>
          </Glyph>
          <Glyph id="w24466g5">
            <Coords points="314,1072 317,1072 317,1117 314,1117"/>
            <TextEquiv index="1" conf="0.8897730857133865">
              <Unicode>,</Unicode>
            </TextEquiv>
          </Glyph>
          <TextEquiv index="1" conf="0.5726736947576447">
            <Unicode>cupis,</Unicode>
          </TextEquiv>
        </Word>
        <Word id="w24467">
          <Coords points="347,1072 369,1072 369,1117 347,1117"/>
          <Glyph id="w24467g0">
            <Coords points="347,1072 347,1072 347,1117 347,1117"/>
            <TextEquiv index="1" conf="0.9886356145143509">
              <Unicode>e</Unicode>
            </TextEquiv>
          </Glyph>
          <Glyph id="w24467g1">
            <Coords points="365,1072 369,1072 369,1117 365,1117"/>
            <TextEquiv index="1" conf="0.9668017774820328">
              <Unicode>x</Unicode>
            </TextEquiv>
          </Glyph>
          <TextEquiv index="1" conf="0.9558146693945162">
            <Unicode>ex</Unicode>
          </TextEquiv>
        </Word>
        <Word id="w24468">
          <Coords points="394,1072 416,1072 416,1117 394,1117"/>
          <Glyph id="w24468g0">
            <Coords points="394,1072 394,1072 394,1117 394,1117"/>
            <TextEquiv index="1" conf="0.9933276623487473">
              <Unicode>m</Unicode>
            </TextEquiv>
          </Glyph>
          <Glyph id="w24468g1">
            <Coords points="416,1072 416,1072 416,1117 416,1117"/>
            <TextEquiv index="1" conf="0.9694883227348328">
              <Unicode>e</Unicode>
            </TextEquiv>
          </Glyph>
          <TextEquiv index="1" conf="0.9630195692965993">
            <Unicode>me</Unicode>
          </TextEquiv>
        </Word>
        <Word id="w24469">
          <Coords points="438,1072 584,1072 584,1117 438,1117"/>
          <Glyph id="w24469g0">
            <Coords points="438,1072 438,1072 438,1117 438,1117"/>
            <TextEquiv index="1" conf="0.6702550053596497">
              <Unicode>c</Unicode>
            </TextEquiv>
          </Glyph>
          <Glyph id="w24469g1">
            <Coords points="449,1072 456,1072 456,1117 449,1117"/>
            <TextEquiv index="1" conf="0.9987948536872864">
              <Unicode>o</Unicode>
            </TextEquiv>
          </Glyph>
          <Glyph id="w24469g2">
            <Coords points="475,1072 475,1072 475,1117 475,1117"/>
            <TextEquiv index="1" conf="0.9999510645866394">
              <Unicode>m</Unicode>
            </TextEquiv>
          </Glyph>
          <Glyph id="w24469g3">
            <Coords points="500,1072 504,1072 504,1117 500,1117"/>
            <TextEquiv index="1" conf="0.9997882395982742">
              <Unicode>m</Unicode>
            </TextEquiv>
          </Glyph>
          <Glyph id="w24469g4">
            <Coords points="522,1072 529,1072 529,1117 522,1117"/>
            <TextEquiv index="1" conf="0.9998965263366699">
              <Unicode>o</Unicode>
            </TextEquiv>
          </Glyph>
          <Glyph id="w24469g5">
            <Coords points="540,1072 548,1072 548,1117 540,1117"/>
            <TextEquiv index="1" conf="0.9976483136415482">
              <Unicode>d</Unicode>
            </TextEquiv>
          </Glyph>
          <Glyph id="w24469g6">
            <Coords points="555,1072 555,1072 555,1117 555,1117"/>
            <TextEquiv index="1" conf="0.998843789100647">
              <Unicode>i</Unicode>
            </TextEquiv>
          </Glyph>
          <Glyph id="w24469g7">
            <Coords points="566,1072 566,1072 566,1117 566,1117"/>
            <TextEquiv index="1" conf="0.9991645365953445">
              <Unicode>ù</Unicode>
            </TextEquiv>
          </Glyph>
          <Glyph id="w24469g8">
            <Coords points="581,1072 584,1072 584,1117 581,1117"/>
            <TextEquiv index="1" conf="0.9999170750379562">
              <Unicode>s</Unicode>
            </TextEquiv>
          </Glyph>
          <TextEquiv index="1" conf="0.6662454170328298">
            <Unicode>commodiùs</Unicode>
          </TextEquiv>
        </Word>
        <Word id="w24470">
          <Coords points="599,1072 694,1072 694,1117 599,1117"/>
          <Glyph id="w24470g0">
            <Coords points="599,1072 603,1072 603,1117 599,1117"/>
            <TextEquiv index="1" conf="0.9049005061388016">
              <Unicode>a</Unicode>
            </TextEquiv>
          </Glyph>
          <Glyph id="w24470g1">
            <Coords points="617,1072 621,1072 621,1117 617,1117"/>
            <TextEquiv index="1" conf="0.9991254210472107">
              <Unicode>u</Unicode>
            </TextEquiv>
          </Glyph>
          <Glyph id="w24470g2">
            <Coords points="639,1072 643,1072 643,1117 639,1117"/>
            <TextEquiv index="1" conf="0.9999634325504303">
              <Unicode>d</Unicode>
            </TextEquiv>
          </Glyph>
          <Glyph id="w24470g3">
            <Coords points="654,1072 654,1072 654,1117 654,1117"/>
            <TextEquiv index="1" conf="0.999784529209137">
              <Unicode>i</Unicode>
            </TextEquiv>
          </Glyph>
          <Glyph id="w24470g4">
            <Coords points="665,1072 668,1072 668,1117 665,1117"/>
            <TextEquiv index="1" conf="0.9979202300310135">
              <Unicode>e</Unicode>
            </TextEquiv>
          </Glyph>
          <Glyph id="w24470g5">
            <Coords points="679,1072 679,1072 679,1117 679,1117"/>
            <TextEquiv index="1" conf="0.9984675198793411">
              <Unicode>s</Unicode>
            </TextEquiv>
          </Glyph>
          <Glyph id="w24470g6">
            <Coords points="694,1072 694,1072 694,1117 694,1117"/>
            <TextEquiv index="1" conf="0.9861394166946411">
              <Unicode>.</Unicode>
            </TextEquiv>
          </Glyph>
          <TextEquiv index="1" conf="0.8881359663636507">
            <Unicode>audies.</Unicode>
          </TextEquiv>
        </Word>
        <TextEquiv index="1" conf="0.9643143119775061">
          <Unicode>quod ſcire cupis, ex me commodiùs audies.</Unicode>
        </TextEquiv>
      </TextLine>
      <TextLine id="r0_l030">
        <Coords points="23,1127 23,1112 24,1111 56,1111 56,1110 23,1110 22,1111 22,1114 21,1114 20,1115 20,1119 20,1125 21,1126 21,1127 22,1127 23,1127"/>
        <TextEquiv index="1" conf="0.0">
          <Unicode></Unicode>
        </TextEquiv>
      </TextLine>
      <TextLine id="r0_l031">
        <Coords points="431,1150 541,1148 540,1111 430,1113 431,1150"/>
        <Word id="w24471">
          <Coords points="446,1111 539,1111 539,1150 446,1150"/>
          <Glyph id="w24471g0">
            <Coords points="446,1111 451,1111 451,1150 446,1150"/>
            <TextEquiv index="1" conf="0.9553300589323044">
              <Unicode>T</Unicode>
            </TextEquiv>
          </Glyph>
          <Glyph id="w24471g1">
            <Coords points="478,1111 483,1111 483,1150 478,1150"/>
            <TextEquiv index="1" conf="0.8041131049394608">
              <Unicode>I</Unicode>
            </TextEquiv>
          </Glyph>
          <Glyph id="w24471g2">
            <Coords points="511,1111 525,1111 525,1150 511,1150"/>
            <TextEquiv index="1" conf="0.41727979155257344">
              <Unicode>M</Unicode>
            </TextEquiv>
          </Glyph>
          <Glyph id="w24471g3">
            <Coords points="534,1111 539,1111 539,1150 534,1150"/>
            <TextEquiv index="1" conf="0.7998906821012497">
              <Unicode>.</Unicode>
            </TextEquiv>
          </Glyph>
          <TextEquiv index="1" conf="0.2564062300861017">
            <Unicode>TIM.</Unicode>
          </TextEquiv>
        </Word>
        <TextEquiv index="1" conf="0.7441534093813971">
          <Unicode>TIM.</Unicode>
        </TextEquiv>
      </TextLine>
      <TextLine id="r0_l032">
        <Coords points="770,1175 771,1175 771,1169 771,1168 851,1166 853,1164 891,1164 891,1163 891,1162 892,1161 892,1159 890,1157 883,1157 882,1156 882,1150 880,1148 870,1148 869,1147 869,1139 868,1139 830,1140 829,1139 827,1139 826,1140 424,1149 423,1148 239,1152 238,1151 237,1152 127,1154 126,1155 125,1155 124,1156 123,1156 121,1158 121,1169 55,1171 54,1171 56,1173 121,1171 121,1172 121,1173 121,1176 122,1177 123,1177 124,1178 125,1178 126,1179 386,1174 387,1175 447,1173 448,1174 448,1176 449,1177 507,1176 508,1176 508,1180 508,1181 516,1181 517,1180 517,1173 763,1167 764,1168 764,1174 765,1175 770,1175"/>
        <Word id="w24472">
          <Coords points="125,1139 180,1139 180,1181 125,1181"/>
          <Glyph id="w24472g0">
            <Coords points="125,1139 133,1139 133,1181 125,1181"/>
            <TextEquiv index="1" conf="0.9997299015522003">
              <Unicode>S</Unicode>
            </TextEquiv>
          </Glyph>
          <Glyph id="w24472g1">
            <Coords points="140,1139 144,1139 144,1181 140,1181"/>
            <TextEquiv index="1" conf="0.9967460483312607">
              <Unicode>a</Unicode>
            </TextEquiv>
          </Glyph>
          <Glyph id="w24472g2">
            <Coords points="155,1139 158,1139 158,1181 155,1181"/>
            <TextEquiv index="1" conf="0.9994789212942123">
              <Unicode>t</Unicode>
            </TextEquiv>
          </Glyph>
          <Glyph id="w24472g3">
            <Coords points="166,1139 166,1139 166,1181 166,1181"/>
            <TextEquiv index="1" conf="0.999741330742836">
              <Unicode>i</Unicode>
            </TextEquiv>
          </Glyph>
          <Glyph id="w24472g4">
            <Coords points="177,1139 180,1139 180,1181 177,1181"/>
            <TextEquiv index="1" conf="0.999574601650238">
              <Unicode>s</Unicode>
            </TextEquiv>
          </Glyph>
          <TextEquiv index="1" conf="0.9952763931847345">
            <Unicode>Satis</Unicode>
          </TextEquiv>
        </Word>
        <Word id="w24473">
          <Coords points="195,1139 283,1139 283,1181 195,1181"/>
          <Glyph id="w24473g0">
            <Coords points="195,1139 199,1139 199,1181 195,1181"/>
            <TextEquiv index="1" conf="0.9932129234075546">
              <Unicode>a</Unicode>
            </TextEquiv>
          </Glyph>
          <Glyph id="w24473g1">
            <Coords points="213,1139 213,1139 213,1181 213,1181"/>
            <TextEquiv index="1" conf="0.882587194442749">
              <Unicode>u</Unicode>
            </TextEquiv>
          </Glyph>
          <Glyph id="w24473g2">
            <Coords points="235,1139 239,1139 239,1181 235,1181"/>
            <TextEquiv index="1" conf="0.9999648928642273">
              <Unicode>d</Unicode>
            </TextEquiv>
          </Glyph>
          <Glyph id="w24473g3">
            <Coords points="246,1139 250,1139 250,1181 246,1181"/>
            <TextEquiv index="1" conf="0.99737448990345">
              <Unicode>i</Unicode>
            </TextEquiv>
          </Glyph>
          <Glyph id="w24473g4">
            <Coords points="257,1139 261,1139 261,1181 257,1181"/>
            <TextEquiv index="1" conf="0.9998838007450104">
              <Unicode>a</Unicode>
            </TextEquiv>
          </Glyph>
          <Glyph id="w24473g5">
            <Coords points="279,1139 283,1139 283,1181 279,1181"/>
            <TextEquiv index="1" conf="0.9733641296625137">
              <Unicode>m</Unicode>
            </TextEquiv>
          </Glyph>
          <TextEquiv index="1" conf="0.8508791124074951">
            <Unicode>audiam</Unicode>
          </TextEquiv>
        </Word>
        <Word id="w24474">
          <Coords points="312,1139 448,1139 448,1181 312,1181"/>
          <Glyph id="w24474g0">
            <Coords points="312,1139 316,1139 316,1181 312,1181"/>
            <TextEquiv index="1" conf="0.575120709836483">
              <Unicode>c</Unicode>
            </TextEquiv>
          </Glyph>
          <Glyph id="w24474g1">
            <Coords points="327,1139 331,1139 331,1181 327,1181"/>
            <TextEquiv index="1" conf="0.9998248368501663">
              <Unicode>o</Unicode>
            </TextEquiv>
          </Glyph>
          <Glyph id="w24474g2">
            <Coords points="353,1139 353,1139 353,1181 353,1181"/>
            <TextEquiv index="1" conf="0.9999119788408279">
              <Unicode>m</Unicode>
            </TextEquiv>
          </Glyph>
          <Glyph id="w24474g3">
            <Coords points="378,1139 382,1139 382,1181 378,1181"/>
            <TextEquiv index="1" conf="0.9997946619987488">
              <Unicode>m</Unicode>
            </TextEquiv>
          </Glyph>
          <Glyph id="w24474g4">
            <Coords points="400,1139 404,1139 404,1181 400,1181"/>
            <TextEquiv index="1" conf="0.9998278617858887">
              <Unicode>o</Unicode>
            </TextEquiv>
          </Glyph>
          <Glyph id="w24474g5">
            <Coords points="419,1139 422,1139 422,1181 419,1181"/>
            <TextEquiv index="1" conf="0.999962717294693">
              <Unicode>d</Unicode>
            </TextEquiv>
          </Glyph>
          <Glyph id="w24474g6">
            <Coords points="433,1139 433,1139 433,1181 433,1181"/>
            <TextEquiv index="1" conf="0.9979900568723679">
              <Unicode>è</Unicode>
            </TextEquiv>
          </Glyph>
          <Glyph id="w24474g7">
            <Coords points="448,1139 448,1139 448,1181 448,1181"/>
            <TextEquiv index="1" conf="0.9981198608875275">
              <Unicode>,</Unicode>
            </TextEquiv>
          </Glyph>
          <TextEquiv index="1" conf="0.5724973320856194">
            <Unicode>commodè,</Unicode>
          </TextEquiv>
        </Word>
        <Word id="w24475">
          <Coords points="474,1139 484,1139 484,1181 474,1181"/>
          <Glyph id="w24475g0">
            <Coords points="474,1139 477,1139 477,1181 474,1181"/>
            <TextEquiv index="1" conf="0.9870850741863251">
              <Unicode>ſ</Unicode>
            </TextEquiv>
          </Glyph>
          <Glyph id="w24475g1">
            <Coords points="484,1139 484,1139 484,1181 484,1181"/>
            <TextEquiv index="1" conf="0.9984158128499985">
              <Unicode>i</Unicode>
            </TextEquiv>
          </Glyph>
          <TextEquiv index="1" conf="0.9855213466958408">
            <Unicode>ſi</Unicode>
          </TextEquiv>
        </Word>
        <Word id="w24476">
          <Coords points="506,1139 558,1139 558,1181 506,1181"/>
          <Glyph id="w24476g0">
            <Coords points="506,1139 514,1139 514,1181 506,1181"/>
            <TextEquiv index="1" conf="0.9999194443225861">
              <Unicode>q</Unicode>
            </TextEquiv>
          </Glyph>
          <Glyph id="w24476g1">
            <Coords points="521,1139 525,1139 525,1181 521,1181"/>
            <TextEquiv index="1" conf="0.9975238144397736">
              <Unicode>u</Unicode>
            </TextEquiv>
          </Glyph>
          <Glyph id="w24476g2">
            <Coords points="539,1139 539,1139 539,1181 539,1181"/>
            <TextEquiv index="1" conf="0.9994234293699265">
              <Unicode>i</Unicode>
            </TextEquiv>
          </Glyph>
          <Glyph id="w24476g3">
            <Coords points="554,1139 558,1139 558,1181 554,1181"/>
            <TextEquiv index="1" conf="0.9997876435518265">
              <Unicode>d</Unicode>
            </TextEquiv>
          </Glyph>
          <TextEquiv index="1" conf="0.9966566702054163">
            <Unicode>quid</Unicode>
          </TextEquiv>
        </Word>
        <Word id="w24477">
          <Coords points="587,1139 708,1139 708,1181 587,1181"/>
          <Glyph id="w24477g0">
            <Coords points="587,1139 587,1139 587,1181 587,1181"/>
            <TextEquiv index="1" conf="0.9738669693470001">
              <Unicode>c</Unicode>
            </TextEquiv>
          </Glyph>
          <Glyph id="w24477g1">
            <Coords points="602,1139 605,1139 605,1181 602,1181"/>
            <TextEquiv index="1" conf="0.999907448887825">
              <Unicode>o</Unicode>
            </TextEquiv>
          </Glyph>
          <Glyph id="w24477g2">
            <Coords points="624,1139 624,1139 624,1181 624,1181"/>
            <TextEquiv index="1" conf="0.9999901354312897">
              <Unicode>m</Unicode>
            </TextEquiv>
          </Glyph>
          <Glyph id="w24477g3">
            <Coords points="649,1139 653,1139 653,1181 649,1181"/>
            <TextEquiv index="1" conf="0.9997159838676453">
              <Unicode>m</Unicode>
            </TextEquiv>
          </Glyph>
          <Glyph id="w24477g4">
            <Coords points="671,1139 675,1139 675,1181 671,1181"/>
            <TextEquiv index="1" conf="0.9999502003192902">
              <Unicode>o</Unicode>
            </TextEquiv>
          </Glyph>
          <Glyph id="w24477g5">
            <Coords points="690,1139 693,1139 693,1181 690,1181"/>
            <TextEquiv index="1" conf="0.9993393272161484">
              <Unicode>d</Unicode>
            </TextEquiv>
          </Glyph>
          <Glyph id="w24477g6">
            <Coords points="704,1139 708,1139 708,1181 704,1181"/>
            <TextEquiv index="1" conf="0.9722122848033905">
              <Unicode>è</Unicode>
            </TextEquiv>
          </Glyph>
          <TextEquiv index="1" conf="0.9457671959036003">
            <Unicode>commodè</Unicode>
          </TextEquiv>
        </Word>
        <Word id="w24478">
          <Coords points="730,1139 888,1139 888,1181 730,1181"/>
          <Glyph id="w24478g0">
            <Coords points="730,1139 734,1139 734,1181 730,1181"/>
            <TextEquiv index="1" conf="0.978550985455513">
              <Unicode>r</Unicode>
            </TextEquiv>
          </Glyph>
          <Glyph id="w24478g1">
            <Coords points="745,1139 745,1139 745,1181 745,1181"/>
            <TextEquiv index="1" conf="0.9999882876873016">
              <Unicode>e</Unicode>
            </TextEquiv>
          </Glyph>
          <Glyph id="w24478g2">
            <Coords points="756,1139 756,1139 756,1181 756,1181"/>
            <TextEquiv index="1" conf="0.9990520626306534">
              <Unicode>ſ</Unicode>
            </TextEquiv>
          </Glyph>
          <Glyph id="w24478g3">
            <Coords points="767,1139 767,1139 767,1181 767,1181"/>
            <TextEquiv index="1" conf="0.9987929165363312">
              <Unicode>p</Unicode>
            </TextEquiv>
          </Glyph>
          <Glyph id="w24478g4">
            <Coords points="785,1139 792,1139 792,1181 785,1181"/>
            <TextEquiv index="1" conf="0.9999698102474213">
              <Unicode>o</Unicode>
            </TextEquiv>
          </Glyph>
          <Glyph id="w24478g5">
            <Coords points="800,1139 803,1139 803,1181 800,1181"/>
            <TextEquiv index="1" conf="0.9999832212924957">
              <Unicode>n</Unicode>
            </TextEquiv>
          </Glyph>
          <Glyph id="w24478g6">
            <Coords points="825,1139 829,1139 829,1181 825,1181"/>
            <TextEquiv index="1" conf="0.9999741017818451">
              <Unicode>d</Unicode>
            </TextEquiv>
          </Glyph>
          <Glyph id="w24478g7">
            <Coords points="840,1139 844,1139 844,1181 840,1181"/>
            <TextEquiv index="1" conf="0.9999852478504181">
              <Unicode>e</Unicode>
            </TextEquiv>
          </Glyph>
          <Glyph id="w24478g8">
            <Coords points="855,1139 855,1139 855,1181 855,1181"/>
            <TextEquiv index="1" conf="0.9999470412731171">
              <Unicode>r</Unicode>
            </TextEquiv>
          </Glyph>
          <Glyph id="w24478g9">
            <Coords points="862,1139 866,1139 866,1181 862,1181"/>
            <TextEquiv index="1" conf="0.9999310076236725">
              <Unicode>i</Unicode>
            </TextEquiv>
          </Glyph>
          <Glyph id="w24478g10">
            <Coords points="877,1139 877,1139 877,1181 877,1181"/>
            <TextEquiv index="1" conf="0.9998185038566589">
              <Unicode>s</Unicode>
            </TextEquiv>
          </Glyph>
          <Glyph id="w24478g11">
            <Coords points="884,1139 888,1139 888,1181 884,1181"/>
            <TextEquiv index="1" conf="0.9837305843830109">
              <Unicode>.</Unicode>
            </TextEquiv>
          </Glyph>
          <TextEquiv index="1" conf="0.9601703111324438">
            <Unicode>reſponderis.</Unicode>
          </TextEquiv>
        </Word>
        <TextEquiv index="1" conf="0.9858070801198483">
          <Unicode>Satis audiam commodè, ſi quid commodè reſponderis.</Unicode>
        </TextEquiv>
      </TextLine>
      <TextLine id="r0_l033">
        <Coords points="217,1223 218,1222 219,1222 222,1220 222,1218 222,1217 374,1214 375,1213 376,1213 377,1212 886,1201 886,1203 887,1204 892,1204 895,1200 895,1199 894,1198 894,1195 893,1194 893,1193 891,1191 880,1191 879,1190 879,1186 877,1185 863,1185 862,1184 758,1186 758,1180 756,1178 754,1179 753,1178 634,1180 633,1181 231,1190 230,1189 203,1190 202,1189 99,1191 98,1190 24,1191 24,1178 23,1177 22,1177 20,1180 17,1180 17,1218 16,1219 17,1226 18,1228 217,1223"/>
        <Word id="w24479">
          <Coords points="103,1177 176,1177 176,1228 103,1228"/>
          <Glyph id="w24479g0">
            <Coords points="103,1177 107,1177 107,1228 103,1228"/>
            <TextEquiv index="1" conf="0.9907873719930649">
              <Unicode>Q</Unicode>
            </TextEquiv>
          </Glyph>
          <Glyph id="w24479g1">
            <Coords points="114,1177 118,1177 118,1228 114,1228"/>
            <TextEquiv index="1" conf="0.9977357983589172">
              <Unicode>u</Unicode>
            </TextEquiv>
          </Glyph>
          <Glyph id="w24479g2">
            <Coords points="141,1177 145,1177 145,1228 141,1228"/>
            <TextEquiv index="1" conf="0.9891413897275925">
              <Unicode>æ</Unicode>
            </TextEquiv>
          </Glyph>
          <Glyph id="w24479g3">
            <Coords points="153,1177 156,1177 156,1228 153,1228"/>
            <TextEquiv index="1" conf="0.9990614801645279">
              <Unicode>r</Unicode>
            </TextEquiv>
          </Glyph>
          <Glyph id="w24479g4">
            <Coords points="172,1177 176,1177 176,1228 172,1228"/>
            <TextEquiv index="1" conf="0.9993022233247757">
              <Unicode>o</Unicode>
            </TextEquiv>
          </Glyph>
          <TextEquiv index="1" conf="0.9762104688014919">
            <Unicode>Quæro</Unicode>
          </TextEquiv>
        </Word>
        <Word id="w24480">
          <Coords points="198,1177 271,1177 271,1228 198,1228"/>
          <Glyph id="w24480g0">
            <Coords points="198,1177 202,1177 202,1228 198,1228"/>
            <TextEquiv index="1" conf="0.9733382314443588">
              <Unicode>i</Unicode>
            </TextEquiv>
          </Glyph>
          <Glyph id="w24480g1">
            <Coords points="218,1177 218,1177 218,1228 218,1228"/>
            <TextEquiv index="1" conf="0.9999096840620041">
              <Unicode>g</Unicode>
            </TextEquiv>
          </Glyph>
          <Glyph id="w24480g2">
            <Coords points="229,1177 229,1177 229,1228 229,1228"/>
            <TextEquiv index="1" conf="0.9998403638601303">
              <Unicode>i</Unicode>
            </TextEquiv>
          </Glyph>
          <Glyph id="w24480g3">
            <Coords points="241,1177 241,1177 241,1228 241,1228"/>
            <TextEquiv index="1" conf="0.972186729311943">
              <Unicode>t</Unicode>
            </TextEquiv>
          </Glyph>
          <Glyph id="w24480g4">
            <Coords points="248,1177 252,1177 252,1228 248,1228"/>
            <TextEquiv index="1" conf="0.9953277409076691">
              <Unicode>u</Unicode>
            </TextEquiv>
          </Glyph>
          <Glyph id="w24480g5">
            <Coords points="267,1177 271,1177 271,1228 267,1228"/>
            <TextEquiv index="1" conf="0.8978468775749207">
              <Unicode>r</Unicode>
            </TextEquiv>
          </Glyph>
          <TextEquiv index="1" conf="0.8454215147283741">
            <Unicode>igitur</Unicode>
          </TextEquiv>
        </Word>
        <Word id="w24481">
          <Coords points="298,1177 317,1177 317,1228 298,1228"/>
          <Glyph id="w24481g0">
            <Coords points="298,1177 302,1177 302,1228 298,1228"/>
            <TextEquiv index="1" conf="0.9993312358856201">
              <Unicode>e</Unicode>
            </TextEquiv>
          </Glyph>
          <Glyph id="w24481g1">
            <Coords points="313,1177 317,1177 317,1228 313,1228"/>
            <TextEquiv index="1" conf="0.9902956038713455">
              <Unicode>x</Unicode>
            </TextEquiv>
          </Glyph>
          <TextEquiv index="1" conf="0.9896333297088482">
            <Unicode>ex</Unicode>
          </TextEquiv>
        </Word>
        <Word id="w24482">
          <Coords points="348,1177 374,1177 374,1228 348,1228"/>
          <Glyph id="w24482g0">
            <Coords points="348,1177 348,1177 348,1228 348,1228"/>
            <TextEquiv index="1" conf="0.796255424618721">
              <Unicode>t</Unicode>
            </TextEquiv>
          </Glyph>
          <Glyph id="w24482g1">
            <Coords points="359,1177 363,1177 363,1228 359,1228"/>
            <TextEquiv index="1" conf="0.9153828918933868">
              <Unicode>e</Unicode>
            </TextEquiv>
          </Glyph>
          <Glyph id="w24482g2">
            <Coords points="374,1177 374,1177 374,1228 374,1228"/>
            <TextEquiv index="1" conf="0.8643631786108017">
              <Unicode>,</Unicode>
            </TextEquiv>
          </Glyph>
          <TextEquiv index="1" conf="0.6300158177030634">
            <Unicode>te,</Unicode>
          </TextEquiv>
        </Word>
        <Word id="w24483">
          <Coords points="405,1177 424,1177 424,1228 405,1228"/>
          <Glyph id="w24483g0">
            <Coords points="405,1177 409,1177 409,1228 405,1228"/>
            <TextEquiv index="1" conf="0.9824937582015991">
              <Unicode>a</Unicode>
            </TextEquiv>
          </Glyph>
          <Glyph id="w24483g1">
            <Coords points="420,1177 424,1177 424,1228 420,1228"/>
            <TextEquiv index="1" conf="0.9950967580080032">
              <Unicode>n</Unicode>
            </TextEquiv>
          </Glyph>
          <TextEquiv index="1" conf="0.9776763535495103">
            <Unicode>an</Unicode>
          </TextEquiv>
        </Word>
        <Word id="w24484">
          <Coords points="455,1177 493,1177 493,1228 455,1228"/>
          <Glyph id="w24484g0">
            <Coords points="455,1177 455,1177 455,1228 455,1228"/>
            <TextEquiv index="1" conf="0.9998552948236465">
              <Unicode>t</Unicode>
            </TextEquiv>
          </Glyph>
          <Glyph id="w24484g1">
            <Coords points="462,1177 466,1177 466,1228 462,1228"/>
            <TextEquiv index="1" conf="0.9988078474998474">
              <Unicode>i</Unicode>
            </TextEquiv>
          </Glyph>
          <Glyph id="w24484g2">
            <Coords points="474,1177 474,1177 474,1228 474,1228"/>
            <TextEquiv index="1" conf="0.9958958923816681">
              <Unicode>b</Unicode>
            </TextEquiv>
          </Glyph>
          <Glyph id="w24484g3">
            <Coords points="493,1177 493,1177 493,1228 493,1228"/>
            <TextEquiv index="1" conf="0.9852437674999237">
              <Unicode>i</Unicode>
            </TextEquiv>
          </Glyph>
          <TextEquiv index="1" conf="0.979888665267592">
            <Unicode>tibi</Unicode>
          </TextEquiv>
        </Word>
        <Word id="w24485">
          <Coords points="520,1177 596,1177 596,1228 520,1228"/>
          <Glyph id="w24485g0">
            <Coords points="520,1177 520,1177 520,1228 520,1228"/>
            <TextEquiv index="1" conf="0.504788376390934">
              <Unicode>e</Unicode>
            </TextEquiv>
          </Glyph>
          <Glyph id="w24485g1">
            <Coords points="531,1177 535,1177 535,1228 531,1228"/>
            <TextEquiv index="1" conf="0.99509696662426">
              <Unicode>e</Unicode>
            </TextEquiv>
          </Glyph>
          <Glyph id="w24485g2">
            <Coords points="543,1177 547,1177 547,1228 543,1228"/>
            <TextEquiv index="1" conf="0.9990400969982147">
              <Unicode>r</Unicode>
            </TextEquiv>
          </Glyph>
          <Glyph id="w24485g3">
            <Coords points="558,1177 558,1177 558,1228 558,1228"/>
            <TextEquiv index="1" conf="0.9998934268951416">
              <Unicode>t</Unicode>
            </TextEquiv>
          </Glyph>
          <Glyph id="w24485g4">
            <Coords points="566,1177 570,1177 570,1228 566,1228"/>
            <TextEquiv index="1" conf="0.9991058856248856">
              <Unicode>u</Unicode>
            </TextEquiv>
          </Glyph>
          <Glyph id="w24485g5">
            <Coords points="593,1177 596,1177 596,1228 593,1228"/>
            <TextEquiv index="1" conf="0.9991277307271957">
              <Unicode>m</Unicode>
            </TextEquiv>
          </Glyph>
          <TextEquiv index="1" conf="0.5008917876668447">
            <Unicode>eertum</Unicode>
          </TextEquiv>
        </Word>
        <Word id="w24486">
          <Coords points="627,1177 650,1177 650,1228 627,1228"/>
          <Glyph id="w24486g0">
            <Coords points="627,1177 627,1177 627,1228 627,1228"/>
            <TextEquiv index="1" conf="0.998425304889679">
              <Unicode>ſ</Unicode>
            </TextEquiv>
          </Glyph>
          <Glyph id="w24486g1">
            <Coords points="635,1177 639,1177 639,1228 635,1228"/>
            <TextEquiv index="1" conf="0.9997152239084244">
              <Unicode>i</Unicode>
            </TextEquiv>
          </Glyph>
          <Glyph id="w24486g2">
            <Coords points="646,1177 650,1177 650,1228 646,1228"/>
            <TextEquiv index="1" conf="0.9989956170320511">
              <Unicode>t</Unicode>
            </TextEquiv>
          </Glyph>
          <TextEquiv index="1" conf="0.9971384614364769">
            <Unicode>ſit</Unicode>
          </TextEquiv>
        </Word>
        <Word id="w24487">
          <Coords points="673,1177 761,1177 761,1228 673,1228"/>
          <Glyph id="w24487g0">
            <Coords points="673,1177 677,1177 677,1228 673,1228"/>
            <TextEquiv index="1" conf="0.9677691459655762">
              <Unicode>f</Unicode>
            </TextEquiv>
          </Glyph>
          <Glyph id="w24487g1">
            <Coords points="688,1177 692,1177 692,1228 688,1228"/>
            <TextEquiv index="1" conf="0.9999205321073532">
              <Unicode>o</Unicode>
            </TextEquiv>
          </Glyph>
          <Glyph id="w24487g2">
            <Coords points="704,1177 707,1177 707,1228 704,1228"/>
            <TextEquiv index="1" conf="0.9995497316122055">
              <Unicode>r</Unicode>
            </TextEquiv>
          </Glyph>
          <Glyph id="w24487g3">
            <Coords points="719,1177 719,1177 719,1228 719,1228"/>
            <TextEquiv index="1" conf="0.9999882280826569">
              <Unicode>e</Unicode>
            </TextEquiv>
          </Glyph>
          <Glyph id="w24487g4">
            <Coords points="730,1177 730,1177 730,1228 730,1228"/>
            <TextEquiv index="1" conf="0.9999634921550751">
              <Unicode>n</Unicode>
            </TextEquiv>
          </Glyph>
          <Glyph id="w24487g5">
            <Coords points="746,1177 749,1177 749,1228 746,1228"/>
            <TextEquiv index="1" conf="0.9984675943851471">
              <Unicode>ſ</Unicode>
            </TextEquiv>
          </Glyph>
          <Glyph id="w24487g6">
            <Coords points="761,1177 761,1177 761,1228 761,1228"/>
            <TextEquiv index="1" conf="0.9995172321796417">
              <Unicode>e</Unicode>
            </TextEquiv>
          </Glyph>
          <TextEquiv index="1" conf="0.965261439670613">
            <Unicode>forenſe</Unicode>
          </TextEquiv>
        </Word>
        <Word id="w24488">
          <Coords points="799,1177 887,1177 887,1228 799,1228"/>
          <Glyph id="w24488g0">
            <Coords points="799,1177 799,1177 799,1228 799,1228"/>
            <TextEquiv index="1" conf="0.9998271614313126">
              <Unicode>m</Unicode>
            </TextEquiv>
          </Glyph>
          <Glyph id="w24488g1">
            <Coords points="815,1177 818,1177 818,1228 815,1228"/>
            <TextEquiv index="1" conf="0.9993003606796265">
              <Unicode>u</Unicode>
            </TextEquiv>
          </Glyph>
          <Glyph id="w24488g2">
            <Coords points="834,1177 837,1177 837,1228 834,1228"/>
            <TextEquiv index="1" conf="0.9989370554685593">
              <Unicode>n</Unicode>
            </TextEquiv>
          </Glyph>
          <Glyph id="w24488g3">
            <Coords points="853,1177 857,1177 857,1228 853,1228"/>
            <TextEquiv index="1" conf="0.9908953309059143">
              <Unicode>u</Unicode>
            </TextEquiv>
          </Glyph>
          <Glyph id="w24488g4">
            <Coords points="872,1177 876,1177 876,1228 872,1228"/>
            <TextEquiv index="1" conf="0.9868391305208206">
              <Unicode>s</Unicode>
            </TextEquiv>
          </Glyph>
          <Glyph id="w24488g5">
            <Coords points="887,1177 887,1177 887,1228 887,1228"/>
            <TextEquiv index="1" conf="0.6567949652671814">
              <Unicode>,</Unicode>
            </TextEquiv>
          </Glyph>
          <TextEquiv index="1" conf="0.6410074209194788">
            <Unicode>munus,</Unicode>
          </TextEquiv>
        </Word>
        <TextEquiv index="1" conf="0.9698187580929613">
          <Unicode>Quæro igitur ex te, an tibi eertum ſit forenſe munus,</Unicode>
        </TextEquiv>
      </TextLine>
      <TextLine id="r0_l034">
        <Coords points="18,1264 846,1246 845,1210 17,1228 18,1264"/>
        <Word id="w24489">
          <Coords points="96,1210 154,1210 154,1264 96,1264"/>
          <Glyph id="w24489g0">
            <Coords points="96,1210 100,1210 100,1264 96,1264"/>
            <TextEquiv index="1" conf="0.9873577356338501">
              <Unicode>q</Unicode>
            </TextEquiv>
          </Glyph>
          <Glyph id="w24489g1">
            <Coords points="108,1210 111,1210 111,1264 108,1264"/>
            <TextEquiv index="1" conf="0.9992254674434662">
              <Unicode>u</Unicode>
            </TextEquiv>
          </Glyph>
          <Glyph id="w24489g2">
            <Coords points="131,1210 134,1210 134,1264 131,1264"/>
            <TextEquiv index="1" conf="0.9817859679460526">
              <Unicode>o</Unicode>
            </TextEquiv>
          </Glyph>
          <Glyph id="w24489g3">
            <Coords points="150,1210 154,1210 154,1264 150,1264"/>
            <TextEquiv index="1" conf="0.997464194893837">
              <Unicode>d</Unicode>
            </TextEquiv>
          </Glyph>
          <TextEquiv index="1" conf="0.9661669189376909">
            <Unicode>quod</Unicode>
          </TextEquiv>
        </Word>
        <Word id="w24490">
          <Coords points="173,1210 211,1210 211,1264 173,1264"/>
          <Glyph id="w24490g0">
            <Coords points="173,1210 173,1210 173,1264 173,1264"/>
            <TextEquiv index="1" conf="0.9998854249715805">
              <Unicode>t</Unicode>
            </TextEquiv>
          </Glyph>
          <Glyph id="w24490g1">
            <Coords points="184,1210 184,1210 184,1264 184,1264"/>
            <TextEquiv index="1" conf="0.9998600035905838">
              <Unicode>i</Unicode>
            </TextEquiv>
          </Glyph>
          <Glyph id="w24490g2">
            <Coords points="192,1210 196,1210 196,1264 192,1264"/>
            <TextEquiv index="1" conf="0.9990722984075546">
              <Unicode>b</Unicode>
            </TextEquiv>
          </Glyph>
          <Glyph id="w24490g3">
            <Coords points="211,1210 211,1210 211,1264 211,1264"/>
            <TextEquiv index="1" conf="0.9999116063117981">
              <Unicode>i</Unicode>
            </TextEquiv>
          </Glyph>
          <TextEquiv index="1" conf="0.9987296899562389">
            <Unicode>tibi</Unicode>
          </TextEquiv>
        </Word>
        <Word id="w24491">
          <Coords points="238,1210 329,1210 329,1264 238,1264"/>
          <Glyph id="w24491g0">
            <Coords points="238,1210 238,1210 238,1264 238,1264"/>
            <TextEquiv index="1" conf="0.9999736845493317">
              <Unicode>m</Unicode>
            </TextEquiv>
          </Glyph>
          <Glyph id="w24491g1">
            <Coords points="261,1210 264,1210 264,1264 261,1264"/>
            <TextEquiv index="1" conf="0.9998307675123215">
              <Unicode>o</Unicode>
            </TextEquiv>
          </Glyph>
          <Glyph id="w24491g2">
            <Coords points="276,1210 276,1210 276,1264 276,1264"/>
            <TextEquiv index="1" conf="0.9983945488929749">
              <Unicode>r</Unicode>
            </TextEquiv>
          </Glyph>
          <Glyph id="w24491g3">
            <Coords points="284,1210 287,1210 287,1264 284,1264"/>
            <TextEquiv index="1" conf="0.9964319467544556">
              <Unicode>i</Unicode>
            </TextEquiv>
          </Glyph>
          <Glyph id="w24491g4">
            <Coords points="299,1210 299,1210 299,1264 299,1264"/>
            <TextEquiv index="1" conf="0.9998349249362946">
              <Unicode>e</Unicode>
            </TextEquiv>
          </Glyph>
          <Glyph id="w24491g5">
            <Coords points="310,1210 310,1210 310,1264 310,1264"/>
            <TextEquiv index="1" conf="0.9997539967298508">
              <Unicode>n</Unicode>
            </TextEquiv>
          </Glyph>
          <Glyph id="w24491g6">
            <Coords points="329,1210 329,1210 329,1264 329,1264"/>
            <TextEquiv index="1" conf="0.9999265372753143">
              <Unicode>s</Unicode>
            </TextEquiv>
          </Glyph>
          <TextEquiv index="1" conf="0.9941558186480839">
            <Unicode>moriens</Unicode>
          </TextEquiv>
        </Word>
        <Word id="w24492">
          <Coords points="349,1210 440,1210 440,1264 349,1264"/>
          <Glyph id="w24492g0">
            <Coords points="349,1210 352,1210 352,1264 349,1264"/>
            <TextEquiv index="1" conf="0.9991180449724197">
              <Unicode>r</Unicode>
            </TextEquiv>
          </Glyph>
          <Glyph id="w24492g1">
            <Coords points="364,1210 364,1210 364,1264 364,1264"/>
            <TextEquiv index="1" conf="0.9999898970127106">
              <Unicode>e</Unicode>
            </TextEquiv>
          </Glyph>
          <Glyph id="w24492g2">
            <Coords points="375,1210 375,1210 375,1264 375,1264"/>
            <TextEquiv index="1" conf="0.9992300271987915">
              <Unicode>l</Unicode>
            </TextEquiv>
          </Glyph>
          <Glyph id="w24492g3">
            <Coords points="383,1210 387,1210 387,1264 383,1264"/>
            <TextEquiv index="1" conf="0.9961682707071304">
              <Unicode>i</Unicode>
            </TextEquiv>
          </Glyph>
          <Glyph id="w24492g4">
            <Coords points="398,1210 402,1210 402,1264 398,1264"/>
            <TextEquiv index="1" conf="0.995547816157341">
              <Unicode>q</Unicode>
            </TextEquiv>
          </Glyph>
          <Glyph id="w24492g5">
            <Coords points="410,1210 414,1210 414,1264 410,1264"/>
            <TextEquiv index="1" conf="0.9988773316144943">
              <Unicode>u</Unicode>
            </TextEquiv>
          </Glyph>
          <Glyph id="w24492g6">
            <Coords points="429,1210 429,1210 429,1264 429,1264"/>
            <TextEquiv index="1" conf="0.9998463094234467">
              <Unicode>i</Unicode>
            </TextEquiv>
          </Glyph>
          <Glyph id="w24492g7">
            <Coords points="440,1210 440,1210 440,1264 440,1264"/>
            <TextEquiv index="1" conf="0.9993680268526077">
              <Unicode>t</Unicode>
            </TextEquiv>
          </Glyph>
          <TextEquiv index="1" conf="0.9881971027040715">
            <Unicode>reliquit</Unicode>
          </TextEquiv>
        </Word>
        <Word id="w24493">
          <Coords points="463,1210 536,1210 536,1264 463,1264"/>
          <Glyph id="w24493g0">
            <Coords points="463,1210 463,1210 463,1264 463,1264"/>
            <TextEquiv index="1" conf="0.9684349099795024">
              <Unicode>p</Unicode>
            </TextEquiv>
          </Glyph>
          <Glyph id="w24493g1">
            <Coords points="475,1210 479,1210 479,1264 475,1264"/>
            <TextEquiv index="1" conf="0.7707782536745071">
              <Unicode>a</Unicode>
            </TextEquiv>
          </Glyph>
          <Glyph id="w24493g2">
            <Coords points="494,1210 494,1210 494,1264 494,1264"/>
            <TextEquiv index="1" conf="0.9945161044597626">
              <Unicode>t</Unicode>
            </TextEquiv>
          </Glyph>
          <Glyph id="w24493g3">
            <Coords points="505,1210 509,1210 509,1264 505,1264"/>
            <TextEquiv index="1" conf="0.9989756196737289">
              <Unicode>e</Unicode>
            </TextEquiv>
          </Glyph>
          <Glyph id="w24493g4">
            <Coords points="521,1210 521,1210 521,1264 521,1264"/>
            <TextEquiv index="1" conf="0.9989784210920334">
              <Unicode>r</Unicode>
            </TextEquiv>
          </Glyph>
          <Glyph id="w24493g5">
            <Coords points="536,1210 536,1210 536,1264 536,1264"/>
            <TextEquiv index="1" conf="0.9967935532331467">
              <Unicode>,</Unicode>
            </TextEquiv>
          </Glyph>
          <TextEquiv index="1" conf="0.7384616166477932">
            <Unicode>pater,</Unicode>
          </TextEquiv>
        </Word>
        <Word id="w24494">
          <Coords points="563,1210 662,1210 662,1264 563,1264"/>
          <Glyph id="w24494g0">
            <Coords points="563,1210 567,1210 567,1264 563,1264"/>
            <TextEquiv index="1" conf="0.9995343387126923">
              <Unicode>a</Unicode>
            </TextEquiv>
          </Glyph>
          <Glyph id="w24494g1">
            <Coords points="578,1210 578,1210 578,1264 578,1264"/>
            <TextEquiv index="1" conf="0.9997864216566086">
              <Unicode>l</Unicode>
            </TextEquiv>
          </Glyph>
          <Glyph id="w24494g2">
            <Coords points="586,1210 590,1210 590,1264 586,1264"/>
            <TextEquiv index="1" conf="0.9989621639251709">
              <Unicode>i</Unicode>
            </TextEquiv>
          </Glyph>
          <Glyph id="w24494g3">
            <Coords points="601,1210 601,1210 601,1264 601,1264"/>
            <TextEquiv index="1" conf="0.9994988739490509">
              <Unicode>e</Unicode>
            </TextEquiv>
          </Glyph>
          <Glyph id="w24494g4">
            <Coords points="613,1210 613,1210 613,1264 613,1264"/>
            <TextEquiv index="1" conf="0.9999203383922577">
              <Unicode>n</Unicode>
            </TextEquiv>
          </Glyph>
          <Glyph id="w24494g5">
            <Coords points="628,1210 632,1210 632,1264 628,1264"/>
            <TextEquiv index="1" conf="0.9888683408498764">
              <Unicode>a</Unicode>
            </TextEquiv>
          </Glyph>
          <Glyph id="w24494g6">
            <Coords points="647,1210 647,1210 647,1264 647,1264"/>
            <TextEquiv index="1" conf="0.999994546175003">
              <Unicode>r</Unicode>
            </TextEquiv>
          </Glyph>
          <Glyph id="w24494g7">
            <Coords points="658,1210 662,1210 662,1264 658,1264"/>
            <TextEquiv index="1" conf="0.9998120814561844">
              <Unicode>e</Unicode>
            </TextEquiv>
          </Glyph>
          <TextEquiv index="1" conf="0.9864070971999623">
            <Unicode>alienare</Unicode>
          </TextEquiv>
        </Word>
        <Word id="w24495">
          <Coords points="685,1210 704,1210 704,1264 685,1264"/>
          <Glyph id="w24495g0">
            <Coords points="685,1210 704,1210 704,1264 685,1264"/>
            <TextEquiv index="1" conf="0.9945267289876938">
              <Unicode>&amp;</Unicode>
            </TextEquiv>
          </Glyph>
          <TextEquiv index="1" conf="0.9945267289876938">
            <Unicode>&amp;</Unicode>
          </TextEquiv>
        </Word>
        <Word id="w24496">
          <Coords points="727,1210 838,1210 838,1264 727,1264"/>
          <Glyph id="w24496g0">
            <Coords points="727,1210 731,1210 731,1264 727,1264"/>
            <TextEquiv index="1" conf="0.9992222636938095">
              <Unicode>v</Unicode>
            </TextEquiv>
          </Glyph>
          <Glyph id="w24496g1">
            <Coords points="743,1210 743,1210 743,1264 743,1264"/>
            <TextEquiv index="1" conf="0.9999873042106628">
              <Unicode>e</Unicode>
            </TextEquiv>
          </Glyph>
          <Glyph id="w24496g2">
            <Coords points="754,1210 754,1210 754,1264 754,1264"/>
            <TextEquiv index="1" conf="0.9995997846126556">
              <Unicode>n</Unicode>
            </TextEquiv>
          </Glyph>
          <Glyph id="w24496g3">
            <Coords points="777,1210 781,1210 781,1264 777,1264"/>
            <TextEquiv index="1" conf="0.9999201148748398">
              <Unicode>d</Unicode>
            </TextEquiv>
          </Glyph>
          <Glyph id="w24496g4">
            <Coords points="792,1210 796,1210 796,1264 792,1264"/>
            <TextEquiv index="1" conf="0.9998794794082642">
              <Unicode>e</Unicode>
            </TextEquiv>
          </Glyph>
          <Glyph id="w24496g5">
            <Coords points="808,1210 808,1210 808,1264 808,1264"/>
            <TextEquiv index="1" conf="0.9999953210353851">
              <Unicode>r</Unicode>
            </TextEquiv>
          </Glyph>
          <Glyph id="w24496g6">
            <Coords points="823,1210 823,1210 823,1264 823,1264"/>
            <TextEquiv index="1" conf="0.9999654293060303">
              <Unicode>e</Unicode>
            </TextEquiv>
          </Glyph>
          <Glyph id="w24496g7">
            <Coords points="838,1210 838,1210 838,1264 838,1264"/>
            <TextEquiv index="1" conf="0.89399753510952">
              <Unicode>?</Unicode>
            </TextEquiv>
          </Glyph>
          <TextEquiv index="1" conf="0.8927194103060496">
            <Unicode>vendere?</Unicode>
          </TextEquiv>
        </Word>
        <TextEquiv index="1" conf="0.9913280529421081">
          <Unicode>quod tibi moriens reliquit pater, alienare &amp; vendere?</Unicode>
        </TextEquiv>
      </TextLine>
      <TextLine id="r0_l035">
        <Coords points="435,1286 543,1284 542,1257 434,1259 435,1286"/>
        <Word id="w24497">
          <Coords points="437,1257 461,1257 461,1286 437,1286"/>
          <Glyph id="w24497g0">
            <Coords points="437,1257 461,1257 461,1286 437,1286"/>
            <TextEquiv index="1" conf="0.9859922826290131">
              <Unicode>M</Unicode>
            </TextEquiv>
          </Glyph>
          <TextEquiv index="1" conf="0.9859922826290131">
            <Unicode>M</Unicode>
          </TextEquiv>
        </Word>
        <Word id="w24498">
          <Coords points="488,1257 535,1257 535,1286 488,1286"/>
          <Glyph id="w24498g0">
            <Coords points="488,1257 492,1257 492,1286 488,1286"/>
            <TextEquiv index="1" conf="0.5287484601140022">
              <Unicode>I</Unicode>
            </TextEquiv>
          </Glyph>
          <Glyph id="w24498g1">
            <Coords points="519,1257 523,1257 523,1286 519,1286"/>
            <TextEquiv index="1" conf="0.9995629042387009">
              <Unicode>S</Unicode>
            </TextEquiv>
          </Glyph>
          <Glyph id="w24498g2">
            <Coords points="535,1257 535,1257 535,1286 535,1286"/>
            <TextEquiv index="1" conf="0.994796559214592">
              <Unicode>.</Unicode>
            </TextEquiv>
          </Glyph>
          <TextEquiv index="1" conf="0.5257672376872224">
            <Unicode>IS.</Unicode>
          </TextEquiv>
        </Word>
        <TextEquiv index="1" conf="0.8544201329350471">
          <Unicode>M IS.</Unicode>
        </TextEquiv>
      </TextLine>
      <TextLine id="r0_l036">
        <Coords points="342,1331 343,1330 343,1320 435,1317 436,1318 437,1318 438,1317 471,1317 472,1317 472,1321 472,1322 474,1322 475,1321 475,1320 477,1318 520,1317 521,1318 522,1318 523,1317 574,1315 575,1316 575,1324 583,1324 584,1324 584,1316 584,1315 718,1312 719,1311 766,1310 767,1309 888,1307 889,1307 889,1310 890,1312 892,1312 893,1313 894,1312 894,1311 894,1310 895,1310 896,1310 896,1308 897,1307 896,1300 896,1299 893,1300 892,1299 882,1299 881,1298 881,1293 879,1291 866,1291 865,1291 865,1283 865,1282 851,1282 850,1283 849,1283 848,1284 848,1291 812,1292 811,1292 811,1284 811,1283 808,1283 807,1284 806,1284 805,1285 805,1293 740,1295 739,1294 739,1287 738,1286 736,1286 734,1287 734,1295 734,1296 706,1297 705,1296 691,1296 690,1295 690,1288 660,1289 658,1290 658,1297 658,1298 575,1299 574,1300 522,1302 521,1301 521,1293 502,1293 500,1295 500,1302 476,1303 475,1302 461,1302 460,1301 460,1300 459,1299 459,1293 457,1293 456,1292 453,1292 452,1293 451,1293 449,1295 449,1296 448,1297 448,1300 447,1301 447,1302 389,1304 388,1303 354,1303 353,1303 353,1297 352,1295 346,1295 345,1296 311,1297 310,1296 309,1296 308,1295 306,1295 305,1296 303,1296 301,1298 301,1300 300,1301 300,1303 280,1304 279,1305 242,1306 241,1305 241,1296 236,1296 235,1296 235,1305 235,1306 205,1307 204,1306 193,1306 192,1305 177,1305 176,1304 175,1305 145,1306 144,1305 144,1300 142,1298 139,1298 138,1297 135,1297 134,1298 132,1298 125,1305 125,1309 124,1310 125,1314 126,1315 126,1316 128,1318 128,1319 129,1320 130,1320 131,1321 132,1321 133,1322 202,1321 203,1322 221,1321 222,1322 264,1321 265,1320 300,1319 302,1321 309,1321 310,1320 340,1320 341,1320 341,1330 341,1331 342,1331"/>
        <Word id="w24499">
          <Coords points="137,1282 214,1282 214,1331 137,1331"/>
          <Glyph id="w24499g0">
            <Coords points="137,1282 140,1282 140,1331 137,1331"/>
            <TextEquiv index="1" conf="0.9997981190681458">
              <Unicode>C</Unicode>
            </TextEquiv>
          </Glyph>
          <Glyph id="w24499g1">
            <Coords points="151,1282 155,1282 155,1331 151,1331"/>
            <TextEquiv index="1" conf="0.9998636841773987">
              <Unicode>e</Unicode>
            </TextEquiv>
          </Glyph>
          <Glyph id="w24499g2">
            <Coords points="162,1282 166,1282 166,1331 162,1331"/>
            <TextEquiv index="1" conf="0.9970463514328003">
              <Unicode>r</Unicode>
            </TextEquiv>
          </Glyph>
          <Glyph id="w24499g3">
            <Coords points="173,1282 177,1282 177,1331 173,1331"/>
            <TextEquiv index="1" conf="0.9998914301395416">
              <Unicode>t</Unicode>
            </TextEquiv>
          </Glyph>
          <Glyph id="w24499g4">
            <Coords points="184,1282 188,1282 188,1331 184,1331"/>
            <TextEquiv index="1" conf="0.9998708665370941">
              <Unicode>u</Unicode>
            </TextEquiv>
          </Glyph>
          <Glyph id="w24499g5">
            <Coords points="210,1282 214,1282 214,1331 210,1331"/>
            <TextEquiv index="1" conf="0.9999875724315643">
              <Unicode>m</Unicode>
            </TextEquiv>
          </Glyph>
          <TextEquiv index="1" conf="0.9964598901927137">
            <Unicode>Certum</Unicode>
          </TextEquiv>
        </Word>
        <Word id="w24500">
          <Coords points="239,1282 280,1282 280,1331 239,1331"/>
          <Glyph id="w24500g0">
            <Coords points="239,1282 239,1282 239,1331 239,1331"/>
            <TextEquiv index="1" conf="0.9998497664928436">
              <Unicode>h</Unicode>
            </TextEquiv>
          </Glyph>
          <Glyph id="w24500g1">
            <Coords points="261,1282 265,1282 265,1331 261,1331"/>
            <TextEquiv index="1" conf="0.999745786190033">
              <Unicode>o</Unicode>
            </TextEquiv>
          </Glyph>
          <Glyph id="w24500g2">
            <Coords points="276,1282 280,1282 280,1331 276,1331"/>
            <TextEquiv index="1" conf="0.5546867027878761">
              <Unicode>e</Unicode>
            </TextEquiv>
          </Glyph>
          <TextEquiv index="1" conf="0.5544623824233692">
            <Unicode>hoe</Unicode>
          </TextEquiv>
        </Word>
        <Word id="w24501">
          <Coords points="305,1282 320,1282 320,1331 305,1331"/>
          <Glyph id="w24501g0">
            <Coords points="305,1282 320,1282 320,1331 305,1331"/>
            <TextEquiv index="1" conf="0.9926959574222565">
              <Unicode>&amp;</Unicode>
            </TextEquiv>
          </Glyph>
          <TextEquiv index="1" conf="0.9926959574222565">
            <Unicode>&amp;</Unicode>
          </TextEquiv>
        </Word>
        <Word id="w24502">
          <Coords points="342,1282 404,1282 404,1331 342,1331"/>
          <Glyph id="w24502g0">
            <Coords points="342,1282 342,1282 342,1331 342,1331"/>
            <TextEquiv index="1" conf="0.9563772678375244">
              <Unicode>f</Unicode>
            </TextEquiv>
          </Glyph>
          <Glyph id="w24502g1">
            <Coords points="349,1282 349,1282 349,1331 349,1331"/>
            <TextEquiv index="1" conf="0.9962171018123627">
              <Unicode>i</Unicode>
            </TextEquiv>
          </Glyph>
          <Glyph id="w24502g2">
            <Coords points="364,1282 368,1282 368,1331 364,1331"/>
            <TextEquiv index="1" conf="0.9911185503005981">
              <Unicode>x</Unicode>
            </TextEquiv>
          </Glyph>
          <Glyph id="w24502g3">
            <Coords points="375,1282 382,1282 382,1331 375,1331"/>
            <TextEquiv index="1" conf="0.9887070059776306">
              <Unicode>u</Unicode>
            </TextEquiv>
          </Glyph>
          <Glyph id="w24502g4">
            <Coords points="404,1282 404,1282 404,1331 404,1331"/>
            <TextEquiv index="1" conf="0.9998500943183899">
              <Unicode>m</Unicode>
            </TextEquiv>
          </Glyph>
          <TextEquiv index="1" conf="0.9334936023473914">
            <Unicode>fixum</Unicode>
          </TextEquiv>
        </Word>
        <Word id="w24503">
          <Coords points="437,1282 470,1282 470,1331 437,1331"/>
          <Glyph id="w24503g0">
            <Coords points="437,1282 437,1282 437,1331 437,1331"/>
            <TextEquiv index="1" conf="0.9998153150081635">
              <Unicode>e</Unicode>
            </TextEquiv>
          </Glyph>
          <Glyph id="w24503g1">
            <Coords points="448,1282 448,1282 448,1331 448,1331"/>
            <TextEquiv index="1" conf="0.9996951520442963">
              <Unicode>ſ</Unicode>
            </TextEquiv>
          </Glyph>
          <Glyph id="w24503g2">
            <Coords points="456,1282 459,1282 459,1331 456,1331"/>
            <TextEquiv index="1" conf="0.9947686791419983">
              <Unicode>t</Unicode>
            </TextEquiv>
          </Glyph>
          <Glyph id="w24503g3">
            <Coords points="470,1282 470,1282 470,1331 470,1331"/>
            <TextEquiv index="1" conf="0.5754544585943222">
              <Unicode>;</Unicode>
            </TextEquiv>
          </Glyph>
          <TextEquiv index="1" conf="0.5721638736776185">
            <Unicode>eſt;</Unicode>
          </TextEquiv>
        </Word>
        <Word id="w24504">
          <Coords points="500,1282 609,1282 609,1331 500,1331"/>
          <Glyph id="w24504g0">
            <Coords points="500,1282 500,1282 500,1331 500,1331"/>
            <TextEquiv index="1" conf="0.9988994002342224">
              <Unicode>i</Unicode>
            </TextEquiv>
          </Glyph>
          <Glyph id="w24504g1">
            <Coords points="514,1282 518,1282 518,1331 514,1331"/>
            <TextEquiv index="1" conf="0.9998832046985626">
              <Unicode>d</Unicode>
            </TextEquiv>
          </Glyph>
          <Glyph id="w24504g2">
            <Coords points="532,1282 532,1282 532,1331 532,1331"/>
            <TextEquiv index="1" conf="0.9999406337738037">
              <Unicode>e</Unicode>
            </TextEquiv>
          </Glyph>
          <Glyph id="w24504g3">
            <Coords points="551,1282 554,1282 554,1331 551,1331"/>
            <TextEquiv index="1" conf="0.9998999089002609">
              <Unicode>m</Unicode>
            </TextEquiv>
          </Glyph>
          <Glyph id="w24504g4">
            <Coords points="573,1282 576,1282 576,1331 573,1331"/>
            <TextEquiv index="1" conf="0.9999894797801971">
              <Unicode>q</Unicode>
            </TextEquiv>
          </Glyph>
          <Glyph id="w24504g5">
            <Coords points="587,1282 591,1282 591,1331 587,1331"/>
            <TextEquiv index="1" conf="0.9997036308050156">
              <Unicode>u</Unicode>
            </TextEquiv>
          </Glyph>
          <Glyph id="w24504g6">
            <Coords points="609,1282 609,1282 609,1331 609,1331"/>
            <TextEquiv index="1" conf="0.9995670318603516">
              <Unicode>e</Unicode>
            </TextEquiv>
          </Glyph>
          <TextEquiv index="1" conf="0.9978847728683633">
            <Unicode>idemque</Unicode>
          </TextEquiv>
        </Word>
        <Word id="w24505">
          <Coords points="639,1282 686,1282 686,1331 639,1331"/>
          <Glyph id="w24505g0">
            <Coords points="639,1282 642,1282 642,1331 639,1331"/>
            <TextEquiv index="1" conf="0.9989662766456604">
              <Unicode>m</Unicode>
            </TextEquiv>
          </Glyph>
          <Glyph id="w24505g1">
            <Coords points="657,1282 657,1282 657,1331 657,1331"/>
            <TextEquiv index="1" conf="0.9991679638624191">
              <Unicode>i</Unicode>
            </TextEquiv>
          </Glyph>
          <Glyph id="w24505g2">
            <Coords points="668,1282 668,1282 668,1331 668,1331"/>
            <TextEquiv index="1" conf="0.9994310885667801">
              <Unicode>h</Unicode>
            </TextEquiv>
          </Glyph>
          <Glyph id="w24505g3">
            <Coords points="686,1282 686,1282 686,1331 686,1331"/>
            <TextEquiv index="1" conf="0.9991536140441895">
              <Unicode>i</Unicode>
            </TextEquiv>
          </Glyph>
          <TextEquiv index="1" conf="0.9967229232221464">
            <Unicode>mihi</Unicode>
          </TextEquiv>
        </Word>
        <Word id="w24506">
          <Coords points="697,1282 793,1282 793,1331 697,1331"/>
          <Glyph id="w24506g0">
            <Coords points="697,1282 701,1282 701,1331 697,1331"/>
            <TextEquiv index="1" conf="0.9994922578334808">
              <Unicode>a</Unicode>
            </TextEquiv>
          </Glyph>
          <Glyph id="w24506g1">
            <Coords points="716,1282 716,1282 716,1331 716,1331"/>
            <TextEquiv index="1" conf="0.9998510628938675">
              <Unicode>n</Unicode>
            </TextEquiv>
          </Glyph>
          <Glyph id="w24506g2">
            <Coords points="734,1282 734,1282 734,1331 734,1331"/>
            <TextEquiv index="1" conf="0.9997116029262543">
              <Unicode>i</Unicode>
            </TextEquiv>
          </Glyph>
          <Glyph id="w24506g3">
            <Coords points="752,1282 756,1282 756,1331 752,1331"/>
            <TextEquiv index="1" conf="0.999145120382309">
              <Unicode>m</Unicode>
            </TextEquiv>
          </Glyph>
          <Glyph id="w24506g4">
            <Coords points="771,1282 774,1282 774,1331 771,1331"/>
            <TextEquiv index="1" conf="0.9997765421867371">
              <Unicode>u</Unicode>
            </TextEquiv>
          </Glyph>
          <Glyph id="w24506g5">
            <Coords points="789,1282 793,1282 793,1331 789,1331"/>
            <TextEquiv index="1" conf="0.9997920244932175">
              <Unicode>s</Unicode>
            </TextEquiv>
          </Glyph>
          <TextEquiv index="1" conf="0.9977705058883996">
            <Unicode>animus</Unicode>
          </TextEquiv>
        </Word>
        <Word id="w24507">
          <Coords points="807,1282 892,1282 892,1331 807,1331"/>
          <Glyph id="w24507g0">
            <Coords points="807,1282 807,1282 807,1331 807,1331"/>
            <TextEquiv index="1" conf="0.9997124075889587">
              <Unicode>h</Unicode>
            </TextEquiv>
          </Glyph>
          <Glyph id="w24507g1">
            <Coords points="829,1282 833,1282 833,1331 829,1331"/>
            <TextEquiv index="1" conf="0.9999438524246216">
              <Unicode>o</Unicode>
            </TextEquiv>
          </Glyph>
          <Glyph id="w24507g2">
            <Coords points="848,1282 851,1282 851,1331 848,1331"/>
            <TextEquiv index="1" conf="0.9999944269657135">
              <Unicode>d</Unicode>
            </TextEquiv>
          </Glyph>
          <Glyph id="w24507g3">
            <Coords points="859,1282 862,1282 862,1331 859,1331"/>
            <TextEquiv index="1" conf="0.9986041486263275">
              <Unicode>i</Unicode>
            </TextEquiv>
          </Glyph>
          <Glyph id="w24507g4">
            <Coords points="873,1282 877,1282 877,1331 873,1331"/>
            <TextEquiv index="1" conf="0.9987594187259674">
              <Unicode>e</Unicode>
            </TextEquiv>
          </Glyph>
          <Glyph id="w24507g5">
            <Coords points="888,1282 892,1282 892,1331 888,1331"/>
            <TextEquiv index="1" conf="0.9886636734008789">
              <Unicode>,</Unicode>
            </TextEquiv>
          </Glyph>
          <TextEquiv index="1" conf="0.9857144148703539">
            <Unicode>hodie,</Unicode>
          </TextEquiv>
        </Word>
        <TextEquiv index="1" conf="0.9802726028859615">
          <Unicode>Certum hoe &amp; fixum eſt; idemque mihi animus hodie,</Unicode>
        </TextEquiv>
      </TextLine>
      <TextLine id="r0_l037">
        <Coords points="598,1362 599,1361 603,1361 604,1360 716,1357 718,1356 717,1349 718,1348 893,1345 894,1343 896,1343 897,1342 897,1338 897,1337 893,1338 892,1337 881,1337 880,1336 880,1329 879,1328 864,1328 863,1327 829,1328 828,1327 819,1327 818,1327 818,1321 817,1320 804,1320 803,1321 369,1331 367,1330 160,1335 157,1333 27,1335 26,1334 24,1336 24,1338 23,1340 21,1340 20,1340 20,1341 19,1342 19,1344 18,1345 19,1361 20,1362 20,1364 20,1365 23,1364 24,1365 24,1367 97,1366 98,1366 98,1368 98,1369 101,1369 102,1368 206,1366 207,1365 207,1364 207,1363 480,1358 481,1358 481,1360 482,1361 482,1362 483,1363 593,1361 594,1362 598,1362"/>
        <Word id="w24508">
          <Coords points="97,1320 134,1320 134,1369 97,1369"/>
          <Glyph id="w24508g0">
            <Coords points="97,1320 104,1320 104,1369 97,1369"/>
            <TextEquiv index="1" conf="0.9984568059444427">
              <Unicode>q</Unicode>
            </TextEquiv>
          </Glyph>
          <Glyph id="w24508g1">
            <Coords points="112,1320 115,1320 115,1369 112,1369"/>
            <TextEquiv index="1" conf="0.9947200864553452">
              <Unicode>u</Unicode>
            </TextEquiv>
          </Glyph>
          <Glyph id="w24508g2">
            <Coords points="130,1320 134,1320 134,1369 130,1369"/>
            <TextEquiv index="1" conf="0.9982231855392456">
              <Unicode>i</Unicode>
            </TextEquiv>
          </Glyph>
          <TextEquiv index="1" conf="0.9914203347891188">
            <Unicode>qui</Unicode>
          </TextEquiv>
        </Word>
        <Word id="w24509">
          <Coords points="148,1320 236,1320 236,1369 148,1369"/>
          <Glyph id="w24509g0">
            <Coords points="148,1320 152,1320 152,1369 148,1369"/>
            <TextEquiv index="1" conf="0.9933510720729828">
              <Unicode>ſ</Unicode>
            </TextEquiv>
          </Glyph>
          <Glyph id="w24509g1">
            <Coords points="163,1320 163,1320 163,1369 163,1369"/>
            <TextEquiv index="1" conf="0.9998457878828049">
              <Unicode>e</Unicode>
            </TextEquiv>
          </Glyph>
          <Glyph id="w24509g2">
            <Coords points="185,1320 185,1320 185,1369 185,1369"/>
            <TextEquiv index="1" conf="0.9997072666883469">
              <Unicode>m</Unicode>
            </TextEquiv>
          </Glyph>
          <Glyph id="w24509g3">
            <Coords points="200,1320 203,1320 203,1369 200,1369"/>
            <TextEquiv index="1" conf="0.9979991763830185">
              <Unicode>p</Unicode>
            </TextEquiv>
          </Glyph>
          <Glyph id="w24509g4">
            <Coords points="222,1320 222,1320 222,1369 222,1369"/>
            <TextEquiv index="1" conf="0.9999722242355347">
              <Unicode>e</Unicode>
            </TextEquiv>
          </Glyph>
          <Glyph id="w24509g5">
            <Coords points="236,1320 236,1320 236,1369 236,1369"/>
            <TextEquiv index="1" conf="0.9991628229618073">
              <Unicode>r</Unicode>
            </TextEquiv>
          </Glyph>
          <TextEquiv index="1" conf="0.9900634347021637">
            <Unicode>ſemper</Unicode>
          </TextEquiv>
        </Word>
        <Word id="w24510">
          <Coords points="251,1320 313,1320 313,1369 251,1369"/>
          <Glyph id="w24510g0">
            <Coords points="251,1320 255,1320 255,1369 251,1369"/>
            <TextEquiv index="1" conf="0.9997584223747253">
              <Unicode>a</Unicode>
            </TextEquiv>
          </Glyph>
          <Glyph id="w24510g1">
            <Coords points="269,1320 269,1320 269,1369 269,1369"/>
            <TextEquiv index="1" conf="0.988580197095871">
              <Unicode>n</Unicode>
            </TextEquiv>
          </Glyph>
          <Glyph id="w24510g2">
            <Coords points="288,1320 288,1320 288,1369 288,1369"/>
            <TextEquiv index="1" conf="0.9994091987609863">
              <Unicode>t</Unicode>
            </TextEquiv>
          </Glyph>
          <Glyph id="w24510g3">
            <Coords points="302,1320 302,1320 302,1369 302,1369"/>
            <TextEquiv index="1" conf="0.998053789138794">
              <Unicode>e</Unicode>
            </TextEquiv>
          </Glyph>
          <Glyph id="w24510g4">
            <Coords points="310,1320 313,1320 313,1369 310,1369"/>
            <TextEquiv index="1" conf="0.9993769079446793">
              <Unicode>a</Unicode>
            </TextEquiv>
          </Glyph>
          <TextEquiv index="1" conf="0.985220814615557">
            <Unicode>antea</Unicode>
          </TextEquiv>
        </Word>
        <Word id="w24511">
          <Coords points="335,1320 394,1320 394,1369 335,1369"/>
          <Glyph id="w24511g0">
            <Coords points="335,1320 339,1320 339,1369 335,1369"/>
            <TextEquiv index="1" conf="0.5675422052542368">
              <Unicode>ſ</Unicode>
            </TextEquiv>
          </Glyph>
          <Glyph id="w24511g1">
            <Coords points="346,1320 350,1320 350,1369 346,1369"/>
            <TextEquiv index="1" conf="0.9979393929243088">
              <Unicode>u</Unicode>
            </TextEquiv>
          </Glyph>
          <Glyph id="w24511g2">
            <Coords points="365,1320 368,1320 368,1369 365,1369"/>
            <TextEquiv index="1" conf="0.9974620789289474">
              <Unicode>i</Unicode>
            </TextEquiv>
          </Glyph>
          <Glyph id="w24511g3">
            <Coords points="376,1320 376,1320 376,1369 376,1369"/>
            <TextEquiv index="1" conf="0.9658755362033844">
              <Unicode>t</Unicode>
            </TextEquiv>
          </Glyph>
          <Glyph id="w24511g4">
            <Coords points="390,1320 394,1320 394,1369 390,1369"/>
            <TextEquiv index="1" conf="0.9944262504577637">
              <Unicode>,</Unicode>
            </TextEquiv>
          </Glyph>
          <TextEquiv index="1" conf="0.5426158432458262">
            <Unicode>ſuit,</Unicode>
          </TextEquiv>
        </Word>
        <Word id="w24512">
          <Coords points="420,1320 423,1320 423,1369 420,1369"/>
          <Glyph id="w24512g0">
            <Coords points="420,1320 423,1320 423,1369 420,1369"/>
            <TextEquiv index="1" conf="0.9247836321592331">
              <Unicode>à</Unicode>
            </TextEquiv>
          </Glyph>
          <TextEquiv index="1" conf="0.9247836321592331">
            <Unicode>à</Unicode>
          </TextEquiv>
        </Word>
        <Word id="w24513">
          <Coords points="449,1320 574,1320 574,1369 449,1369"/>
          <Glyph id="w24513g0">
            <Coords points="449,1320 453,1320 453,1369 449,1369"/>
            <TextEquiv index="1" conf="0.9954071193933487">
              <Unicode>m</Unicode>
            </TextEquiv>
          </Glyph>
          <Glyph id="w24513g1">
            <Coords points="467,1320 471,1320 471,1369 467,1369"/>
            <TextEquiv index="1" conf="0.999157503247261">
              <Unicode>a</Unicode>
            </TextEquiv>
          </Glyph>
          <Glyph id="w24513g2">
            <Coords points="489,1320 493,1320 493,1369 489,1369"/>
            <TextEquiv index="1" conf="0.9224795550107956">
              <Unicode>g</Unicode>
            </TextEquiv>
          </Glyph>
          <Glyph id="w24513g3">
            <Coords points="500,1320 500,1320 500,1369 500,1369"/>
            <TextEquiv index="1" conf="0.9999212920665741">
              <Unicode>i</Unicode>
            </TextEquiv>
          </Glyph>
          <Glyph id="w24513g4">
            <Coords points="511,1320 511,1320 511,1369 511,1369"/>
            <TextEquiv index="1" conf="0.9991098195314407">
              <Unicode>ſ</Unicode>
            </TextEquiv>
          </Glyph>
          <Glyph id="w24513g5">
            <Coords points="522,1320 522,1320 522,1369 522,1369"/>
            <TextEquiv index="1" conf="0.9988749772310257">
              <Unicode>t</Unicode>
            </TextEquiv>
          </Glyph>
          <Glyph id="w24513g6">
            <Coords points="533,1320 537,1320 537,1369 533,1369"/>
            <TextEquiv index="1" conf="0.9994766414165497">
              <Unicode>r</Unicode>
            </TextEquiv>
          </Glyph>
          <Glyph id="w24513g7">
            <Coords points="544,1320 548,1320 548,1369 544,1369"/>
            <TextEquiv index="1" conf="0.9999250322580338">
              <Unicode>a</Unicode>
            </TextEquiv>
          </Glyph>
          <Glyph id="w24513g8">
            <Coords points="559,1320 563,1320 563,1369 559,1369"/>
            <TextEquiv index="1" conf="0.9971557110548019">
              <Unicode>t</Unicode>
            </TextEquiv>
          </Glyph>
          <Glyph id="w24513g9">
            <Coords points="570,1320 574,1320 574,1369 570,1369"/>
            <TextEquiv index="1" conf="0.9752999395132065">
              <Unicode>u</Unicode>
            </TextEquiv>
          </Glyph>
          <TextEquiv index="1" conf="0.8898624712761497">
            <Unicode>magiſtratu</Unicode>
          </TextEquiv>
        </Word>
        <Word id="w24514">
          <Coords points="599,1320 698,1320 698,1369 599,1369"/>
          <Glyph id="w24514g0">
            <Coords points="599,1320 603,1320 603,1369 599,1369"/>
            <TextEquiv index="1" conf="0.9994586557149887">
              <Unicode>g</Unicode>
            </TextEquiv>
          </Glyph>
          <Glyph id="w24514g1">
            <Coords points="614,1320 618,1320 618,1369 614,1369"/>
            <TextEquiv index="1" conf="0.9967734068632126">
              <Unicode>e</Unicode>
            </TextEquiv>
          </Glyph>
          <Glyph id="w24514g2">
            <Coords points="625,1320 629,1320 629,1369 625,1369"/>
            <TextEquiv index="1" conf="0.9999935925006866">
              <Unicode>r</Unicode>
            </TextEquiv>
          </Glyph>
          <Glyph id="w24514g3">
            <Coords points="640,1320 643,1320 643,1369 640,1369"/>
            <TextEquiv index="1" conf="0.9998790770769119">
              <Unicode>e</Unicode>
            </TextEquiv>
          </Glyph>
          <Glyph id="w24514g4">
            <Coords points="654,1320 654,1320 654,1369 654,1369"/>
            <TextEquiv index="1" conf="0.99981689453125">
              <Unicode>n</Unicode>
            </TextEquiv>
          </Glyph>
          <Glyph id="w24514g5">
            <Coords points="676,1320 680,1320 680,1369 676,1369"/>
            <TextEquiv index="1" conf="0.9997896701097488">
              <Unicode>d</Unicode>
            </TextEquiv>
          </Glyph>
          <Glyph id="w24514g6">
            <Coords points="695,1320 698,1320 698,1369 695,1369"/>
            <TextEquiv index="1" conf="0.9983845055103302">
              <Unicode>o</Unicode>
            </TextEquiv>
          </Glyph>
          <TextEquiv index="1" conf="0.994106521592262">
            <Unicode>gerendo</Unicode>
          </TextEquiv>
        </Word>
        <Word id="w24515">
          <Coords points="713,1320 775,1320 775,1369 713,1369"/>
          <Glyph id="w24515g0">
            <Coords points="713,1320 717,1320 717,1369 713,1369"/>
            <TextEquiv index="1" conf="0.4997184320430582">
              <Unicode>p</Unicode>
            </TextEquiv>
          </Glyph>
          <Glyph id="w24515g1">
            <Coords points="728,1320 731,1320 731,1369 728,1369"/>
            <TextEquiv index="1" conf="0.9950150400400162">
              <Unicode>l</Unicode>
            </TextEquiv>
          </Glyph>
          <Glyph id="w24515g2">
            <Coords points="739,1320 742,1320 742,1369 739,1369"/>
            <TextEquiv index="1" conf="0.996030643582344">
              <Unicode>a</Unicode>
            </TextEquiv>
          </Glyph>
          <Glyph id="w24515g3">
            <Coords points="753,1320 757,1320 757,1369 753,1369"/>
            <TextEquiv index="1" conf="0.9999727010726929">
              <Unicode>n</Unicode>
            </TextEquiv>
          </Glyph>
          <Glyph id="w24515g4">
            <Coords points="775,1320 775,1320 775,1369 775,1369"/>
            <TextEquiv index="1" conf="0.9926819205284119">
              <Unicode>è</Unicode>
            </TextEquiv>
          </Glyph>
          <TextEquiv index="1" conf="0.4916159563068472">
            <Unicode>planè</Unicode>
          </TextEquiv>
        </Word>
        <Word id="w24516">
          <Coords points="790,1320 893,1320 893,1369 790,1369"/>
          <Glyph id="w24516g0">
            <Coords points="790,1320 794,1320 794,1369 790,1369"/>
            <TextEquiv index="1" conf="0.9995001554489136">
              <Unicode>a</Unicode>
            </TextEquiv>
          </Glyph>
          <Glyph id="w24516g1">
            <Coords points="805,1320 805,1320 805,1369 805,1369"/>
            <TextEquiv index="1" conf="0.9997948110103607">
              <Unicode>l</Unicode>
            </TextEquiv>
          </Glyph>
          <Glyph id="w24516g2">
            <Coords points="812,1320 816,1320 816,1369 812,1369"/>
            <TextEquiv index="1" conf="0.9981606602668762">
              <Unicode>i</Unicode>
            </TextEquiv>
          </Glyph>
          <Glyph id="w24516g3">
            <Coords points="827,1320 827,1320 827,1369 827,1369"/>
            <TextEquiv index="1" conf="0.9997198730707169">
              <Unicode>e</Unicode>
            </TextEquiv>
          </Glyph>
          <Glyph id="w24516g4">
            <Coords points="838,1320 841,1320 841,1369 838,1369"/>
            <TextEquiv index="1" conf="0.9999455213546753">
              <Unicode>n</Unicode>
            </TextEquiv>
          </Glyph>
          <Glyph id="w24516g5">
            <Coords points="856,1320 860,1320 860,1369 856,1369"/>
            <TextEquiv index="1" conf="0.9995168298482895">
              <Unicode>u</Unicode>
            </TextEquiv>
          </Glyph>
          <Glyph id="w24516g6">
            <Coords points="874,1320 878,1320 878,1369 874,1369"/>
            <TextEquiv index="1" conf="0.9991705566644669">
              <Unicode>s</Unicode>
            </TextEquiv>
          </Glyph>
          <Glyph id="w24516g7">
            <Coords points="889,1320 893,1320 893,1369 889,1369"/>
            <TextEquiv index="1" conf="0.60500343516469">
              <Unicode>.</Unicode>
            </TextEquiv>
          </Glyph>
          <TextEquiv index="1" conf="0.6024714041742464">
            <Unicode>alienus.</Unicode>
          </TextEquiv>
        </Word>
        <TextEquiv index="1" conf="0.971055908760875">
          <Unicode>qui ſemper antea ſuit, à magiſtratu gerendo planè alienus.</Unicode>
        </TextEquiv>
      </TextLine>
      <TextLine id="r0_l038">
        <Coords points="550,1389 552,1386 552,1385 550,1383 538,1383 537,1383 537,1372 536,1371 519,1372 518,1371 515,1371 514,1372 485,1372 484,1374 485,1374 486,1375 486,1378 450,1379 449,1380 449,1385 448,1386 448,1387 446,1389 446,1390 447,1390 485,1389 486,1390 550,1389"/>
        <Word id="w24517">
          <Coords points="486,1371 546,1371 546,1390 486,1390"/>
          <Glyph id="w24517g0">
            <Coords points="486,1371 486,1371 486,1390 486,1390"/>
            <TextEquiv index="1" conf="0.9691123068332672">
              <Unicode>I</Unicode>
            </TextEquiv>
          </Glyph>
          <Glyph id="w24517g1">
            <Coords points="513,1371 531,1371 531,1390 513,1390"/>
            <TextEquiv index="1" conf="0.9951492547988892">
              <Unicode>M</Unicode>
            </TextEquiv>
          </Glyph>
          <Glyph id="w24517g2">
            <Coords points="543,1371 546,1371 546,1390 543,1390"/>
            <TextEquiv index="1" conf="0.8920098394155502">
              <Unicode>.</Unicode>
            </TextEquiv>
          </Glyph>
          <TextEquiv index="1" conf="0.8602644490901372">
            <Unicode>IM.</Unicode>
          </TextEquiv>
        </Word>
        <TextEquiv index="1" conf="0.9520904670159022">
          <Unicode>IM.</Unicode>
        </TextEquiv>
      </TextLine>
      <TextLine id="r0_l039">
        <Coords points="871,1428 872,1427 875,1427 876,1426 877,1426 878,1425 902,1424 903,1423 903,1421 903,1420 901,1420 900,1420 900,1409 898,1407 894,1408 893,1407 886,1407 886,1406 885,1393 886,1392 882,1392 880,1393 881,1400 880,1401 856,1401 855,1400 784,1402 784,1401 783,1393 782,1392 781,1392 780,1393 779,1393 778,1394 777,1394 776,1395 777,1402 776,1402 747,1403 746,1402 737,1402 736,1403 698,1404 698,1403 698,1396 697,1396 694,1396 693,1397 693,1404 692,1405 658,1406 658,1405 658,1398 656,1397 653,1397 652,1398 651,1398 651,1405 650,1406 619,1407 619,1406 619,1405 618,1405 610,1405 610,1404 610,1400 608,1399 607,1399 606,1398 605,1399 601,1399 598,1402 598,1409 596,1412 596,1414 595,1415 595,1416 594,1416 562,1417 562,1416 562,1411 561,1411 558,1411 558,1410 558,1408 557,1408 550,1408 550,1403 548,1401 527,1402 526,1401 519,1401 518,1402 518,1403 517,1404 517,1405 516,1406 516,1409 515,1410 480,1411 479,1410 476,1410 475,1411 416,1412 416,1411 416,1404 415,1404 414,1404 413,1403 409,1403 407,1406 407,1407 406,1408 406,1409 405,1410 405,1411 404,1411 365,1412 364,1413 334,1414 334,1413 334,1405 332,1404 330,1404 330,1405 329,1406 329,1412 328,1413 281,1414 281,1413 281,1406 279,1405 262,1405 261,1404 252,1405 251,1404 250,1404 250,1410 249,1411 240,1411 238,1413 213,1413 213,1407 212,1406 212,1405 211,1404 208,1404 208,1405 208,1413 207,1413 153,1415 153,1414 153,1408 152,1408 150,1408 149,1407 130,1407 129,1409 131,1411 132,1411 133,1412 133,1429 134,1429 147,1429 147,1430 148,1431 279,1428 280,1429 298,1429 299,1430 409,1427 410,1428 455,1427 455,1428 455,1435 456,1435 462,1435 462,1434 462,1427 463,1427 519,1426 519,1428 520,1429 521,1429 522,1430 528,1430 529,1430 529,1427 530,1426 570,1426 570,1428 571,1429 574,1429 577,1425 620,1425 621,1423 652,1423 653,1422 738,1420 739,1421 786,1420 787,1419 823,1418 824,1419 828,1419 829,1418 862,1417 862,1418 862,1424 863,1425 863,1426 866,1428 871,1428"/>
        <Word id="w24518">
          <Coords points="134,1392 175,1392 175,1435 134,1435"/>
          <Glyph id="w24518g0">
            <Coords points="134,1392 149,1392 149,1435 134,1435"/>
            <TextEquiv index="1" conf="0.9675558507442474">
              <Unicode>N</Unicode>
            </TextEquiv>
          </Glyph>
          <Glyph id="w24518g1">
            <Coords points="160,1392 164,1392 164,1435 160,1435"/>
            <TextEquiv index="1" conf="0.998345136642456">
              <Unicode>o</Unicode>
            </TextEquiv>
          </Glyph>
          <Glyph id="w24518g2">
            <Coords points="175,1392 175,1392 175,1435 175,1435"/>
            <TextEquiv index="1" conf="0.9996070712804794">
              <Unicode>n</Unicode>
            </TextEquiv>
          </Glyph>
          <TextEquiv index="1" conf="0.965575126685724">
            <Unicode>Non</Unicode>
          </TextEquiv>
        </Word>
        <Word id="w24519">
          <Coords points="208,1392 222,1392 222,1435 208,1435"/>
          <Glyph id="w24519g0">
            <Coords points="208,1392 208,1392 208,1435 208,1435"/>
            <TextEquiv index="1" conf="0.9996726363897324">
              <Unicode>i</Unicode>
            </TextEquiv>
          </Glyph>
          <Glyph id="w24519g1">
            <Coords points="219,1392 222,1392 222,1435 219,1435"/>
            <TextEquiv index="1" conf="0.9974146783351898">
              <Unicode>s</Unicode>
            </TextEquiv>
          </Glyph>
          <TextEquiv index="1" conf="0.9970881610651561">
            <Unicode>is</Unicode>
          </TextEquiv>
        </Word>
        <Word id="w24520">
          <Coords points="240,1392 277,1392 277,1435 240,1435"/>
          <Glyph id="w24520g0">
            <Coords points="240,1392 240,1392 240,1435 240,1435"/>
            <TextEquiv index="1" conf="0.999965637922287">
              <Unicode>t</Unicode>
            </TextEquiv>
          </Glyph>
          <Glyph id="w24520g1">
            <Coords points="248,1392 251,1392 251,1435 248,1435"/>
            <TextEquiv index="1" conf="0.9985376298427582">
              <Unicode>i</Unicode>
            </TextEquiv>
          </Glyph>
          <Glyph id="w24520g2">
            <Coords points="259,1392 262,1392 262,1435 259,1435"/>
            <TextEquiv index="1" conf="0.9996754825115204">
              <Unicode>b</Unicode>
            </TextEquiv>
          </Glyph>
          <Glyph id="w24520g3">
            <Coords points="277,1392 277,1392 277,1435 277,1435"/>
            <TextEquiv index="1" conf="0.9984442591667175">
              <Unicode>i</Unicode>
            </TextEquiv>
          </Glyph>
          <TextEquiv index="1" conf="0.9966263779516026">
            <Unicode>tibi</Unicode>
          </TextEquiv>
        </Word>
        <Word id="w24521">
          <Coords points="295,1392 387,1392 387,1435 295,1435"/>
          <Glyph id="w24521g0">
            <Coords points="295,1392 299,1392 299,1435 295,1435"/>
            <TextEquiv index="1" conf="0.9855954498052597">
              <Unicode>a</Unicode>
            </TextEquiv>
          </Glyph>
          <Glyph id="w24521g1">
            <Coords points="314,1392 314,1392 314,1435 314,1435"/>
            <TextEquiv index="1" conf="0.9996959716081619">
              <Unicode>n</Unicode>
            </TextEquiv>
          </Glyph>
          <Glyph id="w24521g2">
            <Coords points="328,1392 332,1392 332,1435 328,1435"/>
            <TextEquiv index="1" conf="0.9989061206579208">
              <Unicode>i</Unicode>
            </TextEquiv>
          </Glyph>
          <Glyph id="w24521g3">
            <Coords points="346,1392 350,1392 350,1435 346,1435"/>
            <TextEquiv index="1" conf="0.9999871253967285">
              <Unicode>m</Unicode>
            </TextEquiv>
          </Glyph>
          <Glyph id="w24521g4">
            <Coords points="365,1392 368,1392 368,1435 365,1435"/>
            <TextEquiv index="1" conf="0.996013417840004">
              <Unicode>u</Unicode>
            </TextEquiv>
          </Glyph>
          <Glyph id="w24521g5">
            <Coords points="383,1392 387,1392 387,1435 383,1435"/>
            <TextEquiv index="1" conf="0.9995406717061996">
              <Unicode>s</Unicode>
            </TextEquiv>
          </Glyph>
          <TextEquiv index="1" conf="0.9798314481084555">
            <Unicode>animus</Unicode>
          </TextEquiv>
        </Word>
        <Word id="w24522">
          <Coords points="405,1392 493,1392 493,1435 405,1435"/>
          <Glyph id="w24522g0">
            <Coords points="405,1392 405,1392 405,1435 405,1435"/>
            <TextEquiv index="1" conf="0.9992825090885162">
              <Unicode>ſ</Unicode>
            </TextEquiv>
          </Glyph>
          <Glyph id="w24522g1">
            <Coords points="416,1392 420,1392 420,1435 416,1435"/>
            <TextEquiv index="1" conf="0.9974569827318192">
              <Unicode>e</Unicode>
            </TextEquiv>
          </Glyph>
          <Glyph id="w24522g2">
            <Coords points="438,1392 442,1392 442,1435 438,1435"/>
            <TextEquiv index="1" conf="0.9996877759695053">
              <Unicode>m</Unicode>
            </TextEquiv>
          </Glyph>
          <Glyph id="w24522g3">
            <Coords points="456,1392 456,1392 456,1435 456,1435"/>
            <TextEquiv index="1" conf="0.999913364648819">
              <Unicode>p</Unicode>
            </TextEquiv>
          </Glyph>
          <Glyph id="w24522g4">
            <Coords points="478,1392 478,1392 478,1435 478,1435"/>
            <TextEquiv index="1" conf="0.9999898374080658">
              <Unicode>e</Unicode>
            </TextEquiv>
          </Glyph>
          <Glyph id="w24522g5">
            <Coords points="489,1392 493,1392 493,1435 489,1435"/>
            <TextEquiv index="1" conf="0.9972982108592987">
              <Unicode>r</Unicode>
            </TextEquiv>
          </Glyph>
          <TextEquiv index="1" conf="0.9936417748546045">
            <Unicode>ſemper</Unicode>
          </TextEquiv>
        </Word>
        <Word id="w24523">
          <Coords points="515,1392 570,1392 570,1435 515,1435"/>
          <Glyph id="w24523g0">
            <Coords points="515,1392 518,1392 518,1435 515,1435"/>
            <TextEquiv index="1" conf="0.911680743098259">
              <Unicode>f</Unicode>
            </TextEquiv>
          </Glyph>
          <Glyph id="w24523g1">
            <Coords points="526,1392 529,1392 529,1435 526,1435"/>
            <TextEquiv index="1" conf="0.9978128224611282">
              <Unicode>u</Unicode>
            </TextEquiv>
          </Glyph>
          <Glyph id="w24523g2">
            <Coords points="544,1392 548,1392 548,1435 544,1435"/>
            <TextEquiv index="1" conf="0.9980734288692474">
              <Unicode>i</Unicode>
            </TextEquiv>
          </Glyph>
          <Glyph id="w24523g3">
            <Coords points="555,1392 559,1392 559,1435 555,1435"/>
            <TextEquiv index="1" conf="0.9999546706676483">
              <Unicode>t</Unicode>
            </TextEquiv>
          </Glyph>
          <Glyph id="w24523g4">
            <Coords points="570,1392 570,1392 570,1435 570,1435"/>
            <TextEquiv index="1" conf="0.9993084967136383">
              <Unicode>,</Unicode>
            </TextEquiv>
          </Glyph>
          <TextEquiv index="1" conf="0.9072651922071402">
            <Unicode>fuit,</Unicode>
          </TextEquiv>
        </Word>
        <Word id="w24524">
          <Coords points="599,1392 617,1392 617,1435 599,1435"/>
          <Glyph id="w24524g0">
            <Coords points="599,1392 617,1392 617,1435 599,1435"/>
            <TextEquiv index="1" conf="0.9243785738945007">
              <Unicode>&amp;</Unicode>
            </TextEquiv>
          </Glyph>
          <TextEquiv index="1" conf="0.9243785738945007">
            <Unicode>&amp;</Unicode>
          </TextEquiv>
        </Word>
        <Word id="w24525">
          <Coords points="650,1392 668,1392 668,1435 650,1435"/>
          <Glyph id="w24525g0">
            <Coords points="650,1392 654,1392 654,1435 650,1435"/>
            <TextEquiv index="1" conf="0.9997198432683945">
              <Unicode>d</Unicode>
            </TextEquiv>
          </Glyph>
          <Glyph id="w24525g1">
            <Coords points="668,1392 668,1392 668,1435 668,1435"/>
            <TextEquiv index="1" conf="0.9980234503746033">
              <Unicode>e</Unicode>
            </TextEquiv>
          </Glyph>
          <TextEquiv index="1" conf="0.9977438473866806">
            <Unicode>de</Unicode>
          </TextEquiv>
        </Word>
        <Word id="w24526">
          <Coords points="690,1392 796,1392 796,1435 690,1435"/>
          <Glyph id="w24526g0">
            <Coords points="690,1392 694,1392 694,1435 690,1435"/>
            <TextEquiv index="1" conf="0.998149648308754">
              <Unicode>i</Unicode>
            </TextEquiv>
          </Glyph>
          <Glyph id="w24526g1">
            <Coords points="705,1392 705,1392 705,1435 705,1435"/>
            <TextEquiv index="1" conf="0.9999232292175293">
              <Unicode>n</Unicode>
            </TextEquiv>
          </Glyph>
          <Glyph id="w24526g2">
            <Coords points="723,1392 727,1392 727,1435 723,1435"/>
            <TextEquiv index="1" conf="0.9953630864620209">
              <Unicode>e</Unicode>
            </TextEquiv>
          </Glyph>
          <Glyph id="w24526g3">
            <Coords points="734,1392 738,1392 738,1435 734,1435"/>
            <TextEquiv index="1" conf="0.9996506869792938">
              <Unicode>u</Unicode>
            </TextEquiv>
          </Glyph>
          <Glyph id="w24526g4">
            <Coords points="752,1392 756,1392 756,1435 752,1435"/>
            <TextEquiv index="1" conf="0.9995080828666687">
              <Unicode>n</Unicode>
            </TextEquiv>
          </Glyph>
          <Glyph id="w24526g5">
            <Coords points="774,1392 778,1392 778,1435 774,1435"/>
            <TextEquiv index="1" conf="0.9999166131019592">
              <Unicode>d</Unicode>
            </TextEquiv>
          </Glyph>
          <Glyph id="w24526g6">
            <Coords points="793,1392 796,1392 796,1435 793,1435"/>
            <TextEquiv index="1" conf="0.9991491436958313">
              <Unicode>o</Unicode>
            </TextEquiv>
          </Glyph>
          <TextEquiv index="1" conf="0.9916822278162097">
            <Unicode>ineundo</Unicode>
          </TextEquiv>
        </Word>
        <Word id="w24527">
          <Coords points="829,1392 891,1392 891,1435 829,1435"/>
          <Glyph id="w24527g0">
            <Coords points="829,1392 833,1392 833,1435 829,1435"/>
            <TextEquiv index="1" conf="0.9997131824493408">
              <Unicode>m</Unicode>
            </TextEquiv>
          </Glyph>
          <Glyph id="w24527g1">
            <Coords points="847,1392 851,1392 851,1435 847,1435"/>
            <TextEquiv index="1" conf="0.9995199292898178">
              <Unicode>a</Unicode>
            </TextEquiv>
          </Glyph>
          <Glyph id="w24527g2">
            <Coords points="869,1392 869,1392 869,1435 869,1435"/>
            <TextEquiv index="1" conf="0.9997002184391022">
              <Unicode>g</Unicode>
            </TextEquiv>
          </Glyph>
          <Glyph id="w24527g3">
            <Coords points="877,1392 880,1392 880,1435 877,1435"/>
            <TextEquiv index="1" conf="0.9994399845600128">
              <Unicode>i</Unicode>
            </TextEquiv>
          </Glyph>
          <Glyph id="w24527g4">
            <Coords points="888,1392 891,1392 891,1435 888,1435"/>
            <TextEquiv index="1" conf="0.9995293468236923">
              <Unicode>-</Unicode>
            </TextEquiv>
          </Glyph>
          <TextEquiv index="1" conf="0.997904391408637">
            <Unicode>magi-</Unicode>
          </TextEquiv>
        </Word>
        <TextEquiv index="1" conf="0.9944928666949272">
          <Unicode>Non is tibi animus ſemper fuit, &amp; de ineundo magi-</Unicode>
        </TextEquiv>
      </TextLine>
      <TextLine id="r0_l040">
        <Coords points="359,1473 360,1472 362,1472 362,1467 362,1466 439,1464 440,1463 459,1463 462,1460 462,1458 461,1457 461,1456 460,1456 447,1456 447,1455 446,1454 446,1452 443,1449 442,1449 441,1448 428,1449 428,1448 427,1439 296,1442 294,1440 281,1440 280,1439 110,1443 109,1442 107,1442 106,1441 28,1442 27,1441 26,1442 26,1443 25,1444 25,1446 26,1446 98,1445 98,1446 94,1451 94,1467 94,1468 212,1465 213,1466 213,1474 214,1474 215,1474 216,1475 356,1472 357,1473 359,1473"/>
        <Word id="w24528">
          <Coords points="101,1439 158,1439 158,1475 101,1475"/>
          <Glyph id="w24528g0">
            <Coords points="101,1439 101,1439 101,1475 101,1475"/>
            <TextEquiv index="1" conf="0.9976857751607895">
              <Unicode>ſ</Unicode>
            </TextEquiv>
          </Glyph>
          <Glyph id="w24528g1">
            <Coords points="108,1439 108,1439 108,1475 108,1475"/>
            <TextEquiv index="1" conf="0.9985601007938385">
              <Unicode>t</Unicode>
            </TextEquiv>
          </Glyph>
          <Glyph id="w24528g2">
            <Coords points="120,1439 124,1439 124,1475 120,1475"/>
            <TextEquiv index="1" conf="0.9994192272424698">
              <Unicode>r</Unicode>
            </TextEquiv>
          </Glyph>
          <Glyph id="w24528g3">
            <Coords points="131,1439 131,1439 131,1475 131,1475"/>
            <TextEquiv index="1" conf="0.9937469810247421">
              <Unicode>a</Unicode>
            </TextEquiv>
          </Glyph>
          <Glyph id="w24528g4">
            <Coords points="147,1439 147,1439 147,1475 147,1475"/>
            <TextEquiv index="1" conf="0.9999216794967651">
              <Unicode>t</Unicode>
            </TextEquiv>
          </Glyph>
          <Glyph id="w24528g5">
            <Coords points="158,1439 158,1439 158,1475 158,1475"/>
            <TextEquiv index="1" conf="0.9997816979885101">
              <Unicode>u</Unicode>
            </TextEquiv>
          </Glyph>
          <TextEquiv index="1" conf="0.9891511919159454">
            <Unicode>ſtratu</Unicode>
          </TextEquiv>
        </Word>
        <Word id="w24529">
          <Coords points="189,1439 292,1439 292,1475 189,1475"/>
          <Glyph id="w24529g0">
            <Coords points="189,1439 189,1439 189,1475 189,1475"/>
            <TextEquiv index="1" conf="0.9690710157155991">
              <Unicode>c</Unicode>
            </TextEquiv>
          </Glyph>
          <Glyph id="w24529g1">
            <Coords points="204,1439 208,1439 208,1475 204,1475"/>
            <TextEquiv index="1" conf="0.999809667468071">
              <Unicode>o</Unicode>
            </TextEquiv>
          </Glyph>
          <Glyph id="w24529g2">
            <Coords points="223,1439 223,1439 223,1475 223,1475"/>
            <TextEquiv index="1" conf="0.9998189061880112">
              <Unicode>g</Unicode>
            </TextEquiv>
          </Glyph>
          <Glyph id="w24529g3">
            <Coords points="235,1439 235,1439 235,1475 235,1475"/>
            <TextEquiv index="1" conf="0.999890998005867">
              <Unicode>i</Unicode>
            </TextEquiv>
          </Glyph>
          <Glyph id="w24529g4">
            <Coords points="246,1439 246,1439 246,1475 246,1475"/>
            <TextEquiv index="1" conf="0.9997292459011078">
              <Unicode>t</Unicode>
            </TextEquiv>
          </Glyph>
          <Glyph id="w24529g5">
            <Coords points="254,1439 258,1439 258,1475 254,1475"/>
            <TextEquiv index="1" conf="0.99967922270298">
              <Unicode>a</Unicode>
            </TextEquiv>
          </Glyph>
          <Glyph id="w24529g6">
            <Coords points="269,1439 273,1439 273,1475 269,1475"/>
            <TextEquiv index="1" conf="0.9992823749780655">
              <Unicode>ſ</Unicode>
            </TextEquiv>
          </Glyph>
          <Glyph id="w24529g7">
            <Coords points="281,1439 285,1439 285,1475 281,1475"/>
            <TextEquiv index="1" conf="0.9990944266319275">
              <Unicode>t</Unicode>
            </TextEquiv>
          </Glyph>
          <Glyph id="w24529g8">
            <Coords points="292,1439 292,1439 292,1475 292,1475"/>
            <TextEquiv index="1" conf="0.9988562017679214">
              <Unicode>i</Unicode>
            </TextEquiv>
          </Glyph>
          <TextEquiv index="1" conf="0.9653565252968753">
            <Unicode>cogitaſti</Unicode>
          </TextEquiv>
        </Word>
        <Word id="w24530">
          <Coords points="315,1439 457,1439 457,1475 315,1475"/>
          <Glyph id="w24530g0">
            <Coords points="315,1439 319,1439 319,1475 315,1475"/>
            <TextEquiv index="1" conf="0.9996421039104462">
              <Unicode>a</Unicode>
            </TextEquiv>
          </Glyph>
          <Glyph id="w24530g1">
            <Coords points="331,1439 331,1439 331,1475 331,1475"/>
            <TextEquiv index="1" conf="0.9972558915615082">
              <Unicode>l</Unicode>
            </TextEquiv>
          </Glyph>
          <Glyph id="w24530g2">
            <Coords points="338,1439 342,1439 342,1475 338,1475"/>
            <TextEquiv index="1" conf="0.9987243860960007">
              <Unicode>i</Unicode>
            </TextEquiv>
          </Glyph>
          <Glyph id="w24530g3">
            <Coords points="354,1439 357,1439 357,1475 354,1475"/>
            <TextEquiv index="1" conf="0.9972326755523682">
              <Unicode>q</Unicode>
            </TextEquiv>
          </Glyph>
          <Glyph id="w24530g4">
            <Coords points="369,1439 369,1439 369,1475 369,1475"/>
            <TextEquiv index="1" conf="0.9874280840158463">
              <Unicode>u</Unicode>
            </TextEquiv>
          </Glyph>
          <Glyph id="w24530g5">
            <Coords points="384,1439 388,1439 388,1475 384,1475"/>
            <TextEquiv index="1" conf="0.9896087646484375">
              <Unicode>a</Unicode>
            </TextEquiv>
          </Glyph>
          <Glyph id="w24530g6">
            <Coords points="400,1439 403,1439 403,1475 400,1475"/>
            <TextEquiv index="1" conf="0.9998933225870132">
              <Unicode>n</Unicode>
            </TextEquiv>
          </Glyph>
          <Glyph id="w24530g7">
            <Coords points="423,1439 426,1439 426,1475 423,1475"/>
            <TextEquiv index="1" conf="0.9575114697217941">
              <Unicode>d</Unicode>
            </TextEquiv>
          </Glyph>
          <Glyph id="w24530g8">
            <Coords points="438,1439 442,1439 442,1475 438,1475"/>
            <TextEquiv index="1" conf="0.9995774179697037">
              <Unicode>o</Unicode>
            </TextEquiv>
          </Glyph>
          <Glyph id="w24530g9">
            <Coords points="457,1439 457,1439 457,1475 457,1475"/>
            <TextEquiv index="1" conf="0.939017117023468">
              <Unicode>.</Unicode>
            </TextEquiv>
          </Glyph>
          <TextEquiv index="1" conf="0.871866340343026">
            <Unicode>aliquando.</Unicode>
          </TextEquiv>
        </Word>
        <TextEquiv index="1" conf="0.9932859733148858">
          <Unicode>ſtratu cogitaſti aliquando.</Unicode>
        </TextEquiv>
      </TextLine>
      <TextLine id="r0_l041">
        <Coords points="443,1500 553,1497 553,1473 443,1476 443,1500"/>
        <Word id="w24531">
          <Coords points="446,1473 549,1473 549,1500 446,1500"/>
          <Glyph id="w24531g0">
            <Coords points="446,1473 472,1473 472,1500 446,1500"/>
            <TextEquiv index="1" conf="0.9872773885726929">
              <Unicode>M</Unicode>
            </TextEquiv>
          </Glyph>
          <Glyph id="w24531g1">
            <Coords points="503,1473 503,1473 503,1500 503,1500"/>
            <TextEquiv index="1" conf="0.945371369520823">
              <Unicode>I</Unicode>
            </TextEquiv>
          </Glyph>
          <Glyph id="w24531g2">
            <Coords points="530,1473 534,1473 534,1500 530,1500"/>
            <TextEquiv index="1" conf="0.9855212718248367">
              <Unicode>S</Unicode>
            </TextEquiv>
          </Glyph>
          <Glyph id="w24531g3">
            <Coords points="549,1473 549,1473 549,1500 549,1500"/>
            <TextEquiv index="1" conf="0.8911156058311462">
              <Unicode>.</Unicode>
            </TextEquiv>
          </Glyph>
          <TextEquiv index="1" conf="0.8196749978962847">
            <Unicode>MIS.</Unicode>
          </TextEquiv>
        </Word>
        <TextEquiv index="1" conf="0.9523214089373747">
          <Unicode>MIS.</Unicode>
        </TextEquiv>
      </TextLine>
      <TextLine id="r0_l042">
        <Coords points="133,1551 658,1539 657,1503 132,1515 133,1551"/>
        <Word id="w24532">
          <Coords points="147,1503 251,1503 251,1551 147,1551"/>
          <Glyph id="w24532g0">
            <Coords points="147,1503 147,1503 147,1551 147,1551"/>
            <TextEquiv index="1" conf="0.9991268068552017">
              <Unicode>C</Unicode>
            </TextEquiv>
          </Glyph>
          <Glyph id="w24532g1">
            <Coords points="159,1503 163,1503 163,1551 159,1551"/>
            <TextEquiv index="1" conf="0.9994343519210815">
              <Unicode>o</Unicode>
            </TextEquiv>
          </Glyph>
          <Glyph id="w24532g2">
            <Coords points="179,1503 183,1503 183,1551 179,1551"/>
            <TextEquiv index="1" conf="0.9994881898164749">
              <Unicode>g</Unicode>
            </TextEquiv>
          </Glyph>
          <Glyph id="w24532g3">
            <Coords points="191,1503 191,1503 191,1551 191,1551"/>
            <TextEquiv index="1" conf="0.9998027980327606">
              <Unicode>i</Unicode>
            </TextEquiv>
          </Glyph>
          <Glyph id="w24532g4">
            <Coords points="199,1503 203,1503 203,1551 199,1551"/>
            <TextEquiv index="1" conf="0.9997936934232712">
              <Unicode>t</Unicode>
            </TextEquiv>
          </Glyph>
          <Glyph id="w24532g5">
            <Coords points="207,1503 211,1503 211,1551 207,1551"/>
            <TextEquiv index="1" conf="0.9987694770097733">
              <Unicode>a</Unicode>
            </TextEquiv>
          </Glyph>
          <Glyph id="w24532g6">
            <Coords points="223,1503 227,1503 227,1551 223,1551"/>
            <TextEquiv index="1" conf="0.9673071503639221">
              <Unicode>ſ</Unicode>
            </TextEquiv>
          </Glyph>
          <Glyph id="w24532g7">
            <Coords points="235,1503 235,1503 235,1551 235,1551"/>
            <TextEquiv index="1" conf="0.9876997023820877">
              <Unicode>ſ</Unicode>
            </TextEquiv>
          </Glyph>
          <Glyph id="w24532g8">
            <Coords points="247,1503 251,1503 251,1551 247,1551"/>
            <TextEquiv index="1" conf="0.9964512586593628">
              <Unicode>e</Unicode>
            </TextEquiv>
          </Glyph>
          <TextEquiv index="1" conf="0.9486105147665753">
            <Unicode>Cogitaſſe</Unicode>
          </TextEquiv>
        </Word>
        <Word id="w24533">
          <Coords points="279,1503 303,1503 303,1551 279,1551"/>
          <Glyph id="w24533g0">
            <Coords points="279,1503 279,1503 279,1551 279,1551"/>
            <TextEquiv index="1" conf="0.9971736371517181">
              <Unicode>m</Unicode>
            </TextEquiv>
          </Glyph>
          <Glyph id="w24533g1">
            <Coords points="299,1503 303,1503 303,1551 299,1551"/>
            <TextEquiv index="1" conf="0.9990129619836807">
              <Unicode>e</Unicode>
            </TextEquiv>
          </Glyph>
          <TextEquiv index="1" conf="0.996189388862978">
            <Unicode>me</Unicode>
          </TextEquiv>
        </Word>
        <Word id="w24534">
          <Coords points="331,1503 391,1503 391,1551 331,1551"/>
          <Glyph id="w24534g0">
            <Coords points="331,1503 331,1503 331,1551 331,1551"/>
            <TextEquiv index="1" conf="0.9998692274093628">
              <Unicode>h</Unicode>
            </TextEquiv>
          </Glyph>
          <Glyph id="w24534g1">
            <Coords points="347,1503 351,1503 351,1551 347,1551"/>
            <TextEquiv index="1" conf="0.9879061281681061">
              <Unicode>a</Unicode>
            </TextEquiv>
          </Glyph>
          <Glyph id="w24534g2">
            <Coords points="363,1503 367,1503 367,1551 363,1551"/>
            <TextEquiv index="1" conf="0.9059191644191742">
              <Unicode>u</Unicode>
            </TextEquiv>
          </Glyph>
          <Glyph id="w24534g3">
            <Coords points="387,1503 391,1503 391,1551 387,1551"/>
            <TextEquiv index="1" conf="0.9999056905508041">
              <Unicode>d</Unicode>
            </TextEquiv>
          </Glyph>
          <TextEquiv index="1" conf="0.8947616650734859">
            <Unicode>haud</Unicode>
          </TextEquiv>
        </Word>
        <Word id="w24535">
          <Coords points="415,1503 515,1503 515,1551 415,1551"/>
          <Glyph id="w24535g0">
            <Coords points="415,1503 415,1503 415,1551 415,1551"/>
            <TextEquiv index="1" conf="0.9984508454799652">
              <Unicode>e</Unicode>
            </TextEquiv>
          </Glyph>
          <Glyph id="w24535g1">
            <Coords points="427,1503 435,1503 435,1551 427,1551"/>
            <TextEquiv index="1" conf="0.997196763753891">
              <Unicode>q</Unicode>
            </TextEquiv>
          </Glyph>
          <Glyph id="w24535g2">
            <Coords points="443,1503 447,1503 447,1551 443,1551"/>
            <TextEquiv index="1" conf="0.9984341859817505">
              <Unicode>u</Unicode>
            </TextEquiv>
          </Glyph>
          <Glyph id="w24535g3">
            <Coords points="459,1503 463,1503 463,1551 459,1551"/>
            <TextEquiv index="1" conf="0.9886742681264877">
              <Unicode>i</Unicode>
            </TextEquiv>
          </Glyph>
          <Glyph id="w24535g4">
            <Coords points="475,1503 479,1503 479,1551 475,1551"/>
            <TextEquiv index="1" conf="0.9999058842658997">
              <Unicode>d</Unicode>
            </TextEquiv>
          </Glyph>
          <Glyph id="w24535g5">
            <Coords points="491,1503 495,1503 495,1551 491,1551"/>
            <TextEquiv index="1" conf="0.9972027242183685">
              <Unicode>e</Unicode>
            </TextEquiv>
          </Glyph>
          <Glyph id="w24535g6">
            <Coords points="511,1503 515,1503 515,1551 511,1551"/>
            <TextEquiv index="1" conf="0.9521146416664124">
              <Unicode>m</Unicode>
            </TextEquiv>
          </Glyph>
          <TextEquiv index="1" conf="0.9330653188525762">
            <Unicode>equidem</Unicode>
          </TextEquiv>
        </Word>
        <Word id="w24536">
          <Coords points="551,1503 655,1503 655,1551 551,1551"/>
          <Glyph id="w24536g0">
            <Coords points="551,1503 555,1503 555,1551 551,1551"/>
            <TextEquiv index="1" conf="0.9996696710586548">
              <Unicode>m</Unicode>
            </TextEquiv>
          </Glyph>
          <Glyph id="w24536g1">
            <Coords points="571,1503 575,1503 575,1551 571,1551"/>
            <TextEquiv index="1" conf="0.9997405856847763">
              <Unicode>e</Unicode>
            </TextEquiv>
          </Glyph>
          <Glyph id="w24536g2">
            <Coords points="591,1503 595,1503 595,1551 591,1551"/>
            <TextEquiv index="1" conf="0.9996110945940018">
              <Unicode>m</Unicode>
            </TextEquiv>
          </Glyph>
          <Glyph id="w24536g3">
            <Coords points="611,1503 611,1503 611,1551 611,1551"/>
            <TextEquiv index="1" conf="0.99996617436409">
              <Unicode>i</Unicode>
            </TextEquiv>
          </Glyph>
          <Glyph id="w24536g4">
            <Coords points="619,1503 623,1503 623,1551 619,1551"/>
            <TextEquiv index="1" conf="0.9997548311948776">
              <Unicode>n</Unicode>
            </TextEquiv>
          </Glyph>
          <Glyph id="w24536g5">
            <Coords points="639,1503 639,1503 639,1551 639,1551"/>
            <TextEquiv index="1" conf="0.9979811161756516">
              <Unicode>i</Unicode>
            </TextEquiv>
          </Glyph>
          <Glyph id="w24536g6">
            <Coords points="651,1503 655,1503 655,1551 651,1551"/>
            <TextEquiv index="1" conf="0.917341947555542">
              <Unicode>.</Unicode>
            </TextEquiv>
          </Glyph>
          <TextEquiv index="1" conf="0.914339126984522">
            <Unicode>memini.</Unicode>
          </TextEquiv>
        </Word>
        <TextEquiv index="1" conf="0.9903432672674005">
          <Unicode>Cogitaſſe me haud equidem memini.</Unicode>
        </TextEquiv>
      </TextLine>
      <TextLine id="r0_l043">
        <Coords points="655,1577 737,1575 736,1540 654,1542 655,1577"/>
        <Word id="w24537">
          <Coords points="664,1540 699,1540 699,1577 664,1577"/>
          <Glyph id="w24537g0">
            <Coords points="664,1540 664,1540 664,1577 664,1577"/>
            <TextEquiv index="1" conf="0.9571893662214279">
              <Unicode>I</Unicode>
            </TextEquiv>
          </Glyph>
          <Glyph id="w24537g1">
            <Coords points="695,1540 699,1540 699,1577 695,1577"/>
            <TextEquiv index="1" conf="0.9427560716867447">
              <Unicode>4</Unicode>
            </TextEquiv>
          </Glyph>
          <TextEquiv index="1" conf="0.9023960867592382">
            <Unicode>I4</Unicode>
          </TextEquiv>
        </Word>
        <TextEquiv index="1" conf="0.9499727189540863">
          <Unicode>I4</Unicode>
        </TextEquiv>
      </TextLine>
      <TextLine id="r0_l044">
        <Coords points="44,1741 131,1739 130,1695 1,1698 1,1741 44,1741"/>
        <TextEquiv index="1" conf="0.0">
          <Unicode></Unicode>
        </TextEquiv>
      </TextLine>
      <TextLine id="r0_l045">
        <Coords points="149,1736 261,1734 261,1710 149,1712 149,1736"/>
        <TextEquiv index="1" conf="0.0">
          <Unicode></Unicode>
        </TextEquiv>
      </TextLine>
      <TextLine id="r0_l046">
        <Coords points="996,1717 997,1717 996,1713 997,1712 997,1703 997,1702 989,1703 988,1702 987,1702 985,1700 981,1700 979,1698 945,1698 944,1699 933,1700 930,1702 930,1703 928,1706 926,1706 925,1706 925,1707 925,1708 924,1708 923,1708 923,1711 923,1712 913,1712 912,1713 907,1713 906,1714 907,1714 909,1714 910,1715 910,1717 914,1717 915,1718 919,1718 920,1719 996,1717"/>
        <TextEquiv index="1" conf="0.0">
          <Unicode></Unicode>
        </TextEquiv>
      </TextLine>
      <TextLine id="r0_l047">
        <Coords points="851,1734 852,1732 854,1732 855,1732 855,1729 855,1728 859,1728 860,1728 860,1727 860,1726 894,1726 895,1725 904,1724 905,1724 905,1722 905,1721 908,1721 909,1721 909,1720 910,1719 909,1718 908,1718 908,1715 907,1714 889,1715 888,1714 888,1713 882,1713 881,1712 881,1710 880,1710 880,1711 880,1712 857,1712 856,1713 839,1714 838,1715 827,1715 827,1716 827,1717 826,1718 826,1726 825,1727 825,1730 824,1730 820,1730 819,1714 819,1713 818,1714 819,1730 818,1730 813,1730 813,1731 827,1731 828,1732 837,1732 838,1732 838,1733 838,1734 851,1734"/>
        <TextEquiv index="1" conf="0.0">
          <Unicode></Unicode>
        </TextEquiv>
      </TextLine>
      <TextLine id="r0_l048">
        <Coords points="980,1740 981,1739 997,1738 997,1718 996,1717 919,1719 919,1720 919,1722 918,1722 912,1722 911,1724 911,1725 910,1725 867,1726 867,1727 867,1728 866,1728 863,1728 863,1729 863,1730 862,1730 859,1730 858,1731 855,1731 855,1732 865,1732 866,1731 896,1731 897,1732 920,1731 921,1732 921,1733 924,1733 925,1733 925,1734 925,1735 929,1735 930,1735 930,1737 933,1740 943,1740 944,1741 980,1740"/>
        <TextEquiv index="1" conf="0.0">
          <Unicode></Unicode>
        </TextEquiv>
      </TextLine>
    </TextRegion>
  </Page>
</PcGts>
