1000 1743
442 64 692 88 AI
207 67 870 108 DAMA. CmCa.I;
6 113 947 179 eLxXxa,,,.,,t
11 122 412 153 3N Y
239 159 734 214 SCENA III.
12 209 869 272 MISOPONUS, TIMANDER, ERGAo v0.
51 249 861 299 ERGASTUS, in poſt- ſcenio herum cogens procedere.
12 302 811 385 prodi vel ſic togatus, & tutoris conſpectum ſubi.
59 294 868 349 ORODIigitur... prodi, inquam... quid reſtitas?...
73 370 823 423 MIS. veſte indutus cubiculari, ac blæsâ voce verba
377 414 550 454 ſuppiantans.
66 441 874 502 Quòd tibi, Timander, adſim tam malè ornatus, tam
13 479 875 537 incompoſitus, veniam dabis. Nam quis te hic loci poſt
14 521 876 574 tam longam peregrinationem, tam mane adfuturum cre-
14 568 152 616 deret?
362 600 525 630 TI.
98 628 878 679 Et verò nimium advenio intempeſtivè! Sol nondum
15 674 571 733 planè medium confecit curſum.
124 702 826 753 MIS. reſpiciens ad ſolem, ejusque lucis impatiens.
66 739 881 785 Itane verò! at ego vixdum illuxiſſe credidi. Sed hoc ne
16 775 882 834 mirere, qui me noctu fugit ſomnus, ſi occupet interdiu.
432 818 572 858 IIM.
109 850 885 889 Hoe nihil miror. Somniculoſos homines quovis tem-
16 886 886 942 pore ſomnus occupat. Dormitum adeò per me redeas licet,
17 921 886 974 cum interrogavero de re, quæ & mihi nunciata eſt abſen-
15 958 796 1015 ti, & heri in hanc urbem redeunti confirmata eſt.
428 999 538 1029 M iS.
114 1028 889 1081 Interrogare potes, quantum voles, ſed enim ſedendo,
16 1072 702 1117 quod ſcire cupis, ex me commodiùs audies.
20 1110 56 1127 ſ
430 1111 541 1150 TI.
54 1139 892 1181 Satis audiam commodè, ſi quid commodè reſponderis.
16 1177 895 1228 Quæro igitur ex te, an tibi certum ſit forenſe munus,
17 1210 846 1264 quod tibi moriens reliquit pater, alienare & vendere?
434 1257 543 1286 IS.
124 1282 897 1331 Certum hoc & fixum eſt; idemque mihi animus hodie,
18 1320 897 1369 qui ſemper antea fuit, à magiſtratu gerendo planè alienus.
446 1371 552 1390 TIM.
129 1392 903 1435 Non is tibi animus ſemper fuit, & de ineundo magi-
25 1439 462 1475 ſtratu cogitaſti aliquando.
443 1473 553 1500 MIS.
132 1503 658 1551 Cogitaſſe me haud equidem memini.
654 1540 737 1577 I4
1 1695 131 1741 t
149 1710 261 1736 te
813 1710 910 1734 a-
855 1717 997 1741 i
