1000 1743
353 64 727 125 MISOPONS.

130 72 179 110 a36

497 128 584 159 TIM.

167 153 209 213 Non
240 153 251 213 tu
282 153 412 213 cogitabas,
443 153 481 213 eum
508 153 554 213 juri
580 153 680 213 diſcendo
703 153 787 213 operam
821 153 890 213 dares?

491 202 515 233 M
543 202 591 233 IS.

179 217 212 294 Qui
229 217 275 294 iuri
300 217 349 294 dant
379 217 462 294 operam
487 217 599 294 iuvenes,
619 217 640 294 an
661 217 694 294 illi
715 217 765 294 verè
790 217 806 294 de
823 217 898 294 aliquâ
918 217 935 294 re

133 267 248 306 cogitant?

494 314 585 343 TIM.

168 326 214 400 Non
243 326 256 400 tu
285 326 381 400 ſubinde
406 326 522 400 cogitaſti,
556 326 593 400 cùm
626 326 693 400 vivo,
722 326 756 400 ſed
781 326 939 400 decumhente

126 377 159 442 jam
189 377 265 442 patre,
295 377 397 442 initurus
430 377 576 442 magiſtratum
613 377 770 442 propediem,
803 377 869 442 ætatis
898 377 931 442 ve-

125 415 178 462 niam
209 415 307 462 peteres,
342 415 356 462 &
374 415 496 462 adnitente
524 415 562 462 me,
587 415 741 462 impetrares?

482 460 506 489 M
534 460 578 489 IS.

163 475 195 547 Ne
215 475 255 547 tum
287 475 387 547 cogitavi
410 475 514 547 quidem.
570 475 662 547 Quandiu
702 475 749 547 enim
785 475 841 547 vixit
869 475 929 547 pater

125 527 240 583 optimus,
272 527 310 583 ego
334 527 432 583 curarum
460 527 474 583 in
509 527 530 583 me
554 527 628 583 recepi
645 527 715 583 nihil;
739 527 792 583 huic
823 527 844 583 me
879 527 928 583 mea-

122 565 163 625 que
181 565 276 625 permiſi
302 565 389 625 omnia;
411 565 430 625 at
452 565 488 625 illo
510 565 598 625 ſublato
620 565 620 625 è
642 565 711 625 vivis,
748 565 799 625 cœpi
825 565 927 625 rationes

129 598 173 647 vitæ
202 598 279 647 mecum
305 598 408 647 exigere,
437 598 459 647 ut
481 598 558 647 debui,
587 598 679 647 ſeduiò,
708 598 727 647 &
745 598 782 647 per
807 598 892 647 otium.

477 641 481 679 E
515 641 577 679 R.

165 670 200 726 Per
223 670 307 726 otium,
338 670 403 726 credo
429 670 548 726 equidem,
571 670 590 726 at
613 670 705 726 ſedulò,
732 670 770 726 non
793 670 839 726 ita.

377 712 480 756 MIS.
507 712 533 756 ad
552 712 651 756 ſerum.

162 745 214 805 Quid
238 745 386 805 obloqueris?
410 745 434 805 ita
462 745 538 805 ſedulò
561 745 581 805 &
609 745 685 805 mecum
717 745 733 805 &
753 745 797 805 eum
829 745 925 805 amicis.

474 788 478 828 E
506 788 569 828 RG.

152 802 172 874 Id
200 802 224 874 eſt
252 802 288 874 eum
324 802 455 874 Morologo
483 802 591 874 garrulo,
623 802 639 874 &
667 802 734 874 riſore
758 802 922 874 inſulſiſſimo,

115 856 153 913 eum
181 856 356 913 Amphitheoro
384 856 548 913 Comœdiarum
573 856 699 913 ſpectatore
723 856 849 913 perpetuo,
870 856 912 913 cum

111 892 226 945 Neopiſto
251 892 370 945 rumorum
398 892 485 945 aueupe
513 892 534 945 &
552 892 706 945 buecinatore
730 892 923 945 imprudentiſſi-

122 930 160 982 mo,
191 930 233 982 cum
252 930 302 982 aliis
317 930 443 982 juvenibus
462 930 482 982 id
508 930 573 982 genus
596 930 669 982 pigris
692 930 707 982 &
727 930 857 982 inertibus,
883 930 922 982 qui

111 970 129 1023 te
144 970 184 1023 non
210 970 246 1023 tam
276 970 371 1023 naturâ,
400 970 459 1023 quàm
492 970 609 1023 voluntate
639 970 727 1023 deſidem
756 970 800 1023 ſuis
822 970 921 1023 conſiliis

116 1000 130 1041 &
152 1000 266 1041 exemplis
280 1000 284 1041 à
306 1000 382 1041 labore
404 1000 430 1041 ad
448 1000 514 1041 otium
543 1000 715 1041 traduxerunt.

457 1045 485 1072 M
512 1045 559 1072 IS.

145 1070 167 1111 At
196 1070 258 1111 mihi,
291 1070 386 1111 opinor,
415 1070 433 1111 ex
455 1070 517 1111 ſervo
535 1070 572 1111 fies
597 1070 685 1111 cenſor.

501 1124 562 1143 IM.

150 1146 210 1196 Paree
234 1146 342 1196 obloqui,
366 1146 465 1196 Ergaſte;
497 1146 513 1196 &
529 1146 597 1196 herus
617 1146 756 1196 reſpondeat
768 1146 820 1196 ſine.
856 1146 912 1196 Doce

114 1185 152 1241 me,
179 1185 263 1241 quæſo,
290 1185 436 1241 Miſopone.
462 1185 508 1241 quæ
528 1185 543 1241 te
566 1185 619 1241 cauſa
642 1185 772 1241 forenſibus
795 1185 876 1241 officiis
895 1185 910 1241 &

104 1218 234 1252 honoribus
255 1218 293 1252 tam
318 1218 433 1252 inſenſum
461 1218 552 1252 reddat?

456 1262 480 1289 M
511 1262 558 1289 IS.

141 1288 156 1328 Si
181 1288 272 1328 dixero,
302 1288 342 1328 non
371 1288 459 1328 credes.

463 1333 553 1361 TIM.

150 1364 228 1402 Quidni
249 1364 353 1402 credam,
378 1364 386 1402 ſi
411 1364 465 1402 quid
490 1364 593 1402 eredibile
623 1364 718 1402 dixeris?

446 1404 549 1433 MIS.

144 1431 243 1471 Deſidiam
277 1431 343 1471 eredis
364 1431 476 1471 forſitan.

451 1478 542 1506 TIM.

130 1507 194 1556 Hane
214 1507 317 1556 equidem
345 1507 461 1556 ſuſpicor.

97 1696 97 1740 -
