1000 1743
249 86 770 129 MISOPONUS,
48 93 250 128 HS
430 129 580 167 TI.
134 162 992 222 Quid? an militiæ nomen dare veli,& avuncali tai,
114 212 784 249 qui caſtra cum laude ſequitur veſtigiis inſiſtere.
396 252 570 280 MIS.
146 279 991 329 In militiâ magnum audio periculum eſſe ne quid facias
109 323 991 362 per armorum licentiam, aut fieri permittas quod facere,
109 360 991 404 vel permittere non liceat; iſtud ſubire periculum vetat
110 398 423 427 animi conſcientia.
331 433 698 476 ERG. à parte.
145 468 367 496 Hoe eſt inertis.
429 508 576 545 TI.
106 539 989 589 Neque te ſiet animi conſcientia aliquo in aulâ defungi
84 576 226 606 munere.
404 609 565 643 MIS.
104 650 918 691 Aulam ex ſapientum judicio & ſermone ſi æſtimare li-
39 686 987 727 cet, ibi virtus parum tuto ingreditur pede, ibi lubrica via
102 726 988 764 eſt; impulſio multa; lapſus frequens; caſus gravis. Hac
72 763 985 806 de re nolle aliis credere, id velle meo experiri periculo
102 801 438 841 vetat animi conſcientia.
392 837 566 862 TIM.
80 868 988 913 Neſciebam profectò te ita conſtrictum eſſe animi con-
27 909 216 944 ſcientiâ.
375 938 560 972 MIS.
133 985 358 1010 Ita ſum tamen.
446 1008 560 1045 TI.
131 1052 984 1092 Sed age, quæ te removet a omni munere animi con-
93 1090 984 1130 ſcientia, an non remordet, quòd iſtam foveas, quam ſe-
94 1125 590 1164 queris, vitam inertem & otioſam?
378 1166 557 1193 MIS.
82 1200 254 1228 Minimè.
439 1239 554 1264 TI.
62 1259 981 1311 Et hoc miror: ſed ita ſunt homines plerique ibi caut
87 1307 978 1348 ſunt & timidi, ubi res tuta eſt, ibi ſecuri & audaces, ubi
84 1344 580 1387 periculum, ubi ſæpe flsgitium eſt.
446 1384 553 1407 IS.
87 1411 973 1454 Nam quid ego flagitii admitto in quo reclamet animi
80 1450 974 1490 conſcientia? an perdiè ludo ut Pætophiius? an damnosè
79 1489 971 1529 bibo, ut Oenophilus? an, ſicuti Philedonus, inſano amore
78 1522 173 1577 pereo?
1 1695 264 1740 tc
812 1712 909 1741 t
