1000 1743
334 86 716 129 MISOPONUS,

131 93 170 128 138

483 129 573 167 TIM.

169 162 234 222 Quid?
258 162 281 222 an
318 162 402 222 militiæ
426 162 510 222 nomen
542 162 589 222 dare
617 162 678 222 velis,
715 162 729 222 &
752 162 864 222 avuneuli
883 162 925 222 tui,

121 212 155 249 qui
178 212 239 249 caſtra
266 212 308 249 cum
335 212 400 249 laude
423 212 523 249 ſequitur
546 212 646 249 veſtigiis
661 212 776 249 inſiſtere.

467 252 566 280 MIS.

153 279 165 329 In
205 279 277 329 militiâ
309 279 409 329 magnum
433 279 501 329 audio
521 279 644 329 perieulum
676 279 712 329 eſſe
736 279 760 329 ne
784 279 836 329 quid
856 279 920 329 faeias

113 323 148 362 per
169 323 284 362 armorum
312 323 445 362 licentiam,
473 323 508 362 aut
532 323 574 362 fieri
599 323 721 362 permittas
749 323 808 362 quod
832 323 916 362 facere,

119 360 150 404 vel
169 360 310 404 permittere
337 360 372 404 non
402 360 490 404 liceat;
524 360 582 404 iſtud
609 360 677 404 ſubire
700 360 827 404 periculum
861 360 918 404 vetat

111 398 188 427 animi
209 398 362 427 conſcientia.

399 433 407 476 E
439 433 447 476 R
483 433 503 476 G.
535 433 539 476 à
559 433 631 476 parie.

151 468 197 496 Hoe
219 468 242 496 eſt
265 468 359 496 inertia.

476 508 570 545 TIM.

150 539 230 589 Neque
246 539 262 589 te
286 539 338 589 ſinet
354 539 430 589 animi
454 539 590 589 eonſeientia
610 539 690 589 aliquo
714 539 726 589 in
750 539 794 589 aulâ
822 539 918 589 defungi

120 576 221 606 munere.

463 609 562 643 MIS.

146 650 219 691 Aulam
256 650 278 691 ex
296 650 420 691 ſapientum
449 650 537 691 iudicio
563 650 577 691 &
599 650 702 691 ſermone
723 650 734 691 ſi
764 650 862 691 æſtimare
888 650 910 691 li-

110 686 151 727 cet,
180 686 206 727 ibi
231 686 301 727 virtus
319 686 393 727 purum
418 686 466 727 tuto
488 686 623 727 ingreditur
642 686 708 727 pede,
730 686 759 727 ibi
777 686 862 727 lubrica
884 686 906 727 via

112 726 147 764 eſt;
173 726 284 764 impulſio
311 726 391 764 multa:
418 726 491 764 lapſus
506 726 632 764 frequens:
663 726 716 764 caſus
743 726 823 764 gravis.
869 726 911 764 Hac

110 763 129 806 de
154 763 169 806 re
191 763 249 806 nolle
268 763 319 806 aliis
344 763 447 806 eredere,
472 763 494 806 id
524 763 575 806 velle
611 763 651 806 meo
681 763 779 806 experiri
801 763 907 806 perieulo

108 801 164 841 vetat
183 801 256 841 animi
278 801 429 841 conſcientia.

467 837 558 862 TIM.

140 868 270 913 Neſcĩebam
297 868 396 913 profectò
426 868 442 913 te
468 868 491 913 ita
526 868 667 913 conſtrictum
705 868 740 913 eſſe
759 868 835 913 animi
858 868 908 913 con-

106 909 214 944 ſcientiâ.

458 938 557 972 MIS.

137 985 162 1010 Ita
190 985 228 1010 ſum
256 985 350 1010 tamen.

464 1008 554 1045 TIM.

136 1052 178 1092 Sed
192 1052 248 1092 age,
276 1052 318 1092 quæ
339 1052 356 1092 te
377 1052 482 1092 removet
500 1052 608 1092 abomni
643 1052 727 1092 munere
752 1052 822 1092 animi
857 1052 906 1092 con-

98 1090 204 1130 ſcienti,
230 1090 248 1130 an
278 1090 314 1130 non
343 1090 475 1130 remordet,
501 1090 563 1130 quòd
581 1090 640 1130 iſtam
665 1090 757 1130 foveas,
786 1090 844 1130 quam
874 1090 903 1130 ſe-

99 1125 186 1164 queris,
221 1125 277 1164 vitam
302 1125 400 1164 inertem
435 1125 449 1164 &
470 1125 582 1164 otioſam?

453 1166 553 1193 MIS.

132 1200 247 1228 Minimè.

459 1239 551 1264 TIM.

138 1259 154 1311 Et
170 1259 210 1311 hoe
238 1259 318 1311 miror:
342 1259 378 1311 ſed
402 1259 426 1311 ita
458 1259 506 1311 ſunt
530 1259 634 1311 homines
658 1259 766 1311 plerique
790 1259 822 1311 ibi
846 1259 890 1311 cant

93 1307 143 1348 ſunt
166 1307 185 1348 &
201 1307 293 1348 timidi,
319 1307 354 1348 ubi
384 1307 411 1348 res
434 1307 476 1348 tuta
503 1307 538 1348 eſt,
564 1307 595 1348 ibi
606 1307 679 1348 ſecuri
695 1307 714 1348 &
729 1307 840 1348 audaces,
859 1307 897 1348 ubi

89 1344 236 1387 perieulum,
261 1344 298 1387 ubi
320 1344 371 1387 ſæpe
393 1344 502 1387 fisgitium
535 1344 572 1387 eſt.

448 1384 545 1407 MIS.

125 1411 173 1454 Nam
202 1411 254 1454 quid
283 1411 320 1454 ego
349 1411 430 1454 ſlagitii
455 1411 554 1454 admitto
580 1411 595 1454 in
628 1411 668 1454 quo
694 1411 800 1454 reelamet
818 1411 892 1454 animi

89 1450 243 1490 conſcientia?
273 1450 291 1490 an
317 1450 401 1490 perdiè
419 1450 474 1490 ludo
500 1450 522 1490 ut
548 1450 702 1490 Pærophilus?
746 1450 746 1490 n
782 1450 878 1490 damnos
889 1450 892 1490 è

84 1489 154 1529 bibo,
183 1489 202 1529 ut
227 1489 381 1529 Oenophilus?
399 1489 439 1529 an,
458 1489 520 1529 ſieuti
542 1489 696 1529 Philedonus,
714 1489 795 1529 inſano
831 1489 890 1529 more

88 1522 167 1577 pereo?
