1000 1743
254 72 403 106 RAMA.
440 72 686 106 COMICUM.
811 72 853 106 I39

425 126 519 160 TIM.

92 154 204 201 Intelligo
225 154 279 201 quid
300 154 333 201 non
358 154 391 201 ſis?
420 154 495 201 nontu
515 154 615 201 aleator,
636 154 673 201 non
698 154 789 201 helluo,
810 154 848 201 non

51 198 158 236 amator;
187 198 311 236 quanquam
341 198 384 236 hæe
410 198 480 236 omnia
505 198 538 236 per
567 198 633 236 otium
666 198 710 236 fieri
728 198 805 236 potes,
838 198 857 236 &

54 234 119 277 brevi
138 234 230 277 fortaſſe
253 234 292 277 fies.
326 234 361 277 Sed
384 234 453 277 futura
480 234 575 277 omitto,
602 234 621 277 de
637 234 786 277 præſentibus
802 234 859 277 quæ-

57 271 85 319 ro.
125 271 173 319 Quid
197 271 233 319 non
264 271 324 319 eſſes,
352 271 436 319 dixiſti;
472 271 496 319 die
511 271 611 319 amabo,
635 271 683 319 quid
703 271 739 319 ſis?

390 312 488 345 MIS.

105 339 157 392 Quid
174 339 222 392 ſim,
243 339 326 392 rogas?
365 339 451 392 ænigma
473 339 585 392 loqueris.
615 339 633 392 Id
659 339 698 392 ego
719 339 775 392 ſum,
797 339 858 392 quod

57 376 117 428 ſum;
145 376 205 428 quod
224 376 260 428 eſſe
292 376 316 428 me
340 376 412 428 vides.

420 418 509 448 TIM.

96 453 205 497 Apertiùs
222 453 330 497 quæram.
365 453 399 497 Die
430 453 477 497 mihi
495 453 547 497 quid
568 453 590 497 ſis
607 453 620 497 in
646 453 746 497 familiâ,
776 453 828 497 quid
841 453 854 497 in

66 481 203 538 Reublica?

414 530 513 570 MIS.

101 563 140 608 Ego
162 563 179 608 &
196 563 209 608 in
240 563 322 608 familiâ
344 563 417 608 ſilius,
448 563 465 608 &
487 563 500 608 in
530 563 656 608 Republicâ
686 563 738 608 civis
773 563 859 608 minimè

70 600 144 647 malus.

419 639 514 679 TIM.

102 672 118 711 Et
147 672 235 711 minimè
260 672 352 711 bonus,
377 672 468 711 nemini
489 672 568 711 utilis,
597 672 618 711 &
639 672 702 711 planè
731 672 864 711 deſidioſus.

406 714 430 751 M
461 714 504 751 IS.

93 744 133 783 Me
148 744 148 783 ·
170 744 192 783 ne
221 744 367 783 Ardelionum
400 744 436 783 eſſe
466 744 513 783 velis
539 744 550 783 in
579 744 692 783 numero,
722 744 758 783 qui
780 744 864 783 alienis

62 775 102 825 ſeſe
118 775 222 825 negotiis
242 775 378 825 importunè
398 775 542 825 admiſcent,
570 775 658 825 ſemper
686 775 790 825 ſolliciti,
810 775 866 825 nun-

65 823 121 863 quam
149 823 233 863 quieti,
261 823 324 863 inviſi
340 823 388 863 aliis
412 823 428 863 &
444 823 484 863 ſibi
512 823 599 863 moleſti.
639 823 655 863 Oh
699 823 735 863 non
763 823 803 863 hoc
815 823 855 863 ſum

64 860 126 903 natus
151 860 263 903 ingenio.

421 893 516 924 TIM.

100 929 174 968 Nolim
196 929 210 968 te
232 929 243 968 in
272 929 422 968 Ardelionum
452 929 488 968 eſſe
506 929 620 968 numero,
645 929 682 968 ſed
697 929 711 968 te
737 929 858 968 otioſorum

65 963 163 1005 numero
185 963 251 1005 eximi
277 963 357 1005 velim;
390 963 426 1005 non
459 963 525 1005 peto,
554 963 576 1005 ut
602 963 671 1005 aliena
697 963 806 1005 procures
828 963 865 1005 ne-

69 1005 137 1045 gotia,
164 1005 199 1045 ſed
218 1005 248 1045 tua
275 1005 348 1045 eures,
375 1005 482 1045 quantum
508 1005 581 1045 potes:
612 1005 631 1045 &
650 1005 719 1045 aliena
746 1005 857 1045 interdum

66 1045 154 1084 reputes
177 1045 227 1084 tua.

407 1077 507 1106 MIS.

103 1109 126 1153 Ita
161 1109 195 1153 mes
218 1109 326 1153 procuras
341 1109 433 1153 negotia
456 1109 521 1153 (quæ
536 1109 567 1153 tua
586 1109 755 1153 benevolentia
781 1109 827 1153 eſt)
846 1109 869 1153 ut

75 1145 100 1190 me
122 1145 140 1190 de
159 1145 203 1190 illis
221 1145 283 1190 omni
305 1145 349 1190 eurâ
374 1145 469 1190 omnino
488 1145 583 1190 liberes;
608 1145 681 1190 aliena
707 1145 751 1190 verò
777 1145 868 1190 eurare.

69 1186 105 1222 ubi
124 1186 248 1222 periculum
281 1186 322 1222 eſt,
358 1186 384 1222 ne
402 1186 454 1222 quid
487 1186 534 1222 male
560 1186 692 1222 conſulam,
721 1186 776 1222 vetat
798 1186 872 1222 animi

73 1216 223 1264 conſcientia.

432 1254 525 1298 TIM.

104 1294 142 1329 Me
174 1294 261 1329 quoque
292 1294 345 1329 vetat
376 1294 450 1329 animi
478 1294 610 1329 conſcientia
645 1294 683 1329 cum
718 1294 802 1329 juvene
827 1294 862 1329 tam

286 1325 901 1404 XXXXXXXXXXXX.

71 1401 95 1440 iis
119 1401 135 1440 de
155 1401 195 1440 illo
211 1401 295 1440 forenſi
326 1401 410 1440 munere
438 1401 494 1440 quod
522 1401 605 1440 reſpuis
629 1401 737 1440 delibero.
793 1401 833 1440 Vale
857 1401 873 1440 &

79 1437 178 1471 quieſee.

429 1477 528 1503 MIS.

116 1507 220 1550 Ignoſce,
268 1507 402 1550 Timander,
437 1507 498 1550 quòd
523 1507 575 1550 ultrâ
606 1507 645 1550 non
675 1507 822 1550 ſubſequor,
853 1507 879 1550 ſic

81 1541 181 1587 ornatum
205 1541 304 1587 ulteriùs
320 1541 435 1587 progredi
455 1541 491 1587 non
523 1541 595 1587 decet.

954 1698 954 1719 r

952 1718 952 1740 t
