1000 1743
335 81 714 117 MISOPONUS,

127 89 127 117 r

118 130 210 178 nimium
242 130 342 178 oneroſa.
370 130 405 178 Hie
425 130 493 178 jaceas
513 130 553 178 dum
581 130 645 178 herus
669 130 772 178 quieſeit.
796 130 908 178 Miſerum

123 170 146 211 me
169 170 188 211 &
200 170 326 211 ſtolidum,
352 170 387 211 qui
417 170 440 211 me
463 170 486 211 diu
513 170 632 211 noctuque
647 170 765 211 vigilando
792 170 914 211 macerem,

119 206 135 253 &
157 206 177 253 ex
196 206 268 253 alienâ
287 206 383 253 ſegnitiâ
406 206 502 253 laborem
532 206 612 253 ſumam
643 206 762 253 peſſimum
815 206 911 253 dormiat

114 244 158 281 ſunẽ
184 244 330 281 Miſoponus
352 244 458 281 quantum
484 244 553 281 lubet.
586 244 630 281 Ejus
656 244 762 281 exemplo
787 244 853 281 vivam
882 244 912 281 de-

113 281 205 324 inees;
230 281 245 324 &
267 281 373 324 quantum
399 281 497 324 potero,
519 281 666 324 dormitabo:
695 281 849 324 quieſcamus.
878 281 914 324 Re-

112 317 200 355 ſupinus
221 317 231 355 in
263 317 347 355 catledr
382 317 448 355 ſomnu
497 317 602 355 advocat,
630 317 661 355 ſed
682 317 745 355 variis
769 317 913 355 cogitarioni-

125 353 143 399 us
164 353 332 399 interturbatus
353 353 447 399 vigilare
468 353 562 399 cogitur.
608 353 692 399 Atenim
723 353 866 399 dormiendo
884 353 915 399 res

117 391 236 436 domeſtiea
259 391 297 436 non
324 391 493 436 promovetur.
531 391 581 436 Quid
596 391 623 436 ad
650 391 688 436 me?
719 391 746 436 res
765 391 818 436 hero
838 391 914 436 perit,

113 428 149 470 non
186 428 252 470 mihi;
278 428 483 470 quieſcamus..
531 428 652 470 Quanquam
685 428 696 470 ſi
718 428 747 470 res
765 428 820 470 hero
839 428 916 470 perit,

113 464 197 511 peribit
217 464 237 511 &
253 464 325 511 ſervo.
361 464 412 511 Quid
436 464 500 511 tum?
524 464 600 511 relicto
624 464 767 511 Miſopono,
795 464 819 511 ad
835 464 903 511 alium

113 501 187 537 herum
216 501 355 537 eonvolabo.
410 501 568 537 Quieſcamus.

151 541 166 584 *.
181 541 196 584 v.
246 541 386 584 A..A..
435 541 894 584 AX..A...A...A.A.

296 595 302 633 S
373 595 379 633 C
439 595 528 633 EN
587 595 593 633 A
694 595 742 633 VI.

122 650 475 696 PÆDOTROPH
519 650 572 696 US,
611 650 616 696 E
645 650 915 696 RGASTUS.

467 702 569 730 PAED.

157 741 290 783 Nnondum
319 741 369 783 licet
386 741 494 783 alloqui?

325 780 329 822 E
361 780 421 822 RG.
453 780 525 822 ſedens
541 780 553 822 in
581 780 701 822 catbodr.

147 819 272 849 Nondum.

454 854 556 881 PÆD.

156 888 259 933 Quorſum
285 888 376 933 autem?

462 927 466 953 E
495 927 558 953 RG.

152 958 261 1000 Ouieſeit.

461 1001 465 1027 P
508 1001 559 1027 ÆD.

145 1035 185 1079 Heu
221 1035 257 1079 me;
289 1035 432 1079 quandonam
460 1035 532 1079 igitur
555 1035 687 1079 evigilabit?

462 1075 466 1100 E
498 1075 562 1100 RG.

143 1105 207 1151 Haud
227 1105 279 1151 ſeio.
311 1105 347 1151 Abi
367 1105 378 1151 in
410 1105 530 1151 cauponam
558 1105 705 1151 proximam;
733 1105 753 1151 &
773 1105 817 1151 illic
837 1105 901 1151 bibe:

107 1149 143 1186 tum
180 1149 283 1186 quieſce.

462 1183 566 1209 PED.

151 1217 159 1256 O
182 1217 277 1256 deſidial
308 1217 311 1256 ô
342 1217 384 1256 mala
407 1217 483 1256 peſtisl
510 1217 533 1256 ut
552 1217 670 1256 hominum
701 1217 831 1256 corrumpis
861 1217 899 1256 mo-

104 1255 132 1291 res
156 1255 254 1291 optimos
296 1255 412 1291 Alumnus
429 1255 464 1291 ille
496 1255 559 1291 meus,
590 1255 646 1291 quem
681 1255 727 1291 olim
758 1255 800 1291 vidi
818 1255 898 1291 animo

103 1291 138 1328 tam
170 1291 278 1328 vigilem,
303 1291 401 1328 ingenio
422 1291 460 1328 tam
495 1291 677 1328 miſericordem,
705 1291 765 1328 nune
782 1291 866 1328 dormit
877 1291 891 1328 in

102 1328 227 1370 utramque
249 1328 344 1370 aurem,
381 1328 399 1370 &
429 1328 451 1370 me
480 1328 597 1370 nutritium
630 1328 671 1370 neg
682 1328 729 1370 ligit
759 1328 836 1370 ſuum,
865 1328 902 1370 qni

103 1364 160 1396 illum
187 1364 206 1396 ah

455 1400 459 1429 E
490 1400 549 1429 RG.

139 1430 193 1476 Abi,
208 1430 319 1476 inquam,
342 1430 361 1476 &
377 1430 487 1476 quieſeere
507 1430 518 1476 ſi
545 1430 614 1476 minùs
633 1430 709 1476 potes,
732 1430 767 1476 nos
786 1430 897 1476 permitte

102 1472 168 1509 ſaltem
201 1472 337 1509 quieſcere.
373 1472 373 1509 ·
406 1472 553 1509 quieſcamus,

805 1543 805 1561 0

65 1695 65 1740 E

872 1711 900 1741 ee
