1000 1743
217 25 347 104 DRAM
376 25 415 104 A.
453 25 703 104 COMICUM.
829 25 829 104 u

363 108 371 155 D
400 108 552 155 ROM0.

96 145 162 201 Atqui
183 145 328 201 tamen...

407 167 511 214 MIS.

92 215 244 264 Manedum:
264 215 356 264 aliquid
384 215 404 264 de
424 215 440 264 te
460 215 492 264 fub
524 215 588 264 finem
616 215 724 264 epiſtolæ,
756 215 816 264 quod
836 215 864 264 lo-

62 251 110 304 gere
132 251 260 304 omiſeram.
304 251 326 304 De
345 251 359 304 te
381 251 462 304 quærit
484 251 502 304 ex
535 251 561 304 me
579 251 623 304 quo
645 251 667 304 ſis
686 251 799 304 ingeni,
821 251 861 304 quâ

59 289 117 342 fide,
146 289 225 342 quibus
258 289 362 342 moribus.
416 289 474 342 Dieei
499 289 515 342 te
540 289 607 342 paulò
632 289 756 342 ſegniorem
785 289 818 342 eſſe
843 289 860 342 &

62 331 99 384 otii
121 331 289 384 amantiorem.
344 331 520 384 Sæierùm...

370 367 382 399 D
416 367 416 399 R
459 367 505 399 O.M
543 367 562 399 0.

105 396 133 449 Fui
161 396 261 449 equidem
293 396 380 449 ſegnior
408 396 424 449 &
448 396 484 449 otii
500 396 635 449 amantior,
675 396 707 449 fed
735 396 859 449 emendsi

63 437 197 489 ſegnitiem,
228 437 346 489 poſtquam
373 437 431 489 illud
450 437 488 489 ſum
515 437 638 489 expertus,
661 437 722 489 quod
749 437 776 489 me
787 437 868 489 admo-

64 470 132 526 nebat
152 470 196 526 olim
224 470 288 526 herus
311 470 419 526 optimus:
431 470 503 526 pateri
519 470 579 526 tuus;
622 470 654 526 Qui
674 470 766 526 laborem
794 470 866 526 fugi,

71 522 169 568 miſeriam
199 522 294 568 reperit.

416 538 438 590 M
468 538 516 590 IS.

112 580 170 630 Dices
191 580 261 630 igitur
290 580 407 630 Themiſto
432 580 448 630 te
469 580 548 630 factum
585 580 623 630 eſſe
648 580 822 630 diligentiorem
856 580 872 630 &

67 621 132 678 bonis
155 621 193 678 eſſe
220 621 331 678 moribus,
358 621 415 678 bonà
438 621 492 678 fide,
518 621 583 678 bono
603 621 717 678 ingenio.

387 662 394 691 D
423 662 475 691 RO
504 662 519 691 M
552 662 573 691 O.

108 685 131 737 Id
146 685 158 737 ſi
177 685 215 737 pro
238 685 269 737 tuâ
299 685 468 737 benevolentiâ
495 685 598 737 teſtatum
629 685 713 737 ſcripto
744 685 805 737 velis,
843 685 874 737 ma-

92 734 142 797 num
176 734 222 797 mihi
249 734 375 797 contuleris
394 734 550 797 beneficium.

427 772 451 801 M
479 772 527 801 IS.

127 802 167 847 Tibi
187 802 239 847 certè
263 802 311 847 volo
331 802 394 847 bene.
422 802 462 847 Sed
482 802 566 847 ſeripto
586 802 645 847 nihil
669 802 721 847 opus
745 802 785 847 eſt:
813 802 893 847 idm-

81 846 118 897 tibi
143 846 218 897 dixiſſe
239 846 251 897 tu
280 846 322 897 ipſe
343 846 476 897 teſtaberis.

388 877 396 924 D
428 877 524 924 ROM
556 877 576 924 O.

117 920 246 951 Atenim.

437 954 441 984 E
470 954 533 984 RG.

123 981 204 1030 Atenim
238 981 291 1030 quid
311 981 433 1030 expectas?
460 981 517 1030 nihil
532 981 597 1030 aliud
616 981 765 1030 impetrabis.
792 981 834 1030 Non
865 981 876 1030 tu

88 950 136 1068 not
166 950 283 1068 hominem
322 950 356 1068 ui
381 950 415 1068 no
440 950 454 1068 ſu
493 950 640 1068 humanita
689 950 723 1068 ene
748 950 796 1068 relit
821 950 889 1068 oni-

392 1100 400 1132 D
432 1100 479 1132 R0
507 1100 523 1132 M
558 1100 578 1132 O.

133 1139 228 1173 Verùm.

437 1173 441 1202 E
471 1173 526 1202 RG.

137 1204 205 1249 Verùm
236 1204 278 1249 exi,
305 1204 416 1249 propera,
446 1204 462 1249 &
481 1204 542 1249 quod
561 1204 661 1249 reſponſi
684 1204 687 1249 à
707 1204 840 1249 Miſopono
863 1204 890 1249 re-

93 1241 147 1293 fers,
177 1241 200 1293 ne
219 1241 257 1293 tibi
280 1241 380 1293 currenti
406 1241 490 1293 excidat
513 1241 574 1293 cave.

147 1274 897 1336 ..0

661 1330 701 1351 1V

281 1337 287 1375 S
361 1337 361 1375 C
430 1337 435 1375 E
489 1337 515 1375 N
574 1337 579 1375 A

144 1363 507 1420 MISOPONUS,
553 1363 856 1420 ERGASTUS.

450 1422 478 1451 M
505 1422 552 1451 IS.

285 1449 327 1532 .X.
369 1449 484 1532 XXX.:
557 1449 609 1532 XaX

731 1525 735 1555 2

65 1696 65 1741 E

940 1713 951 1741 i
