1000 1743
330 77 354 119 M
388 77 571 119 ISOPO.
586 77 672 119 N.
692 77 711 119 S,

113 85 159 115 a50

477 129 482 174 E
516 129 574 174 R.

163 160 202 199 Ohl
237 160 328 199 dignum
358 160 457 199 offerent
479 160 553 199 nihil.

477 204 581 235 MIS..

160 219 220 295 Iſtud
245 219 295 295 vero
315 219 375 295 unde
400 219 534 295 comneum
564 219 649 295 habes?
679 219 728 295 tune
748 219 783 295 has
808 219 883 295 legiſti
903 219 923 295 li-

116 269 186 300 reras?

565 301 576 348 0.

151 343 316 394 Nequaquam.
358 343 450 394 Tametſi
466 343 496 394 eas
516 343 577 394 vulgù
600 343 707 394 relinquis
726 343 738 394 in
776 343 845 394 meusâ
860 343 922 394 aper-

115 382 144 442 tas
169 382 182 442 &
207 382 306 442 omnium
336 382 464 442 propoſitas
489 382 568 442 oculis,
597 382 631 442 ſed
647 382 689 442 hoc
701 382 751 442 lego
776 382 789 442 in
818 382 859 442 tuis
884 382 922 442 mo-

116 418 189 455 rihus.

471 445 568 499 MIS.

151 485 213 543 Malè
230 485 297 543 legis.
334 485 409 543 Literæ
434 485 484 543 datæ
501 485 576 543 primâ
605 485 722 543 Octobris,
747 485 809 543 anns
838 485 917 543 mieſi-

123 524 150 587 mo
169 524 380 587 ſeptingenteſima
402 524 498 587 trigeſim
544 524 613 587 nono.
663 524 743 587 Seribit
763 524 843 587 junior
870 524 916 587 Ev-

116 565 177 608 goras
193 565 208 608 in
235 565 288 608 foro
311 565 373 608 civili
400 565 472 608 orator
484 565 580 608 iregids.
637 565 687 608 Qid
710 565 779 608 autem
810 565 917 608 ille?..

108 603 196 651 invitaet
228 603 252 651 me
276 603 300 651 ad
332 603 480 651 vuſticandum
512 603 524 651 in
552 603 564 651 ſu
616 603 736 651 Rhemenſi
756 603 816 651 villâ,
848 603 868 651 &
884 603 916 651 ibi

108 639 199 694 aliquid
218 639 272 694 juris
295 639 368 694 civilis
387 639 456 694 ſeeum
475 639 555 694 animo
574 639 662 694 placidè
681 639 792 694 recolend
880 639 914 694 ſd

108 676 224 722 invitabat
255 676 280 722 me
301 676 322 722 ut
339 676 388 722 irem
416 676 455 722 ad.
465 676 479 722 fe
500 676 539 722 per
559 676 622 722 ferias
636 676 787 722 autumnales
804 676 857 722 anni
885 676 913 722 ſu-

132 713 144 772 er
155 713 216 772 ioris.
262 713 297 772 Jam
327 713 473 772 eſſluxerunt
492 713 660 772 illæautumm
690 713 706 772 es
729 713 801 772 feriæ,
828 713 905 772 eertum

111 748 134 797 eſt
161 748 184 797 me
203 748 241 797 non
264 748 364 797 iturum.
421 748 464 797 Quæ
487 748 513 797 tua
548 748 624 797 opinio
651 748 689 797 eſt?

460 792 464 820 E
502 792 556 820 R.

144 821 174 865 Sie
197 821 289 865 opinor.
335 821 381 865 Non
408 821 450 865 ibis
465 821 504 865 ann
553 821 687 865 praæterito.

461 864 560 892 MIS.

151 889 298 935 Quamobrem
326 889 382 935 nihil
406 889 569 935 reſpondendu
625 889 717 935 eſt.

464 938 464 984 E
497 938 563 984 R

139 966 204 1016 Nihil
230 966 333 1016 prorſus.

446 993 472 1037 M
502 993 502 1037 i
543 993 548 1037 .

150 1026 204 1089 Quid
222 1026 258 1089 ſibi
280 1026 325 1089 vult
343 1026 420 1089 iſthæ
442 1026 546 1089 epiſtola,
568 1026 613 1089 aue
627 1026 708 1089 luctum
735 1026 906 1089 præfertatrtâ

112 1077 149 1129 erâ.
196 1077 310 1129 Annulum
354 1077 493 1129 Demoeratis
515 1077 610 1129 agnofe
650 1077 683 1129 qui
716 1077 764 1129 mihi
786 1077 804 1129 ex
826 1077 903 1129 amito

97 1111 156 1162 haud
178 1111 259 1162 pridem
288 1111 357 1162 factus
379 1111 401 1162 eſt
420 1111 511 1162 aſfinis,
537 1111 617 1162 juncto
657 1111 683 1162 um
723 1111 764 1162 meâ
786 1111 903 1162 cuonſobri-

98 1148 118 1208 nâ
152 1148 305 1208 matrimnio.
358 1148 435 1208 ueiat
458 1148 477 1208 de
504 1148 569 1208 morte
592 1148 653 1208 iſtius
672 1148 817 1208 conſobrinæ
844 1148 886 1208 meæ

97 1185 156 1228 quam
185 1185 222 1228 ſibi
240 1185 270 1228 ait
292 1185 354 1228 fuiſſe
372 1185 490 1228 conjugem
515 1185 665 1228 cariſſimam,
695 1185 812 1228 fœminam
841 1185 900 1228 opti-

106 1222 165 1268 mam.
198 1222 245 1268 Poll
278 1222 381 1268 damnum
407 1222 506 1268 ingens?
535 1222 575 1268 cara
597 1222 689 1268 conjux,
711 1222 766 1268 bona
788 1222 814 1268 fœ
825 1222 898 1268 iina.

452 1265 456 1298 E
494 1265 494 1298 R
536 1265 548 1298 G.

133 1294 184 1336 Hoe:
213 1294 283 1336 maius.
305 1294 430 1336 dmnum,
466 1294 525 1336 qud
551 1294 613 1336 aiunt
639 1294 690 1336 rarinu
738 1294 774 1336 efſe
796 1294 899 1336 bonum.

99 1329 174 1387 Itaque
199 1329 253 1387 huic
282 1329 324 1387 viro
357 1329 465 1387 cariſſimâ
494 1329 590 1387 conuge
620 1329 699 1387 orbato
715 1329 807 1387 aliquid
828 1329 899 1387 ſolatii

95 1364 130 1406 per
153 1364 226 1406 literas
249 1364 344 1406 dandum
371 1364 413 1406 eſt.

448 1408 472 1435 M
500 1408 548 1435 IS.

155 1438 176 1482 hA
209 1438 293 1482 eoniux
319 1438 348 1482 vel
374 1438 476 1482 cariſſima
531 1438 571 1482 unu
600 1438 666 1482 menſe
685 1438 831 1482 lugeruaraut
856 1438 893 1482 lte-

90 1475 127 1521 ro,
152 1475 200 1521 ſatis
218 1475 291 1521 lugeri
317 1475 456 1521 creditur.:
482 1475 533 1521 Terti
580 1475 646 1521 menſe
664 1475 741 1521 luctus
793 1475 844 1521 mnis
862 1475 895 1521 ex-

90 1512 202 1565 pungitur
230 1512 250 1565 ex
270 1512 362 1565 animo,
390 1512 434 1565 ſolâ
458 1512 514 1565 veſte
533 1512 653 1565 retinetur.
709 1512 801 1565 Quartus
817 1512 885 1565 antem
