1000 1743
351 77 723 119 MISOPONVS,

135 77 172 122 16

402 129 467 167 MO
497 129 520 167 R.
547 129 551 167 à
574 129 650 167 parte.

178 163 182 200 O
206 163 278 200 eœnal
306 163 414 200 Superûm
450 163 522 200 cœnal
550 163 594 200 Ha,
618 163 658 200 ha,
690 163 730 200 ha.

482 205 579 234 MIS.

175 237 526 291 HoMONEGOTIOSUS?
546 237 638 291 ridieula
662 237 710 291 ſanè
725 237 837 291 perſona,
861 237 917 291 quam

126 272 237 318 exhibere
260 272 348 318 nolim:
379 272 478 318 ſpectare
497 272 577 318 velim,
612 272 627 318 &
642 272 730 318 ridere.

459 317 463 350 A
499 317 601 350 MFH.

163 345 231 401 Aiunt
263 345 279 401 ſe
307 345 371 401 brevi
407 345 498 401 daturos
526 345 542 401 in
590 345 706 401 Theatrum
745 345 785 401 Ho
805 345 889 401 MINE

136 382 306 428 OTIOM.
339 382 430 428 Rogunt
451 382 472 428 ut
492 382 592 428 interſis.

479 426 500 456 M
528 426 574 456 IS.

160 456 237 501 Adero
256 456 367 501 ſpectator
393 456 413 501 &
432 456 497 501 actor
516 456 611 501 otioſus,
638 456 649 501 ſi
669 456 760 501 volent.

401 496 462 535 MO
493 496 516 535 R.
573 496 646 535 parte.

161 529 189 583 Ne
209 529 297 583 vivam,
325 529 401 583 neque
421 529 513 583 bibam,
541 529 549 583 ſi
569 529 621 583 quid
645 529 741 583 unquam
769 529 813 583 vidi
833 529 869 583 vel
885 529 921 583 au-

124 565 168 610 divi
184 565 287 610 feſtivum
323 565 395 610 magis.
435 565 474 610 Ha,
502 565 538 610 ha,
566 565 606 610 ha.

471 609 569 636 MIS.

165 639 265 694 Gaudere
281 639 297 694 te
321 639 461 694 gaudemus,
489 639 637 694 Morologe;
665 639 673 694 tu
705 639 765 694 narra
797 639 873 694 modo,
901 639 921 694 &

121 677 178 720 tuum
209 677 274 720 nobis
300 677 403 720 gaudium
430 677 540 720 imperti.

462 720 523 757 MO
556 720 577 757 R.

152 751 258 801 Narrabo
277 751 375 801 lubens,
401 751 445 801 nam
474 751 555 801 lubens
573 751 653 801 narro:
682 751 781 801 narrabo
799 751 869 801 igitur
894 751 916 801 de

128 786 223 843 Onagrio
241 786 362 843 hominum
392 786 509 843 quotquot
531 786 579 843 ſunt
601 786 630 843 vel
648 786 758 843 fuerunt,
788 786 817 843 vel
839 786 916 843 erunt.

112 822 267 863 inſulſiſſimo.
303 822 379 863 Noſtis
395 822 534 863 hominem?

466 865 566 902 MIS.

158 885 183 936 De
200 885 237 936 illo
258 885 374 936 nunquam
404 885 499 936 audivi.

439 938 582 977 AMPH.

158 967 178 1021 De
202 967 338 1021 ſumptuosâ
354 967 398 1021 ejus
410 967 422 1021 in
450 967 562 1021 conviviis
574 967 662 1021 lautitiâ
682 967 762 1021 audivl
774 967 914 1021 aliquando.

461 1012 486 1050 M
520 1012 528 1050 O
557 1012 582 1050 R.

155 1035 180 1093 De
200 1035 263 1093 illius
288 1035 379 1093 ſtultitiâ
404 1035 504 1093 audietis
534 1035 608 1093 modo.
654 1035 717 1093 Apud
733 1035 796 1093 illum
825 1035 912 1093 cœnavi

109 1077 157 1110 heri
181 1077 197 1110 &
221 1077 305 1110 hodie.

462 1108 565 1154 MIS.

160 1150 212 1191 Quid
228 1150 260 1191 ais
276 1150 324 1191 heri
348 1150 364 1191 &
380 1150 464 1191 hodiè?
488 1150 508 1191 an
544 1150 612 1191 eœnas
632 1150 688 1191 etlam
724 1150 796 1191 manè?

448 1193 512 1219 MO
542 1193 565 1219 R.

144 1222 213 1270 Manè
236 1222 256 1270 &
271 1222 332 1270 ſerô,
359 1222 401 1270 ſerò
420 1222 440 1270 &
463 1222 524 1270 manè.
554 1222 600 1270 Nam
623 1222 677 1270 horâ
700 1222 784 1270 decimâ
804 1222 830 1270 ad
853 1222 907 1270 men-

108 1258 141 1300 ſam
163 1258 298 1300 afſedimus.
338 1258 397 1300 Cœna
415 1258 470 1300 ultra
503 1258 587 1300 mediam
612 1258 700 1300 noctem
726 1258 836 1300 producta
865 1258 905 1300 eſt;

105 1295 134 1345 ihi
155 1295 238 1345 ſtrenuè
263 1295 379 1345 pugnavi,
408 1295 446 1345 non
475 1295 562 1345 gladio,
587 1295 620 1345 ſed
641 1295 732 1345 poculo.
778 1295 902 1345 Pugnando

107 1332 172 1373 tamen
211 1332 344 1373 defatigatus
363 1332 428 1373 ſum,
451 1332 486 1373 ſed
509 1332 543 1373 non
573 1332 680 1373 ridendo.
726 1332 757 1373 H,
784 1332 822 1373 ha,
848 1332 887 1373 hal

453 1375 477 1403 M
506 1375 550 1403 IS.

153 1404 203 1447 Quid
225 1404 274 1447 ergo
297 1404 387 1447 ridieuli
404 1404 503 1447 aecidit?

438 1445 462 1481 M
498 1445 502 1481 O
534 1445 558 1481 R.

138 1477 238 1520 Aceidit,
266 1477 302 1520 ha,
330 1477 366 1520 has,
394 1477 430 1520 hal
458 1477 554 1520 aceidit,
586 1477 630 1520 dum
666 1477 774 1520 Onagrius
802 1477 838 1520 qui
858 1477 902 1520 om-

99 1513 156 1561 nium
183 1513 263 1561 artium
290 1513 386 1561 ignarus
409 1513 443 1561 eſt,
474 1513 493 1561 &
516 1513 531 1561 ſe
562 1513 634 1561 omnis
654 1513 707 1561 artis
738 1513 826 1561 gnarum
860 1513 899 1561 pu-

97 1548 139 1598 tat,
165 1548 200 1598 ha,
230 1548 269 1598 ha,
295 1548 330 1598 hal
360 1548 395 1598 qui
414 1548 425 1598 in
456 1548 620 1598 componendâ
647 1548 800 1598 bibliothecâ,
826 1548 846 1598 ut
868 1548 895 1598 hi-

958 1683 958 1719 r
