1000 1743
280 77 772 119 M ISOPONUS,
69 77 180 122 I56
388 129 654 167 M OR. à parte.
79 163 733 200 Oeœna! Superâm cœna! Ha, ha, ha.
478 205 586 234 MIS.
156 237 988 291 HOIONEGOTIOSUS? ridicula ſanè perſona, quam
120 272 737 318 exhibere nolim: ſpectare velim, & ridere.
452 317 608 350 A MPH,
156 345 989 401 Aiunt ſe brevi daturos in Theatrum HOIEH
119 382 600 428 OrIoSuM. Rogant ut interſis.
471 426 601 456 M IS.
154 456 769 501 Adero ſpectator & actor otioſus, ſi volent.
387 496 718 535 M OR. à parte.
154 529 984 583 Ne vivam, neque bibam, ſi quid unquam vidi vel au-
105 565 632 610 divi feſtivum magis a, ha, ha.
401 609 680 636 MIS.
150 639 984 694 Gaudere te gaudemus, Morologe; tu narra modo, &
115 677 548 720 tuum nobis gaudium imperti.
408 720 583 757 M OR.
147 751 983 801 Narrabo lubens, nam lubens narro: narrabo igitur de
111 786 983 843 Onagrio hominum quotquot ſant vel fuerunt, vel erunt,
109 822 568 863 inſulſiſſimo. Noſtis hominem?
412 865 644 902 MIS.
96 885 502 936 De illo nunquam audivi.
410 938 590 977 AMPH.
143 967 981 1021 De ſumptuosâ eius in conviviis lautitia audivl aliquando.
457 1012 585 1050 MOR.
142 1035 983 1093 De illius ſtultitiâ audietis modo. Apud illum cœnavi
106 1077 309 1110 heri & hodie.
401 1108 567 1154 MIS.
140 1150 799 1191 Quid ais heri & hodi? an cœnas etlam manè?
446 1193 572 1219 M OR.
138 1222 981 1270 Manè & ſerò, ſerò & manè. Nam horâ decimâ ad men-
73 1258 979 1300 ſam aſſedimus. Cœna ultra mediam noctem producta eſt;
101 1295 980 1345 ibi ſtrenuè pugnavi, non gladio, ſed poculo. Pugnando
101 1332 924 1373 tamen defatigatus ſum, ſed non ridendo. Ha, ha, ha!
449 1375 557 1403 MIS.
134 1404 532 1447 Quid ergo ridiculi accidit?
431 1445 621 1481 M O R.
86 1477 905 1520 Accidit, ha, ha, ha! accidit, dum Onagrius qui om-
31 1513 978 1561 nium artium ignarus eſt, & ſe omnis artis gnarum pu
94 1548 903 1598 tat, ha, ba, ha! qui in componendâ bibliothecâ, ut hi-
847 1715 997 1740 i
