1000 1743
335 74 711 107 MISOPONVS,

123 80 171 113 158.

456 127 588 162 NEOP.

164 155 263 191 Omnino
294 155 366 191 nihil.

472 199 571 230 MIS.

156 234 193 272 Res
218 234 266 272 verò
292 234 368 272 nova,
398 234 456 272 quod
475 234 533 272 nihil
555 234 606 272 novi
625 234 724 272 afferas.

464 274 521 305 MO
554 274 575 305 R.

155 305 195 346 Res
211 305 323 346 abſurda.
367 305 463 346 Aliquid
491 305 543 346 certè
563 305 619 346 novi
647 305 699 346 dicas
719 305 827 346 oportet.

454 348 470 378 N
502 348 541 378 EO
589 348 589 378 .

165 376 221 421 Quid
244 376 272 421 vis
296 376 379 421 dicam?

462 408 522 452 M0
556 408 577 452 R.

170 450 230 495 Quod
248 450 295 495 ſcis,
327 450 387 495 quod
406 450 489 495 neſcis.

454 495 546 524 NEO
594 495 594 524 .

156 520 193 570 Me
209 520 209 570 ·
230 520 255 570 ne
275 520 304 570 vis
321 520 420 570 fingere?

461 566 519 598 Mo
548 566 573 598 R.

159 587 238 643 Finge,
259 587 317 643 nihil
338 587 405 643 vetat.
442 587 476 643 Qui
497 587 588 643 narrant
613 587 634 643 de
651 587 717 643 rebus
742 587 801 643 domi
826 587 922 643 militiæ-

121 638 160 676 que
183 638 259 676 geſtis,
290 638 367 676 nonne
390 638 482 676 fingunt
508 638 524 676 &
550 638 711 676 mentiuntur?
738 638 784 676 Ha,
803 638 842 676 ha,
865 638 884 676 ha

456 675 543 708 NEO
572 675 588 708 P.

153 708 249 753 Nihilne
268 708 303 753 tu,
330 708 471 753 Miſopone,
498 708 521 753 ad
548 708 609 753 quem
640 708 717 753 omnes
740 708 843 753 undique
874 708 920 753 con-

115 748 243 777 fabulatum
275 748 385 777 veniunt?

492 786 496 812 M
524 786 572 812 IS.

153 816 216 866 Nihil
237 816 403 866 peregrinum;
432 816 466 866 ſed
495 816 641 866 domeſticum
674 816 753 866 audies
778 816 882 866 aliquid,
911 816 920 866 ſ

114 859 189 886 Iubet.

316 892 384 930 MO
412 892 436 930 R.
463 892 555 930 ſellulam
579 892 710 930 admovens.

159 927 286 979 Auim·
330 927 352 979 ns
368 927 368 979 ·
396 927 478 979 evim
555 927 819 979 n
858 927 924 979 curo.

112 967 165 1004 amo
192 967 329 1004 domeſtica,
360 967 375 1004 &
402 967 475 1004 millies
490 967 570 1004 audire
597 967 658 1004 malim
692 967 708 1004 de
731 967 780 1004 rixis
796 967 849 1004 intra
876 967 918 1004 pri-

120 1002 181 1043 vatos
200 1002 300 1043 parietes
323 1002 422 1043 exortis,
453 1002 514 1043 quàm
544 1002 564 1043 de
579 1002 644 1043 bellis
663 1002 716 1043 terrâ
747 1002 842 1043 mariquc
862 1002 915 1043 pug-

114 1039 180 1075 natis.
220 1039 301 1075 Superi
341 1039 359 1075 ut
385 1039 410 1075 me
429 1039 513 1075 iuvant
535 1039 604 1075 vicini
633 1039 666 1075 mei
685 1039 801 1075 Antinous
827 1039 845 1075 &
871 1039 915 1075 Ery-

114 1070 187 1114 phile,
214 1070 367 1114 amantiſſimi
394 1070 517 1114 eoniuges,
543 1070 628 1114 quibus
651 1070 662 1114 in
697 1070 739 1114 otio
773 1070 869 1114 maximo
896 1070 915 1114 id

114 1110 194 1150 unum.
210 1110 298 1150 negotii
322 1110 358 1150 eſt,
386 1110 473 1150 jurgari
497 1110 557 1150 inter
585 1110 601 1150 ſe
625 1110 641 1150 &
657 1110 764 1150 appetere
788 1110 804 1150 ſe
840 1110 924 1150 mutuò.

115 1144 228 1189 conviciis
253 1144 398 1189 elegantibus
415 1144 460 1189 (de
473 1144 544 1189 trivio
564 1144 577 1189 &
602 1144 689 1189 macello
706 1144 805 1189 arreptis
818 1144 914 1189 ſcilicet)

114 1185 145 1226 qui
170 1185 257 1226 nuper,
285 1185 324 1226 niſi
345 1185 401 1226 forte
415 1185 506 1226 fortunâ
527 1185 541 1226 in
569 1185 639 1226 eorum
674 1185 719 1226 ædes
737 1185 912 1226 irrumperem,

120 1220 200 1257 ædepol
218 1220 222 1257 à
248 1220 397 1257 eontumeliis
419 1220 460 1257 rem
492 1220 631 1257 deducerent
646 1220 672 1257 ad
701 1220 789 1257 manus,
821 1220 836 1257 &
854 1220 909 1257 egre-

116 1251 144 1295 giè
160 1251 176 1295 ſe
196 1251 280 1295 pugnis
304 1251 320 1295 &
344 1251 464 1295 unguibus
480 1251 616 1295 pecterent,
648 1251 684 1295 ha,
712 1251 748 1295 ha,
776 1251 816 1295 hal
856 1251 916 1295 Lixas

110 1288 169 1336 inter
191 1288 202 1336 ſe
228 1288 334 1336 certuntes
356 1288 444 1336 pugnis,
495 1288 495 1336 &
517 1288 583 1336 habitu
609 1288 707 1336 corporis
726 1288 839 1336 imitatur.
872 1288 913 1336 Sed

110 1328 206 1367 loquere
221 1328 256 1367 tu,
275 1328 416 1367 Miſopone,
443 1328 504 1367 nurra
531 1328 611 1367 nobis,
634 1328 672 1367 ha,
703 1328 741 1367 ha,
764 1328 783 1367 ha

460 1367 488 1394 M
516 1367 560 1394 IS.

148 1392 191 1441 Non
226 1392 247 1441 eſt
273 1392 364 1441 hiſtoria
395 1392 486 1441 longa;
516 1392 611 1441 longum
646 1392 676 1441 uti
707 1392 767 1441 ſpero
802 1392 850 1441 mihi
880 1392 915 1441 erit

126 1437 194 1483 tium.
230 1437 250 1483 De
274 1437 398 1483 vendendo
426 1437 546 1483 magiſtratu
574 1437 638 1483 quod
654 1437 710 1483 ſæpe
734 1437 826 1483 ſuaſiſtis
850 1437 914 1483 fieri.

109 1475 238 1511 imapetravi
256 1475 344 1511 tandem
370 1475 388 1511 ut
410 1475 487 1511 fieret,
520 1475 535 1511 &
553 1475 623 1511 hodie
641 1475 674 1511 fit.

65 1696 65 1741 E

939 1712 949 1740 it
