1000 1743
358 59 741 103 MISOPONUS,

145 60 187 90 164

201 106 610 138 4XXXXX

218 128 505 176 XXX
710 128 885 176 CXX

336 155 414 213 SC
480 155 774 213 ENAIII.

141 212 519 271 MISOPONUS,
565 212 808 271 CIIOBU
845 212 938 271 LUS.

802 223 869 240 5

398 253 693 284 ERGASTUS.

495 298 518 330 M
546 298 589 330 IS.

196 366 257 415 thecâ
280 366 388 415 ſepoſitos
410 366 510 415 videbis;
537 366 579 415 tùm
598 366 694 415 afferes.

184 337 328 390 RGASTE,
356 337 424 390 libros
456 337 576 390 diligenter
604 337 696 390 excute,
728 337 780 390 quos
808 337 820 390 in
860 337 936 390 Biblio-

478 413 482 441 C
511 413 597 441 RIT.

185 445 204 497 Te
219 445 304 497 amice,
334 445 453 497 eonvictor
484 445 499 497 &
526 445 698 497 condiſcipule,
729 445 740 497 in
771 445 836 497 libris
859 445 924 497 totum

138 480 174 537 eſſe
198 480 294 537 gaudeo:
342 480 346 537 d
370 480 477 537 priſtinas
501 480 593 537 ingenii
613 480 641 537 tui
665 480 752 537 delicias
772 480 788 537 te
812 480 880 537 refers
900 480 928 537 ni-

143 519 227 571 mirum.
253 519 303 571 Nam
330 519 347 571 te
373 519 463 571 memini
490 519 530 571 cum
556 519 596 571 unà
610 519 683 571 literis
699 519 803 571 daremus
819 519 929 571 operam,

134 549 145 612 in
172 549 272 612 legendo
295 549 356 612 fuiſſe
375 549 528 612 indefeſſuim:
559 549 636 612 nullus
655 549 697 612 erat
720 549 777 612 poëta
800 549 831 612 vel
854 549 927 612 orator

139 591 237 650 melioris
255 591 324 650 notæ,
356 591 415 650 cujus
433 591 447 650 tũ
478 591 562 650 ſuccum
593 591 632 650 non
656 591 736 650 animo
761 591 921 650 combiberes.

479 632 578 659 MIS.

175 665 279 723 Legebam
311 665 395 723 multùm
427 665 547 723 equidem,
579 665 595 723 &
611 665 715 723 legendo
739 665 827 723 tædium
851 665 927 723 animi

127 698 250 730 fallebam.

477 742 599 779 CRIT.

170 773 186 827 Et
211 773 299 827 Iegebas
332 773 420 827 multim
453 773 465 827 &
486 773 607 827 plurimùm
640 773 799 827 intelligebas.
853 773 924 827 Teque

123 808 196 865 lumen
223 808 265 865 fori
288 808 434 865 clariſſimum
457 808 583 865 aliquando
606 808 652 865 fore
671 808 709 865 jam
736 808 774 865 tum
801 808 920 865 præſagie-

119 844 172 882 bant
196 844 285 882 omnes.

474 884 570 913 MIS.

164 918 252 970 Fallunt
268 918 320 970 ſæpe
344 918 400 970 ducta
428 918 448 970 de
464 918 656 970 adoleſcentibus
672 918 792 970 præſagia.
840 918 980 970 Suece-)

125 953 187 1013 dente
213 953 327 1013 tempore,
352 953 389 1013 alia
418 953 543 1013 ſuecedunt
565 953 653 1013 ſtudia,
678 953 722 1013 aliæ
744 953 913 1013 eogitationes.

459 995 464 1032 C
495 995 585 1032 RIT.

161 1028 175 1080 Et
194 1028 241 1080 verò
263 1028 278 1080 te
296 1028 358 1080 nune
373 1028 501 1080 abhorrere
515 1028 519 1080 à
541 1028 625 1080 forenſi
643 1028 702 1080 Iuee,
735 1028 746 1080 &
771 1028 789 1080 de
808 1028 910 1080 venden-

120 1062 141 1113 do
172 1062 256 1113 munere
277 1062 372 1113 paterno
396 1062 494 1113 cogitare
512 1062 592 1113 audivi
620 1062 690 1113 modò.
742 1062 774 1113 Vix
798 1062 851 1113 certè
868 1062 910 1113 cre-

119 1099 207 1154 diderim
233 1099 247 1154 te
273 1099 324 1154 velle
339 1099 412 1154 togam
430 1099 566 1154 repudiare,
595 1099 639 1154 quæ
654 1099 668 1154 in
694 1099 778 1154 familiâ
796 1099 829 1154 tuâ
844 1099 906 1154 tanto

113 1139 218 1180 tempore
239 1139 278 1180 cum
309 1139 365 1180 tantâ
386 1139 449 1180 laude
477 1139 526 1180 geſta
550 1139 589 1180 eſt,
613 1139 729 1180 hodieque
760 1139 858 1180 geritur.

465 1172 490 1211 M
519 1172 564 1211 1S.

161 1208 204 1260 Quæ
221 1208 295 1260 tandiu
330 1208 382 1260 geſta
408 1208 455 1260 toga
486 1208 520 1260 eſt,
555 1208 633 1260 vetuſta
659 1208 694 1260 eſt,
724 1208 850 1260 obſolevit,
871 1208 906 1260 ab-

117 1243 201 1274 ieienda
230 1243 266 1274 eſt.

453 1284 574 1314 CRIT.

158 1311 204 1368 Toga
229 1311 324 1368 forenſis
345 1311 382 1368 non
420 1311 499 1368 vileſeit
523 1311 577 1368 uſu,
602 1311 636 1368 ſed
656 1311 793 1368 inelareſeit.
839 1311 893 1368 Illam

109 1351 161 1404 eertè
179 1351 189 1404 ſi
207 1351 298 1404 abjicis,
322 1351 361 1404 non
399 1351 490 1404 deerunt
518 1351 549 1404 qui
574 1351 640 1404 velint
665 1351 745 1404 iollere
770 1351 787 1404 &
801 1351 899 1404 aſſume-

108 1383 133 1437 re.
174 1383 218 1437 Ipſe
243 1383 269 1437 me
291 1383 412 1437 emptorem
445 1383 526 1437 ofſero,
555 1383 573 1437 &
595 1383 632 1437 niſi
650 1383 665 1437 te
691 1383 771 1437 vereris
793 1383 900 1437 condiſci-

105 1421 148 1476 puli
171 1421 232 1476 piget
251 1421 286 1476 aut
305 1421 412 1476 pœnitet,
435 1421 485 1476 aliis
512 1421 546 1476 ms,
573 1421 669 1476 opinor,
699 1421 841 1476 emptoribus
860 1421 898 1476 an-

97 1467 204 1495 tepones.

30 1695 65 1740 E

923 1711 923 1741 :
