1000 1743
205 79 365 126 DRAMAA
442 79 684 126 COMICUM.
805 79 848 126 165

389 136 491 174 MIS.

82 167 116 218 1e,
143 167 166 218 ut
192 167 273 218 eæteris
288 167 372 218 ſemper
391 167 517 218 antepoſui
540 167 720 218 eondiſcipulis,
747 167 769 218 ſie
789 167 838 218 aliis

39 207 186 254 emptoribus
203 207 353 254 antepoſitum
385 207 444 254 volo.
479 207 517 254 Sed
538 207 563 254 ne
583 207 629 254 quis
650 207 664 254 te
681 207 835 254 antevertat,

36 238 63 291 ad
93 238 235 291 Timandrum
266 238 373 291 convola,
403 238 438 291 qui
461 238 522 291 nune
549 238 572 291 eſt
595 238 656 291 apud
691 238 832 291 Tiſagoram,

40 279 78 333 ubi
93 279 139 333 agit
162 279 182 333 de
201 279 243 333 hoe
262 279 343 333 forenſi
370 279 477 333 munere,
504 279 523 333 &
542 279 580 333 rem
607 279 730 333 tranſigit.

382 320 507 350 CRIT.

81 351 109 400 Ad
129 351 185 400 illum
213 351 312 400 impigrè
340 351 452 400 eonvolo;
488 351 504 400 &
524 351 564 400 quo
591 351 619 400 ſim
651 351 715 400 apud
739 351 755 400 te
775 351 839 400 loco,

44 397 81 445 ipſi
106 397 230 445 denuneio.

388 430 414 459 M
443 430 489 459 IS.

87 459 159 510 Perge,
190 459 297 510 propera,
328 459 405 510 oecupa
428 459 519 510 forenſe
546 459 642 510 munus.
722 459 745 510 go
768 459 788 510 de
799 459 845 510 alio

55 498 174 547 magiſtratu
204 498 296 547 cogito.
335 498 335 547 .
354 498 407 547 heus
427 498 461 547 tu,
492 498 595 547 Ergaſte,
611 498 683 547 lihros
699 498 768 547 afſer,
791 498 844 547 quos

51 544 164 587 deſignavi
185 544 242 587 tibi.

100 598 380 639 X
785 598 785 639 A

243 629 681 675 SCENAIV.

99 676 104 733 E
131 676 185 733 RG
212 676 405 733 ASIS,
441 676 801 733 MISOPO.

403 733 407 761 E
434 733 497 761 RG.

73 848 149 909 endum
177 848 197 909 ex
217 848 253 909 tam
277 848 413 909 longinquo
433 848 529 909 referas?

404 888 498 916 MIS.

104 917 144 970 Quia
168 917 288 970 ineumbit
312 917 360 970 mihi
376 917 492 970 ſeribenda
520 917 604 970 oratio.

399 960 403 989 E
438 960 503 989 RG.

94 989 186 1038 Aliquid
206 989 246 1038 tibi
266 989 406 1038 ſcribendum
438 989 574 1038 ineumbit?
610 989 710 1038 Abſeedo
730 989 846 1038 paululum

53 1025 89 1076 abs
111 1025 144 1076 te;
181 1025 195 1076 &
210 1025 257 1076 illic
279 1025 375 1076 excubo.
418 1025 466 1076 Nam
499 1025 513 1076 te
546 1025 652 1076 memini,
689 1025 726 1076 cum
758 1025 850 1076 aliquid

57 1063 103 1112 olim
127 1063 250 1112 ſeriberes,
278 1063 344 1112 tecum
372 1063 456 1112 ſolitum
484 1063 586 1112 habitare
610 1063 694 1112 ſolum,
729 1063 747 1112 &
768 1063 855 1112 attentè

65 1099 174 1149 meditari.
205 1099 215 1149 A
233 1099 306 1149 parte,
334 1099 418 1149 tandem
442 1099 509 1149 herus
526 1099 550 1149 ad
568 1099 666 1149 laborem
700 1099 763 1149 redit.
791 1099 851 1149 Hane

58 1140 94 1189 ipſi
124 1140 212 1189 mentem
237 1140 300 1189 facite
322 1140 476 1189 perpetuam,
505 1140 597 1189 Superi.

589 1183 596 1205 AX
721 1183 721 1205 X
784 1183 784 1205 X

90 1189 90 1216 X
122 1189 155 1216 XX
280 1189 280 1216 X

200 1194 265 1247 XX
739 1194 739 1247 R

250 1230 331 1273 SC
407 1230 407 1273 E
470 1230 499 1273 N
563 1230 569 1273 A
673 1230 690 1273 V.

253 1283 561 1324 MISOPONUS
593 1283 661 1324 ſolus.

118 1317 392 1392 sTITEDAmihi
415 1317 433 1392 &
451 1317 584 1392 adornanea
611 1317 648 1392 otii
657 1317 776 1392 laudatio,
799 1317 854 1392 qum

108 1358 112 1399 n
140 1358 258 1399 Academiâ
283 1358 384 1399 recitem.
426 1358 478 1399 Unde
503 1358 548 1399 mihi
572 1358 642 1399 rerum
674 1358 757 1399 copiam
782 1358 799 1399 &
817 1358 859 1399 ver-

62 1394 142 1443 borum
169 1394 319 1443 comparabo?
361 1394 495 1443 Queſtiones
514 1394 664 1443 Academieas
683 1394 767 1443 ſeripſit
794 1394 863 1443 Cieero

64 1431 74 1478 in
106 1431 162 1478 otio,
190 1431 228 1478 cùm
260 1431 260 1478 à
284 1431 382 1478 negotiis
406 1431 501 1478 vacaret.
539 1431 633 1478 Nihilne
654 1431 686 1478 ibi
710 1431 728 1478 de
752 1431 794 1478 otio
812 1431 861 1478 Aca-

71 1466 166 1514 demico.
221 1466 324 1514 Ciceronis
342 1466 408 1514 libros
434 1466 500 1514 volvit
522 1466 544 1514 &
562 1466 668 1514 revolvit.
727 1466 852 1514 Quæſtionuu

71 1503 243 1557 Acadenicatun
274 1503 328 1557 liber
347 1503 446 1557 primus,
481 1503 565 1557 diverſæ
592 1503 761 1557 Philoſoplorum
784 1503 868 1557 ſenten-

660 1541 693 1573 L3

953 1698 953 1718 r

874 1710 925 1735 u.00

941 1718 991 1740 ii
