<PcGts xmlns="http://schema.primaresearch.org/PAGE/gts/pagecontent/2019-07-15" xmlns:xsi="http://www.w3.org/2001/XMLSchema-instance" xsi:schemaLocation="http://schema.primaresearch.org/PAGE/gts/pagecontent/2019-07-15 http://schema.primaresearch.org/PAGE/gts/pagecontent/2019-07-15/pagecontent.xsd">
  <Metadata>
    <Creator>OCR4all</Creator>
    <Created>2022-01-21T16:17:15</Created>
    <LastChange>2022-01-21T16:17:15</LastChange>
  </Metadata>
  <Page imageFilename="0176.png" imageHeight="1743" imageWidth="1000">
    <TextRegion id="r0" type="paragraph" orientation="-0.625">
      <Coords points="1,1 998,1 998,1741 1,1741"/>
      <TextLine id="r0_l001">
        <Coords points="727,127 728,126 730,126 731,125 731,124 732,123 732,120 733,119 733,117 732,115 716,115 714,114 714,113 712,110 677,110 676,109 676,108 675,107 674,107 673,106 673,98 636,97 635,96 578,96 577,95 389,93 388,92 383,92 382,93 359,92 357,94 357,95 356,96 356,106 355,107 355,109 354,110 354,114 352,114 350,116 350,117 352,118 662,122 663,123 725,123 725,124 725,126 727,127"/>
        <TextEquiv index="1" conf="0.889338999566462">
          <Unicode>MISOPONUS,</Unicode>
        </TextEquiv>
      </TextLine>
      <TextLine id="r0_l002">
        <Coords points="77,119 199,120 199,93 77,92 77,119"/>
        <TextEquiv index="1" conf="0.9337225357691447">
          <Unicode>16</Unicode>
        </TextEquiv>
      </TextLine>
      <TextLine id="r0_l003">
        <Coords points="989,186 990,185 991,184 991,181 993,179 993,174 994,173 994,156 993,155 992,155 992,153 991,152 991,146 989,144 983,144 983,145 983,146 982,147 982,148 981,148 828,147 827,148 429,143 428,142 207,140 207,142 206,143 161,142 160,144 160,149 159,149 150,149 148,151 146,151 146,152 146,153 144,154 107,154 107,155 144,155 145,156 145,164 144,165 144,166 145,166 146,167 205,168 206,168 206,172 206,173 230,173 231,174 231,175 232,175 233,176 235,176 236,175 263,175 265,174 265,171 265,170 348,171 350,169 351,169 353,167 603,170 607,174 608,174 609,175 610,175 611,176 613,176 614,177 615,177 616,178 700,179 701,180 733,181 734,181 734,183 734,184 989,186"/>
        <TextEquiv index="1" conf="0.9630760871632783">
          <Unicode>tiæ de ſapiente, de beatâ vit. Quid opus eſt de re tam</Unicode>
        </TextEquiv>
      </TextLine>
      <TextLine id="r0_l004">
        <Coords points="991,222 991,220 992,219 992,195 991,194 991,190 991,189 990,189 989,189 989,187 989,186 983,186 982,187 982,194 981,195 981,203 950,203 949,202 949,199 948,199 947,198 947,197 946,197 945,196 931,196 930,195 930,187 928,187 927,186 926,187 921,187 920,187 920,195 920,196 893,195 892,194 885,194 884,194 884,187 884,186 882,186 880,188 880,193 838,193 837,192 829,192 828,191 828,186 825,186 823,187 823,194 757,194 756,194 756,201 756,202 720,201 719,201 719,195 719,194 717,194 716,193 706,193 705,193 705,187 704,185 702,185 700,187 700,192 652,192 651,191 651,184 610,183 608,185 608,186 607,187 607,188 605,190 549,190 548,190 517,190 516,190 516,189 515,188 515,185 514,184 515,183 514,182 513,182 511,180 509,180 508,179 507,179 506,181 505,189 484,189 483,190 436,189 435,189 435,183 435,182 435,181 434,180 394,180 393,181 392,188 392,189 362,188 361,188 362,182 361,181 360,181 359,180 338,180 337,179 334,179 333,181 332,188 228,187 227,186 227,185 208,185 206,183 207,181 206,180 206,179 205,178 205,177 204,177 201,177 200,178 200,179 199,180 199,181 197,182 197,184 197,185 190,185 189,186 188,186 187,187 164,186 163,187 150,187 149,188 148,188 147,189 147,191 145,193 145,199 148,201 149,201 150,202 166,202 167,201 248,202 249,203 271,203 272,202 344,203 345,204 369,205 370,204 405,204 406,205 455,205 456,204 493,205 494,206 507,206 508,207 510,207 511,206 512,206 513,205 622,206 623,207 628,207 628,208 628,213 629,214 629,215 630,215 633,215 633,208 634,207 637,207 638,206 673,207 674,208 699,208 700,209 727,209 727,210 727,211 728,211 731,211 731,210 732,209 735,210 735,209 735,208 736,208 779,208 780,209 901,210 902,211 914,211 915,210 958,211 958,213 959,214 981,214 981,215 981,222 982,222 991,222"/>
        <TextEquiv index="1" conf="0.9688313393774679">
          <Unicode>certâ tam multis difſerere? vera ſapientia, vera beatitudo.</Unicode>
        </TextEquiv>
      </TextLine>
      <TextLine id="r0_l005">
        <Coords points="989,259 991,258 991,249 992,248 992,239 993,238 993,224 993,223 990,223 989,222 983,222 982,223 982,224 515,219 514,218 470,218 469,217 461,217 460,216 457,215 456,216 168,213 164,217 164,219 162,221 162,222 152,222 151,223 149,223 147,225 146,225 145,226 145,230 144,231 144,234 146,236 146,237 147,238 150,238 151,239 280,241 281,241 281,246 282,247 282,248 282,249 283,249 284,250 291,250 292,249 293,249 296,246 296,245 297,244 297,243 547,245 548,246 548,250 548,251 555,251 556,250 556,244 979,248 980,249 980,255 981,256 981,259 989,259"/>
        <TextEquiv index="1" conf="0.9920870724477266">
          <Unicode>eſt nihil agere. Faceſſat itaque verboſus orator cum ſuis</Unicode>
        </TextEquiv>
      </TextLine>
      <TextLine id="r0_l006">
        <Coords points="144,287 994,296 994,260 144,251 144,287"/>
        <TextEquiv index="1" conf="0.9557942316988138">
          <Unicode>Academicis quæſtionibus ſupervacaneis. Convertamus nos</Unicode>
        </TextEquiv>
      </TextLine>
      <TextLine id="r0_l007">
        <Coords points="76,323 992,333 993,296 77,286 76,323"/>
        <TextEquiv index="1" conf="0.9491937436532414">
          <Unicode>ad recentiores Academicos. Panegyricæ Orationes labitæ in</Unicode>
        </TextEquiv>
      </TextLine>
      <TextLine id="r0_l008">
        <Coords points="990,369 991,369 991,353 991,352 992,352 993,352 992,351 992,337 990,335 990,333 989,332 206,324 205,325 164,324 163,325 162,325 162,326 162,327 161,327 160,327 159,329 159,330 158,331 158,332 157,332 156,332 149,340 149,341 144,345 143,345 142,347 142,348 143,348 144,349 265,350 266,351 332,352 333,353 333,360 334,360 335,361 346,361 349,359 349,356 349,355 686,359 687,360 687,363 688,364 892,366 893,367 982,368 983,369 990,369"/>
        <TextEquiv index="1" conf="0.932785830463363">
          <Unicode>Academiâ. Legit, hon, bon, hon. Vir fuit ſtudiis magno-</Unicode>
        </TextEquiv>
      </TextLine>
      <TextLine id="r0_l009">
        <Coords points="553,402 553,401 553,395 554,395 845,398 845,400 847,402 981,403 981,404 981,405 982,405 991,405 991,402 991,401 990,401 989,401 989,370 989,369 790,367 789,368 499,365 498,364 476,364 475,363 472,363 471,364 226,361 225,362 223,362 222,363 192,363 191,367 191,368 150,367 149,368 149,369 147,371 145,371 143,373 143,391 142,392 142,393 143,393 144,393 145,394 147,394 148,393 149,393 149,387 150,386 550,391 550,401 551,402 553,402"/>
        <TextEquiv index="1" conf="0.944904869465136">
          <Unicode>perè dedituas... incredibili animi contentione abſtruſa quæ-</Unicode>
        </TextEquiv>
      </TextLine>
      <TextLine id="r0_l010">
        <Coords points="538,437 539,437 539,436 539,435 981,440 982,441 987,441 988,441 988,423 989,422 989,415 991,413 991,406 991,405 983,405 982,406 576,402 575,401 455,399 454,400 209,398 207,400 206,400 203,402 203,405 202,407 152,406 151,407 149,407 147,409 147,410 143,414 143,415 142,416 142,420 143,421 144,421 145,422 145,431 144,431 127,431 127,432 533,436 534,437 538,437"/>
        <TextEquiv index="1" conf="0.9240189970757153">
          <Unicode>que ſcrutabatur, evolabat ad ſublimia... Nunquàm exiſti-</Unicode>
        </TextEquiv>
      </TextLine>
      <TextLine id="r0_l011">
        <Coords points="856,478 856,477 856,467 857,467 900,467 901,466 913,466 914,466 981,466 981,467 981,477 982,477 987,477 988,476 990,476 990,462 989,460 989,448 988,447 988,442 987,441 982,441 981,443 981,451 980,451 884,450 884,444 883,443 881,443 880,445 880,446 879,446 877,446 875,448 875,449 875,450 874,450 778,449 778,448 777,447 777,446 776,444 776,442 774,441 741,441 740,440 730,439 730,440 730,441 729,441 722,441 721,443 721,444 719,446 719,447 718,448 718,449 717,449 643,449 642,448 584,447 584,446 584,439 582,438 480,437 479,436 475,436 473,438 472,438 471,439 446,438 445,440 445,444 444,444 390,444 389,445 388,445 387,446 312,445 312,444 312,439 310,438 309,438 309,444 308,445 239,444 239,440 238,439 238,438 237,437 206,437 205,436 204,436 204,443 203,444 147,443 146,444 145,444 143,446 82,445 82,446 142,447 143,448 142,448 79,447 79,448 79,449 78,450 143,451 144,452 143,459 144,459 255,460 255,461 255,468 258,470 267,470 269,468 270,468 270,467 271,466 271,461 272,460 357,461 357,462 357,466 358,466 381,467 381,469 382,470 383,470 384,471 388,471 388,470 388,462 389,462 390,462 391,461 459,462 459,468 462,471 464,471 465,470 466,470 467,468 467,467 468,466 468,464 470,463 546,463 547,462 673,464 674,465 687,465 687,466 687,467 688,467 707,467 707,468 707,473 708,473 712,473 713,472 714,472 716,470 716,467 717,466 717,465 718,464 840,466 840,477 841,478 856,478"/>
        <TextEquiv index="1" conf="0.9139722108057011">
          <Unicode>mavit ingenium, pretioſum llud muuus, ſibi à naturâ con-</Unicode>
        </TextEquiv>
      </TextLine>
      <TextLine id="r0_l012">
        <Coords points="986,516 987,516 987,509 988,508 988,507 989,506 989,498 990,497 989,496 989,480 989,479 988,479 987,479 987,478 987,477 982,477 981,478 964,478 963,479 456,474 455,472 454,473 192,471 191,470 190,471 181,471 180,471 179,471 174,476 174,477 173,478 173,480 151,480 150,481 149,481 148,482 147,482 146,483 146,484 145,485 145,486 143,488 143,494 144,494 145,494 146,495 148,495 149,496 161,496 161,497 161,504 162,505 173,505 174,504 229,505 506,508 507,509 511,509 512,509 512,508 513,507 513,501 514,500 542,500 543,499 823,503 823,509 823,510 980,511 981,512 981,516 986,516"/>
        <TextEquiv index="1" conf="0.9478411695496602">
          <Unicode>ceſſum, ut operæ ac labori parceret... à teneris aſſiduo</Unicode>
        </TextEquiv>
      </TextLine>
      <TextLine id="r0_l013">
        <Coords points="987,552 988,552 988,545 988,544 989,544 990,544 990,527 989,526 988,526 988,520 987,519 987,517 986,516 873,515 872,514 871,515 333,509 332,508 329,508 328,509 223,508 222,509 207,509 207,515 206,516 182,516 181,517 151,516 150,517 149,517 147,519 145,519 145,520 145,522 144,523 144,524 142,526 142,529 143,530 143,531 144,532 144,541 152,541 154,540 154,533 154,532 398,535 399,535 399,542 400,544 614,546 615,545 616,545 617,545 617,544 618,543 618,541 619,540 619,538 619,537 721,538 722,537 979,540 980,541 980,550 981,551 982,551 983,552 987,552"/>
        <TextEquiv index="1" conf="0.969983457503472">
          <Unicode>quotidiano labori aſſuetus ſtudiis ſuis unicè delectabatur.</Unicode>
        </TextEquiv>
      </TextLine>
      <TextLine id="r0_l014">
        <Coords points="986,588 986,586 987,585 987,581 989,579 989,557 988,556 988,554 987,552 983,552 982,551 981,552 751,550 750,551 475,548 474,547 472,547 471,546 470,547 142,543 141,545 141,546 142,547 145,547 146,548 145,566 146,566 147,566 147,567 147,568 148,568 149,568 150,569 151,569 152,570 202,571 202,575 203,576 204,576 205,577 661,582 662,583 663,581 663,575 664,575 980,578 980,579 980,588 981,588 986,588"/>
        <TextEquiv index="1" conf="0.9907257936473163">
          <Unicode>Ubique labor, ubique ſtudium, ubique animi contentio.</Unicode>
        </TextEquiv>
      </TextLine>
      <TextLine id="r0_l015">
        <Coords points="304,618 305,617 305,608 359,608 360,607 621,610 622,611 622,612 639,613 640,613 640,615 641,616 641,618 641,619 642,619 643,620 650,620 651,619 652,619 653,618 653,616 655,616 656,615 656,611 979,614 980,615 980,624 986,624 987,624 987,623 987,622 990,622 991,622 991,595 991,594 990,594 989,594 989,590 989,589 988,589 987,588 981,588 980,589 741,587 740,586 735,586 734,587 274,582 273,581 169,579 168,578 167,579 142,579 140,581 140,600 139,601 139,602 140,603 140,604 245,605 246,606 302,607 303,607 303,617 303,618 304,618"/>
        <TextEquiv index="1" conf="0.9934035946748087">
          <Unicode>Iſta laudibus celebrare tritum &amp; vulgare eſt. Otium lau-</Unicode>
        </TextEquiv>
      </TextLine>
      <TextLine id="r0_l016">
        <Coords points="338,654 339,653 341,653 342,652 509,654 510,653 510,650 511,649 556,650 556,649 556,647 557,647 573,647 574,646 979,650 979,651 979,660 980,660 986,660 987,659 989,659 989,655 990,654 991,639 990,638 989,638 989,631 988,630 987,630 987,625 986,624 839,623 838,622 836,622 835,623 833,623 832,624 149,616 149,617 149,624 148,624 145,624 144,625 142,625 141,627 141,628 140,629 140,631 139,632 139,637 141,639 142,639 143,640 152,640 153,641 206,642 206,645 207,646 327,647 327,648 327,650 328,651 328,652 329,652 330,652 331,653 336,653 337,654 338,654"/>
        <TextEquiv index="1" conf="0.9892190293832259">
          <Unicode>dare, hoc ſingulare, hoc præclarum eſt. Miſſos faciamus!</Unicode>
        </TextEquiv>
      </TextLine>
      <TextLine id="r0_l017">
        <Coords points="980,697 981,696 986,696 987,695 988,695 989,695 989,681 990,680 991,680 990,679 990,662 990,661 987,661 986,660 980,660 979,661 835,660 834,661 701,659 700,660 266,655 265,656 265,659 210,659 209,659 209,661 209,662 145,661 140,666 140,673 144,676 147,676 148,677 178,677 179,678 267,679 268,680 484,683 484,688 485,690 489,690 490,689 490,682 491,682 761,685 761,691 761,692 862,693 863,693 863,695 863,696 980,697"/>
        <TextEquiv index="1" conf="0.9907188893489118">
          <Unicode>omnes ad unum libros quibus evolvendis opera luditur:</Unicode>
        </TextEquiv>
      </TextLine>
      <TextLine id="r0_l018">
        <Coords points="985,739 986,738 986,737 989,735 989,696 988,695 987,695 986,696 981,696 980,697 858,696 857,697 718,695 717,696 359,692 358,691 140,689 140,690 140,698 139,698 138,698 138,699 138,711 137,712 137,713 138,713 139,714 248,715 249,716 441,718 442,719 501,720 502,721 502,727 503,727 505,729 510,729 511,728 515,728 516,727 670,729 671,728 978,731 979,732 979,735 979,736 979,739 980,739 985,739"/>
        <TextEquiv index="1" conf="0.9877138670223454">
          <Unicode>illos imitemur felicioris ingenii viros qui ſibi ſunt ipſi unus</Unicode>
        </TextEquiv>
      </TextLine>
      <TextLine id="r0_l019">
        <Coords points="75,764 359,767 359,728 75,725 75,764"/>
        <TextEquiv index="1" conf="0.9948904056634221">
          <Unicode>&amp; omnis liber.</Unicode>
        </TextEquiv>
      </TextLine>
      <TextLine id="r0_l020">
        <Coords points="986,831 987,830 990,830 991,829 991,828 991,827 991,789 990,788 990,786 989,785 985,785 985,777 985,776 980,776 979,777 979,779 978,780 978,790 977,790 911,789 911,779 912,778 912,777 912,776 908,776 907,777 906,777 903,780 903,781 902,781 901,781 900,783 900,784 899,785 899,788 897,789 893,789 892,790 889,790 888,791 887,791 886,793 886,810 885,811 888,814 889,814 890,815 891,815 892,816 977,817 978,818 978,826 979,827 978,831 979,831 986,831"/>
        <TextEquiv index="1" conf="0.8796615451574326">
          <Unicode>.</Unicode>
        </TextEquiv>
      </TextLine>
      <TextLine id="r0_l021">
        <Coords points="827,816 828,815 828,811 830,811 832,809 832,800 840,800 841,799 841,797 854,797 855,796 855,790 854,789 854,786 853,785 853,784 848,779 847,779 846,778 843,778 842,777 836,777 835,778 833,778 832,779 829,779 828,780 826,780 824,781 824,782 823,783 822,783 821,784 820,784 819,784 817,784 815,786 814,786 812,788 810,788 810,789 810,790 809,790 744,790 743,789 742,790 362,786 361,786 325,786 325,783 324,782 324,783 324,786 323,786 180,785 179,784 178,783 177,784 140,784 140,785 140,789 139,789 138,789 138,790 138,793 139,794 140,794 141,795 141,799 226,800 227,799 253,799 254,798 375,800 376,801 384,801 385,800 385,799 522,800 523,801 524,801 525,800 544,800 545,801 545,802 545,803 546,802 546,801 586,801 587,802 719,803 720,802 789,803 790,804 790,805 791,806 791,807 794,807 795,808 812,808 813,809 813,811 816,811 817,812 817,814 822,815 823,816 827,816"/>
        <TextEquiv index="1" conf="0.6203072110811869">
          <Unicode>4</Unicode>
        </TextEquiv>
      </TextLine>
      <TextLine id="r0_l022">
        <Coords points="799,827 800,826 802,826 803,825 813,825 815,823 816,823 820,820 820,819 821,818 820,817 819,817 818,816 817,815 817,814 816,813 815,813 815,812 814,811 813,811 812,810 807,810 807,809 806,808 795,808 794,807 766,807 766,806 766,804 765,804 729,804 728,802 727,803 507,801 506,800 505,801 408,800 407,801 289,800 288,799 287,799 286,800 227,799 226,800 158,799 158,800 158,803 157,803 155,803 154,805 154,806 155,806 156,807 156,812 164,812 165,813 166,812 198,813 199,812 353,813 354,812 514,814 515,815 515,820 516,820 517,820 517,815 517,814 795,817 796,818 796,821 797,822 797,825 798,826 797,827 798,827 799,827"/>
        <TextEquiv index="1" conf="0.0">
          <Unicode>Æ I,</Unicode>
        </TextEquiv>
      </TextLine>
      <TextLine id="r0_l023">
        <Coords points="600,875 600,870 601,869 752,871 753,870 769,870 769,869 769,868 770,867 770,862 771,862 836,863 837,861 837,848 838,848 842,848 842,847 842,846 844,844 845,844 847,844 847,843 847,842 849,841 851,841 852,840 853,840 854,839 855,839 856,838 858,838 860,836 861,836 862,835 863,835 865,833 867,833 868,832 869,832 869,831 870,830 871,830 875,827 875,826 875,825 884,825 885,824 886,824 887,824 887,821 887,820 892,820 893,820 893,818 894,817 893,816 892,816 891,815 890,815 889,814 888,814 884,810 883,811 881,811 880,813 880,814 879,814 853,814 853,818 852,819 826,819 826,821 825,822 818,821 816,823 815,823 814,825 813,830 812,830 811,831 804,831 803,832 803,833 801,833 800,834 800,840 555,838 554,837 553,837 552,836 546,836 545,835 545,832 545,831 544,832 543,832 542,833 542,835 380,834 379,835 314,834 313,835 310,835 307,837 307,838 306,839 306,840 305,841 305,855 304,856 304,857 303,858 303,859 304,860 304,861 307,864 310,864 311,865 599,868 599,869 599,875 600,875"/>
        <TextEquiv index="1" conf="0.9332244092667545">
          <Unicode>SCENA p</Unicode>
        </TextEquiv>
      </TextLine>
      <TextLine id="r0_l024">
        <Coords points="667,927 667,926 667,920 668,920 694,920 695,921 702,921 703,920 704,920 705,919 737,920 738,921 740,921 741,922 743,922 744,921 780,921 781,922 826,923 827,924 834,924 835,923 868,923 869,924 872,924 873,923 891,923 892,922 892,920 893,919 892,917 891,917 890,916 878,916 878,902 875,899 874,899 873,898 745,897 744,896 739,896 738,897 696,896 695,895 657,895 656,896 655,896 654,897 653,897 651,899 651,900 650,901 650,904 649,905 649,906 648,907 594,906 594,894 593,893 561,893 560,892 557,892 556,893 532,892 532,893 532,913 531,913 501,913 500,912 500,910 498,908 481,908 481,907 481,895 480,895 479,896 479,897 478,898 478,901 477,902 472,902 471,903 470,903 470,904 469,905 317,903 317,902 316,901 316,898 315,896 315,892 314,891 314,890 313,890 312,890 311,889 310,890 275,890 274,889 271,889 270,888 270,889 269,889 266,889 264,891 231,891 230,890 221,890 220,889 182,889 181,888 180,889 179,889 178,890 178,912 178,913 179,913 180,914 219,914 220,915 268,915 269,916 270,916 323,916 324,915 426,916 427,917 433,917 434,918 435,917 437,917 438,916 439,916 440,915 493,916 493,918 494,919 498,919 500,917 501,916 501,915 510,915 532,915 533,916 538,916 539,917 540,916 568,917 583,917 584,918 616,918 617,919 625,919 626,918 658,919 659,920 663,920 663,925 665,927 667,927"/>
        <TextEquiv index="1" conf="0.8690905632224473">
          <Unicode>ERGASLOS, MISOPONUS.</Unicode>
        </TextEquiv>
      </TextLine>
      <TextLine id="r0_l025">
        <Coords points="483,975 594,977 595,951 484,949 483,975"/>
        <TextEquiv index="1" conf="0.9400802860657373">
          <Unicode>ERG.</Unicode>
        </TextEquiv>
      </TextLine>
      <TextLine id="r0_l026">
        <Coords points="984,1037 984,1028 985,1027 985,1015 984,1014 985,1007 984,1006 984,1000 983,999 983,996 982,995 976,995 976,996 976,1000 975,1000 657,997 656,996 594,995 593,994 398,992 397,991 307,990 307,991 306,992 177,990 176,991 164,991 164,992 164,993 163,993 137,993 137,994 138,994 139,995 139,1005 140,1006 139,1023 140,1023 175,1023 176,1022 176,1019 177,1018 266,1019 266,1018 267,1017 268,1017 269,1016 648,1021 649,1022 712,1022 712,1023 712,1028 714,1030 714,1031 715,1031 717,1031 718,1032 975,1035 977,1037 984,1037"/>
        <TextEquiv index="1" conf="0.9708595363309189">
          <Unicode>IERE, video tibi manum ceſſare &amp; ingenium. En tua</Unicode>
        </TextEquiv>
      </TextLine>
      <TextLine id="r0_l027">
        <Coords points="983,1079 984,1079 984,1073 985,1072 985,1040 984,1039 984,1038 984,1037 588,1033 587,1032 568,1032 567,1031 475,1030 474,1029 176,1025 175,1025 175,1024 175,1023 141,1023 140,1024 140,1027 139,1028 139,1030 137,1030 133,1034 134,1034 135,1034 136,1035 201,1036 200,1037 200,1049 202,1051 210,1051 211,1052 266,1052 266,1053 432,1055 433,1056 614,1058 615,1059 615,1064 616,1064 617,1065 618,1065 619,1064 636,1065 638,1063 882,1065 883,1066 883,1069 884,1070 974,1071 975,1072 975,1079 983,1079"/>
        <TextEquiv index="1" conf="0.980308265516571">
          <Unicode>Hbi Tabacotheca, illam tibi appono, tu ſume, aperi</Unicode>
        </TextEquiv>
      </TextLine>
      <TextLine id="r0_l028">
        <Coords points="133,1090 826,1097 826,1070 133,1063 133,1090"/>
        <TextEquiv index="1" conf="0.9873683892190457">
          <Unicode>&amp; inde ſententiarum &amp; verborum acumina exere.</Unicode>
        </TextEquiv>
      </TextLine>
      <TextLine id="r0_l029">
        <Coords points="441,1148 588,1149 589,1113 442,1112 441,1148"/>
        <TextEquiv index="1" conf="0.8554830223321914">
          <Unicode>MIS.</Unicode>
        </TextEquiv>
      </TextLine>
      <TextLine id="r0_l030">
        <Coords points="165,1171 273,1172 273,1145 165,1144 165,1171"/>
        <TextEquiv index="1" conf="0.9965019039809704">
          <Unicode>Abſiſte.</Unicode>
        </TextEquiv>
      </TextLine>
      <TextLine id="r0_l031">
        <Coords points="477,1209 592,1211 592,1186 477,1184 477,1209"/>
        <TextEquiv index="1" conf="0.9159005860487621">
          <Unicode>ERG.</Unicode>
        </TextEquiv>
      </TextLine>
      <TextLine id="r0_l032">
        <Coords points="982,1267 983,1267 983,1231 983,1230 911,1230 910,1229 910,1224 909,1223 907,1225 907,1228 749,1227 748,1228 497,1225 496,1226 410,1225 409,1226 409,1227 224,1225 223,1224 195,1224 194,1225 168,1224 165,1227 166,1227 167,1227 167,1228 167,1248 168,1249 246,1250 247,1249 420,1251 421,1252 421,1253 422,1254 454,1255 455,1255 455,1258 456,1260 599,1261 602,1259 602,1253 602,1252 852,1255 853,1256 972,1257 973,1258 972,1259 972,1260 973,1261 973,1265 978,1265 979,1266 980,1266 981,1267 982,1267"/>
        <TextEquiv index="1" conf="0.9911816380918026">
          <Unicode>Multos certè novi, quibus ingenium videatur in Ta-</Unicode>
        </TextEquiv>
      </TextLine>
      <TextLine id="r0_l033">
        <Coords points="983,1310 983,1286 983,1285 983,1268 982,1267 981,1267 980,1266 979,1266 978,1265 973,1265 972,1266 549,1262 547,1264 203,1260 202,1261 133,1260 132,1261 128,1261 128,1265 127,1266 127,1269 126,1270 126,1273 128,1276 130,1276 131,1277 130,1285 131,1285 427,1288 427,1289 427,1293 428,1293 688,1296 689,1297 972,1300 972,1301 972,1310 973,1310 983,1310"/>
        <TextEquiv index="1" conf="0.977684358778325">
          <Unicode>hacothecâ reconditum: muti ſunt ac ſtupidi, niſi verba &amp;</Unicode>
        </TextEquiv>
      </TextLine>
      <TextLine id="r0_l034">
        <Coords points="128,1331 632,1337 633,1299 129,1293 128,1331"/>
        <TextEquiv index="1" conf="0.9923133062464851">
          <Unicode>ſententias ex Tabacothecâ hauriant.</Unicode>
        </TextEquiv>
      </TextLine>
      <TextLine id="r0_l035">
        <Coords points="473,1368 583,1369 583,1343 473,1342 473,1368"/>
        <TextEquiv index="1" conf="0.9795085713267326">
          <Unicode>MIS.</Unicode>
        </TextEquiv>
      </TextLine>
      <TextLine id="r0_l036">
        <Coords points="165,1409 421,1412 421,1378 165,1375 165,1409"/>
        <TextEquiv index="1" conf="0.9689225922338665">
          <Unicode>Abſcede, inquam.</Unicode>
        </TextEquiv>
      </TextLine>
      <TextLine id="r0_l037">
        <Coords points="452,1447 573,1448 573,1422 452,1421 452,1447"/>
        <TextEquiv index="1" conf="0.9201768785715103">
          <Unicode>ERG.</Unicode>
        </TextEquiv>
      </TextLine>
      <TextLine id="r0_l038">
        <Coords points="161,1496 813,1503 813,1466 161,1459 161,1496"/>
        <TextEquiv index="1" conf="0.9950309372083708">
          <Unicode>Ipſe mihi, ſumpto tabaco, videor ingenioſus.</Unicode>
        </TextEquiv>
      </TextLine>
      <TextLine id="r0_l039">
        <Coords points="116,1698 9,1697 9,1740 116,1741 116,1698"/>
        <TextEquiv index="1" conf="0.5335608720779419">
          <Unicode>ee</Unicode>
        </TextEquiv>
      </TextLine>
      <TextLine id="r0_l040">
        <Coords points="897,1713 808,1712 808,1740 897,1741 897,1713"/>
        <TextEquiv index="1" conf="0.0">
          <Unicode>aa</Unicode>
        </TextEquiv>
      </TextLine>
    </TextRegion>
  </Page>
</PcGts>