1000 1743
359 92 709 127 MISOPONS

152 92 192 120 166

150 140 178 186 riæ
206 140 222 186 de
242 140 350 186 ſapiente,
382 140 398 186 de
425 140 465 186 beaot
509 140 557 186 vit.
609 140 661 186 Quid
689 140 740 186 opus
772 140 796 186 eſt
824 140 844 186 de
864 140 880 186 re
900 140 936 186 tam

153 177 202 222 certâ
226 177 261 222 tam
296 177 370 222 multis
394 177 509 222 difſerere?
541 177 583 222 vera
607 177 729 222 ſapientia,
764 177 806 222 vera
824 177 957 222 beatitudo.

153 213 175 259 eſt
193 213 252 259 nihil
267 213 344 259 agere.
395 213 487 259 Faceſſat
509 213 585 259 itaque
615 213 721 259 verboſus
743 213 816 259 orator
838 213 879 259 cum
904 213 945 259 ſuis

150 251 296 296 Academicis
315 251 483 296 quæſtionitus
502 251 689 296 ſupervacaneis.
722 251 890 296 Convertamus
909 251 945 296 nos

144 286 168 333 ad
189 286 333 333 reeentiores
354 286 511 333 Aeademicos.
550 286 679 333 Panegyricæ
704 286 816 333 Orationes
837 286 910 333 labitæ
924 286 935 333 in

148 324 278 369 Academid.
317 324 378 369 Legit,
424 324 458 369 on,
485 324 534 369 hon,
565 324 607 369 bon.
641 324 676 369 Vir
699 324 737 369 fuit
756 324 832 369 ſtudiis
863 324 939 369 mcgno-

146 361 192 405 perè
219 361 356 405 deditus..
376 361 502 405 incredibili
522 361 589 405 animi
606 361 746 405 contentione
769 361 862 405 abſtruſa
892 361 942 405 qu-

147 398 180 441 que
202 398 356 441 ſcrutabaiur,
385 398 481 441 evolabor
499 398 525 441 ad
543 398 693 441 ſublimia..
730 398 847 441 Nunquùm
873 398 946 441 exiſti-

156 436 212 478 muvit
233 436 359 478 ingenium,
387 436 506 478 prerioſum
527 436 576 478 ilud
604 436 688 478 miuuus,
716 436 751 478 ſibi
793 436 877 478 notur.â
898 436 943 478 con-

151 470 238 516 ceſſum,
263 470 284 516 ut
305 470 368 516 operæ
385 470 406 516 ac
423 470 493 516 labori
511 470 630 516 parceret.
693 470 693 516 à
717 470 773 516 rener
783 470 797 516 is
832 470 895 516 ſſiduo

147 508 276 552 quotidiano
301 508 374 552 labori
393 508 488 552 aſſuetus
517 508 594 552 ſtudiis
620 508 656 552 ſuis
685 508 744 552 unicè
784 508 942 552 delectabatur.

163 543 239 588 Ubique
258 543 331 588 labor,
358 543 446 588 ubique
465 543 576 588 ſtudium,
606 543 691 588 ubique
713 543 786 588 animi
809 543 943 588 contentio.

148 578 177 624 Iſta
199 578 309 624 laudibus
331 578 441 624 celebrare
459 578 533 624 tritum
565 578 580 624 &
602 578 694 624 vulgare
719 578 749 624 eſt.
803 578 869 624 Otium
895 578 943 624 lau-

149 616 210 660 dare,
237 616 276 660 hoe
295 616 421 660 ſingulare,
448 616 486 660 hoe
509 616 635 660 præclarum
662 616 696 660 eſt.
731 616 815 660 Miſſos
830 616 941 660 faciamus

148 655 225 697 omnes
242 655 267 697 ad
288 655 351 697 unum
379 655 449 697 libros
480 655 561 697 quibus
585 655 721 697 evolvendis
749 655 809 697 opera
833 655 942 697 luditur:

144 689 192 739 illos
212 689 332 739 imitemur
352 689 459 739 felicioris
475 689 567 739 ingenii
587 689 647 739 viros
659 689 695 739 qui
714 689 750 739 ſibi
762 689 814 739 ſunt
822 689 862 739 ipſi
878 689 938 739 unus

150 725 164 767 &
190 725 263 767 omnis
285 725 351 767 liber.

930 776 930 831 .

209 777 365 816 XXXXX
396 777 557 816 XX
653 777 777 816 XXXXX

321 810 402 875 SC
466 810 472 875 E
530 810 727 875 NAV

192 888 498 927 ERGA0CSS
537 888 887 927 MISOPONUS.

494 949 498 977 E
529 949 588 977 RG.

172 990 264 1037 IERE,
296 990 356 1037 video
376 990 415 1037 tibi
443 990 523 1037 manum
551 990 627 1037 eeſſare
651 990 667 1037 &
687 990 822 1037 ingenium.
854 990 870 1037 En
898 990 930 1037 tua

204 1023 243 1079 tibi
273 1023 438 1079 Tabacotheca,
461 1023 518 1079 illam
545 1023 583 1079 tibi
602 1023 713 1079 appono,
740 1023 755 1079 tu
782 1023 855 1079 ſume,
870 1023 931 1079 aperi

140 1063 156 1097 &
173 1063 226 1097 inde
243 1063 406 1097 ſententiarum
439 1063 452 1097 &
472 1063 592 1097 verborum
615 1063 718 1097 acumina
745 1063 818 1097 exere.

489 1112 510 1149 M
540 1112 582 1149 1S.

174 1144 267 1172 Abſiſte.

488 1184 492 1211 E
523 1184 586 1211 RG.

171 1223 259 1267 Multos
282 1223 336 1267 certè
355 1223 424 1267 novi,
455 1223 535 1267 quibus
558 1223 680 1267 ingenium
719 1223 818 1267 videatur
841 1223 857 1267 in
899 1223 929 1267 Ta-

148 1260 255 1310 acothecâ
274 1260 439 1310 reconditum:
478 1260 527 1310 muti
547 1260 593 1310 ſunt
612 1260 631 1310 ae
654 1260 754 1310 ſtupidi,
773 1260 811 1310 niſi
830 1260 892 1310 verba
915 1260 930 1310 &

132 1293 254 1337 ſententias
279 1293 300 1337 ex
331 1293 481 1337 Tabacothecâ
502 1293 624 1337 hauriant.

480 1342 580 1369 MIS.

172 1375 279 1412 Abſcede,
307 1375 414 1412 inquam.

495 1421 499 1448 E
519 1421 571 1448 RG.

168 1459 212 1503 Ipſe
240 1459 300 1503 mihi,
328 1459 419 1503 ſumpto
435 1459 527 1503 tabaeo,
559 1459 634 1503 videor
654 1459 806 1503 ingenioſus.

108 1697 115 1741 -
