1000 1743
203 65 696 114 DRAMA. COMICUM.
763 77 860 108 I
432 122 864 147 4V V
11 129 410 159 4 XXV
11 142 847 182 p xc Æ& Æ &
207 170 708 215 SCENA VII.
96 223 863 266 MISOPONUS ſolus. Cogitans ac meditans quaſ ſe
284 263 654 304 ad ſcribendum accingeret..
11 306 858 376 TIIlaudandi argumentum & initium quæro. Poſſum,
124 342 863 387 opinor... ſic eſt... omnino poſſum otii principium
11 380 886 427 ab ipsâ repetere ætate aureâ. Ætas illa ignorabat aurum,
12 416 863 465 ſed otium noverat; & hoc ipſo fuit aurea, quia otii ple-
11 453 864 500 na. Bene; ab illâ ætate aureâ licebit ad primam omnium
12 489 865 539 Academiam progredi, quæ hominum fuit abundantium
12 526 865 574 otio, & in Academi hortis otiosè deambulantium. Rectè..
12 561 865 611 ab illâ veteri Academiâ, in ſcholas deſcendam. Schola, ſi
13 601 865 646 quid Græci ſermonis reſidet in animo, ſchola otium ſonat
14 637 866 682 & deſignat. Va? miſeri adoleſcentes, qui jura ignorant
14 672 890 721 ſua: & ſe, cum dantur in ſcholam, in otium dari non
14 710 868 754 intelligunt.A ſcholâ fiet gradus in aulam. Ibi Regum no-
14 745 868 792 ſtrorum alii quidem audaces dicti, alii juſti, quidam magni
15 782 867 825 ſed multi quoque otioſi appellati ſunt; & otium unicè co-
15 818 869 865 luerunt. Gaudeant certè Academiæ quædam patronis regi-
16 855 869 902 bus; noſtra Reges alumnos ſibi gratulabitur. Aggredia-
15 891 869 936 mur ad ſcribendum. Undenam autem dicendi exordium
16 930 870 975 ſumam? Etſi vereor, ſodales otioſi, ne... Quanquam
15 963 871 1011 mihi otioſus conſpectus veſter multò jucundiſſimus...
15 999 870 1047 tamen... tamen ſcribere orationem hominis operoſi eſt,
15 1041 626 1087 non otioſi... heus Ergaſte... ſurgit.
15 1088 694 1124 YXX XXXV
694 1086 863 1103 X
20 1101 848 1133 e.xV
213 1133 733 1175 SCENA VIII.
115 1183 831 1218 ERGA 0LOS, MISOPONOS.
279 1189 379 1203 Y
726 1183 781 1197 t
418 1232 529 1260 ERG.
24 1265 525 1306 ANEtibi ſcripta oratio eſt?
424 1303 532 1331 MIS.
108 1331 875 1381 Quære mihi aliquem manu & ingenio promptum ho-
18 1370 878 1413 mincm, qui oratione brevi, ſed lepidâ vitam laudet otio-
18 1411 669 1454 ſam, & otioſi viri concinnet laudationem.
400 1448 531 1484 ER.
115 1475 879 1519 Vis laudare otium, & alium à te laudatorem quæris? in
19 1516 881 1558 iſto arguinento, qui ſit magis, quàm tu, verſatus repe-
19 1557 288 1597 ries neminem.
677 1554 733 1584 L
1 1689 78 1722 l
1 1708 263 1741 atttt g aæ
