1000 1743
220 65 380 114 DRAMA
448 65 694 114 COMICUM.

814 77 852 108 167

435 122 435 147 4
537 122 537 147 X
600 122 600 147 X
630 122 630 147 X
695 122 695 147 A
758 122 758 147 X
818 122 818 147 V

88 129 88 159 X
214 129 214 159 X
274 129 305 159 XX

104 142 104 182 x
230 142 258 182 XX
615 142 617 182 X
678 142 678 182 X

225 170 300 215 SC
370 170 370 215 E
428 170 451 215 N
515 170 705 215 AVII.

99 223 309 266 MISOPONDS
332 223 393 266 ſolus.
431 223 530 266 Cogitans
550 223 569 266 ac
599 223 699 266 meditans
733 223 775 266 uaſi
790 223 806 266 ſe

285 263 310 304 ad
331 263 464 304 ſcribendum
488 263 628 304 acciugerer.

66 306 291 376 (TIIlaudandi
304 306 466 376 argumentum
493 306 511 376 &
520 306 610 376 initium
641 306 722 376 quæro.
758 306 857 376 Poſſum,

128 342 265 387 oinor.
286 342 310 387 ſic
327 342 390 387 eſt.
436 342 533 387 omnino
551 342 638 387 poſſum
663 342 697 387 otii
711 342 848 387 prineipium

60 380 75 427 ab
104 380 148 427 ipsâ
170 380 272 427 repetere
301 380 353 427 ætate
367 380 444 427 aureâ.
510 380 546 427 Etas
565 380 594 427 illa
616 380 744 427 ignorabat
758 380 857 427 aurum,

61 416 94 465 ſed
116 416 179 465 otium
204 416 318 465 noverat;
351 416 365 465 &
387 416 428 465 hoc
449 416 497 465 ipſo
515 416 556 465 fuit
574 416 654 465 aurea,
687 416 731 465 quia
761 416 797 465 otii
816 416 860 465 ple-

65 453 93 500 na.
138 453 208 500 Bene;
229 453 247 500 ab
271 453 306 500 illâ
334 453 387 500 ætate
404 453 471 500 aureâ
492 453 569 500 licebit
586 453 611 500 ad
628 453 726 500 primam
754 453 852 500 omnium

65 489 204 539 Aeademiam
234 489 358 539 progredi,
395 489 439 539 quæ
465 489 582 539 hominum
619 489 659 539 fuit
681 489 853 539 abundantium

65 526 116 574 otio,
142 526 160 574 &
175 526 190 574 in
215 526 325 574 Aeademi
340 526 409 574 hortis
431 526 501 574 otiosè
523 526 735 574 deambulantium.
761 526 841 574 Rectè.

61 561 76 611 ab
103 561 137 611 illâ
160 561 225 611 veteri
244 561 382 611 Aeademiâ,
405 561 420 611 in
447 561 531 611 ſeholas
554 561 696 611 deſcendam.
734 561 826 611 Sehola,
849 561 860 611 ſi

66 601 117 646 quid
147 601 209 646 Cræci
231 601 341 646 ſermonis
363 601 439 646 reſidet
458 601 472 646 in
494 601 590 646 animo,
615 601 685 646 ſehola
707 601 769 646 otium
798 601 861 646 ſonat

67 637 85 682 &
107 637 214 682 deſignat.
261 637 312 682 Vah?
349 637 415 682 miſeri
430 637 602 682 adoleſcentes,
635 637 667 682 qui
686 637 726 682 jura
748 637 862 682 ignorant

64 672 109 721 ſua:
158 672 158 721 &
176 672 204 721 ſe,
235 672 274 721 euum
308 672 385 721 dantur
406 672 420 721 in
445 672 564 721 ſeholam,
592 672 602 721 in
644 672 707 721 otium
745 672 787 721 dari
815 672 850 721 non

67 710 216 754 intelligunt.
243 710 247 754 A
274 710 346 754 ſeholâ
366 710 400 754 ſiet
427 710 507 754 gradus
523 710 534 754 in
561 710 645 754 aulam.
672 710 703 754 Ibi
722 710 803 754 Regum
826 710 864 754 no-

67 745 162 792 ſtrorum
185 745 220 792 alii
243 745 327 792 quidem
354 745 442 792 audaces
469 745 527 792 dicti,
546 745 580 792 alii
603 745 661 792 iuſii,
684 745 772 792 quidam
799 745 864 792 mgni

67 782 102 825 ſed
129 782 186 825 multi
205 782 297 825 quoque
320 782 377 825 otioſi
389 782 500 825 appellati
523 782 580 825 ſunt;
611 782 630 825 &
653 782 714 825 otium
741 782 806 825 unicè
832 782 863 825 eo-

68 818 170 865 luerunt.
204 818 316 865 Gaudeant
341 818 393 865 certè
410 818 536 865 Academiæ
557 818 655 865 quædam
679 818 784 865 patronis
805 818 861 865 regi-

72 855 122 902 bus;
149 855 222 902 noſtra
245 855 318 902 Reges
333 855 440 902 alumnos
463 855 498 902 ſibi
529 855 693 902 gratulabitur.
739 855 866 902 Aggredis-

79 891 121 936 mur
142 891 163 936 nd
183 891 341 936 ſeribendum.
389 891 494 936 Undenam
522 891 592 936 autem
627 891 710 936 dicendi
738 891 854 936 exordium

73 930 175 975 ſumam?
211 930 244 975 Eitſi
266 930 354 975 vereor,
383 930 467 975 ſodales
493 930 566 975 otioſi,
599 930 654 975 ne..
730 930 855 975 Quanquam

83 963 127 1011 mihi
156 963 237 1011 otioſus
266 963 398 1011 conſpectus
427 963 493 1011 veſter
526 963 588 1011 multò
614 963 837 1011 jucundiſſimus.·
837 963 863 1011 ·

72 999 208 1047 tamen..
233 999 299 1047 tamen
327 999 421 1047 ſeribere
446 999 568 1047 orationem
596 999 701 1047 hominis
722 999 806 1047 operoſi
827 999 862 1047 eſt,

75 1041 115 1087 non
143 1041 267 1087 otioſi.
287 1041 339 1087 heus
367 1041 491 1087 Ergaſte..
515 1041 515 1087 ·
543 1041 623 1087 ſurgit.

138 1088 292 1124 XXAX
415 1088 415 1124 X
478 1088 478 1124 V
602 1088 602 1124 X

94 1101 523 1133 X
742 1101 742 1133 X

231 1133 237 1175 S
307 1133 307 1175 C
376 1133 729 1175 ENAVIII.

128 1183 132 1218 E
161 1183 432 1218 RGA0S,
465 1183 774 1218 MISOPONNC
807 1183 828 1218 S.

353 1189 368 1203 55

429 1232 433 1260 E
460 1232 523 1260 RG.

111 1265 259 1306 AMNEtibi
278 1265 358 1306 ſeripta
382 1265 454 1306 oratio
482 1265 518 1306 eſt?

431 1303 525 1331 MIS.

132 1331 198 1381 Quære
227 1331 275 1381 mihi
297 1331 388 1381 aliquem
432 1331 487 1381 manu
516 1331 531 1381 &
553 1331 648 1381 ingenio
670 1331 802 1381 promptum
835 1331 872 1381 ho.

89 1370 185 1413 minem,
214 1370 247 1413 qui
269 1370 372 1413 oratione
386 1370 467 1413 brevi,
492 1370 525 1413 ſed
536 1370 610 1413 lepidâ
635 1370 694 1413 vitam
723 1370 797 1413 laudet
819 1370 874 1413 otio-

82 1411 137 1454 ſam,
170 1411 185 1454 &
207 1411 269 1454 otioſi
291 1411 328 1454 viri
349 1411 470 1454 eoneinnet
489 1411 665 1454 laudationem.

432 1448 523 1484 ERG.

126 1475 151 1519 Vis
172 1475 266 1519 laudare
287 1475 371 1519 otium,
392 1475 413 1519 &
427 1475 493 1519 alium
518 1475 521 1519 à
542 1475 560 1519 te
574 1475 713 1519 laudatorem
741 1475 836 1519 quæris?
853 1475 864 1519 in

87 1516 123 1558 iſto
141 1516 302 1558 aruinento,
332 1516 365 1558 qui
390 1516 408 1558 ſit
441 1516 518 1558 magis,
547 1516 602 1558 quàm
632 1516 664 1558 tu.
694 1516 789 1558 verſatus
814 1516 873 1558 repe-

94 1557 130 1597 ries
152 1557 284 1597 neininem.

689 1554 725 1584 LA4

6 1689 58 1722 Ir

24 1708 91 1741 ileaea
