1000 1743
272 85 396 121 RAMA
463 85 543 121 COM
603 85 603 121 C
706 85 710 121 .
826 85 866 121 I69

421 139 514 166 MIS.

113 180 139 216 Sta
161 180 247 216 igitur.

419 198 521 239 PD.

112 247 212 287 Sedebo,
231 247 334 287 quoniam
365 247 434 287 jubes.
465 247 514 287 Nam
537 247 560 287 ut
576 247 641 287 aiunt
656 247 798 287 inurbanum
817 247 874 287 præ-

77 278 110 325 ſtat
132 278 165 325 eſſe
190 278 249 325 quàm
278 278 453 325 importunum.
493 278 530 325 Jam
559 278 654 325 narrabo
676 278 720 325 tibi.
757 278 797 325 Cuim
830 278 866 325 ego

81 322 95 365 &
125 322 202 365 Galatea
224 322 374 365 nutriendum
400 322 418 365 te
433 322 623 365 accepimus.
667 322 796 365 Longinquu
818 322 872 365 rete-

77 358 112 402 ro,
140 358 181 402 nam
216 358 345 402 iniantulus
373 358 426 402 eras,
464 358 481 402 &
502 358 596 402 puſillus
621 358 663 402 ut.
733 358 792 402 nune
820 358 865 402 verò

84 397 167 449 grandis
190 397 205 449 es
220 397 296 449 ah..

429 433 526 459 MIS.

119 469 226 506 Præterita
251 469 332 506 omitte
354 469 372 506 &
394 469 508 506 præſentia
534 469 684 506 perſequere.

437 507 535 532 PÆD.

116 539 138 580 Ah
200 539 306 580 præterita
332 539 361 580 iſta
391 539 478 580 ſemper
504 539 566 580 erũnt
592 539 672 580 animo
697 539 833 580 præſentia.

89 569 150 619 Cùm,
181 569 219 619 ego
238 569 345 619 inquam,
368 569 383 619 &
414 569 490 619 Galatea
517 569 666 619 nutriendum
697 569 712 619 te
727 569 873 619 aecepimus.

83 615 159 655 omnes
181 615 291 655 eontinuo
313 615 419 655 gratulari
445 615 489 655 mihi
503 615 555 655 pagi
566 615 664 655 ineolæ,
694 615 752 655 quòd
770 615 807 655 tale
825 615 877 655 nuc-

82 651 112 690 tus
135 651 188 690 eſſem
222 651 235 690 in
265 651 301 690 tali
321 651 418 690 alumno
445 651 621 690 patrocinium:
648 651 714 690 imulti
741 651 794 690 etiam
824 651 878 690 ſalu-

83 687 123 727 tare
153 687 175 727 me
193 687 274 727 aperto
296 687 380 727 capite,
409 687 424 727 &
446 687 534 727 alloqui
560 687 600 727 cum
626 687 769 727 reverentiâ:
791 687 827 727 alii
846 687 879 727 in-

83 723 113 763 ter
132 723 144 763 ſe
167 723 282 763 eolloqui,
312 723 328 763 &
343 723 358 763 in
381 723 454 763 aurem
473 723 615 763 inſuſurrare
630 723 684 763 alter
703 723 776 763 alteri.
810 723 879 763 Papæl

88 759 229 800 exclamabat
252 759 333 800 aliquis
359 759 417 800 quàm
455 759 509 800 felix
539 759 562 800 eſt
589 759 662 800 noſter
700 759 880 800 Pædotrophus:

89 796 177 841 gallinæ
193 796 249 841 albæ
269 796 325 841 filius
345 796 377 841 eſt.
429 796 461 841 Pol
501 796 637 841 ſubjieiebat
653 796 721 841 alius,
745 796 817 841 ſeeurè
833 796 869 841 jam

89 833 188 873 dormire
206 833 287 873 poteſt.
331 833 378 873 Nam
415 833 514 873 magnum
543 833 558 873 in
587 833 624 873 iſte
650 833 719 873 puero
745 833 870 873 theſaurum

85 870 177 908 reperit.
203 870 249 908 Hæc
272 870 307 908 ego
330 870 498 908 diſſimulunter
513 870 651 908 audiebam;
686 870 701 908 &
713 870 778 908 tacitè
801 870 881 908 gaude-

86 906 130 945 ham
152 906 167 945 in
192 906 247 945 ſinu.
302 906 390 945 Domum
416 906 530 945 reverſus,
559 906 610 945 heus
632 906 673 945 tu,
695 906 797 945 aiebam,
830 906 882 945 Gala-

85 942 131 977 tes,
159 942 250 977 puerum
278 942 330 977 ſerva
355 942 421 977 nobis
442 942 502 977 iſtum
533 942 670 977 diligenter,
705 942 719 977 &
740 942 799 977 nutri
817 942 883 977 ſedu-

88 976 116 1017 I.
144 976 176 1017 Illa
200 976 240 1017 tibi
256 976 288 1017 lae
300 976 460 1017 immulgebat
476 976 588 1017 continuòô
612 976 632 1017 &
652 976 756 1017 lactando
772 976 816 1017 læta
840 976 884 1017 can-

87 1015 175 1055 titabat.
201 1015 248 1055 Ipſe
267 1015 307 1055 tibi
325 1015 384 1055 nune
399 1015 545 1055 coneiliabam
567 1015 659 1055 ſomnos
677 1015 787 1055 agitando
806 1015 883 1055 cunus,

88 1051 147 1093 nune
176 1051 238 1093 riſum
271 1051 385 1093 eliciebam
410 1051 542 1093 palpando,
571 1051 743 1093 balbutiendo,
769 1051 882 1093 lallando,

101 1086 155 1123 mille
182 1086 247 1123 modis
266 1086 419 1123 blandiendo.
450 1086 515 1123 Ride,
541 1086 691 1123 inquiebam,
714 1086 798 1123 blande
817 1086 886 1123 puer,

95 1123 127 1160 qui
155 1123 219 1160 nobis
247 1123 307 1160 riſum
343 1123 399 1160 facis.
435 1123 499 1160 Ride.
539 1123 651 1160 Ridebas,
719 1123 763 1160 ipſe
783 1123 879 1160 ridebam

96 1166 204 1200 quoque.

441 1197 539 1223 MIS.

143 1230 201 1271 Quod
222 1230 259 1271 tibi
288 1230 388 1271 gaudium
417 1230 542 1271 aliquando
567 1230 704 1271 obtulerim,
737 1230 837 1271 gaudeo.

452 1270 551 1296 PAÆD.

137 1302 152 1341 Et
177 1302 276 1341 gaudium
301 1302 396 1341 attuliſti
418 1302 433 1341 &
451 1302 550 1341 lucrum.
590 1302 641 1341 Nam
667 1302 711 1341 quia
736 1302 820 1341 ſumma
846 1302 886 1341 fuit

95 1338 165 1376 patris
182 1338 214 1376 tui
228 1338 367 1376 auctoritas,
392 1338 409 1376 te
430 1338 524 1376 propter
556 1338 629 1376 magnâ
657 1338 699 1376 ſum
723 1338 811 1376 levatus
828 1338 888 1376 parte

93 1374 167 1410 annui
191 1374 286 1410 tributi,
314 1374 370 1410 quod
391 1374 412 1410 ex
443 1374 464 1410 me
499 1374 569 1410 miſerè
590 1374 692 1410 Agreſles
720 1374 832 1410 Publicani
860 1374 891 1410 du-

101 1411 153 1447 riter
175 1411 303 1447 exigebant.
332 1411 395 1447 Nune
420 1411 468 1447 vero
486 1411 604 1447 poſtquam
633 1411 659 1447 vir
684 1411 813 1447 clariſſimus
831 1411 879 1447 pate

101 1447 151 1479 tuus
174 1447 267 1479 occidit,
294 1447 350 1479 heu,
374 1447 410 1479 hoi
490 1447 639 1479 Iacrmiatii.

452 1484 552 1511 MIS.

157 1518 200 1558 Quid
230 1518 316 1558 evenit?

706 1555 706 1588 L

26 1696 26 1734 l

941 1698 953 1718 e
