1000 1743
320 87 708 125 M ISOPONUS,
117 96 169 123 I0
457 142 573 169 PÆD.
149 174 923 219 Poſtquam occidit... heu, hoi!.. non pofſum eloqui.
471 217 579 242 MIS.
120 248 669 288 Iſtis tempera lacrymis, & loquere.
311 287 721 326 PÆD. abſtergens lacrymas.
147 322 984 363 Poſtquam ille occidit, continuò mihi malè ominari om-
111 359 982 403 nes; & multi mala multa interminari. Qui utinam men-
111 395 989 442 daces! ſed nimiùm reperti ſunt veraces. Nam factà nuper
110 432 960 482 novâ tributorum deſriptione, ter mibi tantùm impcae-
42 467 688 508 runt oneris, quantùm priùs ſuſtinebam.
463 510 570 536 M IS.
144 541 389 579 Factum improbè.
454 581 573 609 PÆD.
142 616 987 661 Et immiſericorditer. Neque enim huic oneri magis ſum
106 650 753 693 ferendo par, quàm cœlo humeris ſuſtinendo.
456 692 562 719 MIS.
138 724 910 767 Debuiſti de tantâ improbitate palam & apertè conqueri.
452 766 568 792 PÆD.
140 791 908 838 Apertè conqueror quotidiè; ſed fruſtra. Omnes illu-
103 833 982 877 dunt mihi, etiam qui priùs invidebant; ac me jocis &
101 869 905 912 ſannis proſequentes, ſolves, inquiunt, Pædotrophe, ſol-
28 905 977 948 ves. Nullus tibi jam patronus. Obiit Philoponus. Dor-
102 943 540 981 mit Mliſoponus: ſolves, ſolves.
446 983 552 1011 MIS.
135 1014 901 1059 Næ tu malevolam gentem commemoras & maledicam!
442 1058 558 1082 PÆD.
135 1086 977 1129 Ita ſumus omnes; nam apud nos, ut aiunt, homo ho-
97 1124 900 1165 mini lupus; vicino quisque invidet ſuo. Quod mſi te mi-
96 1161 976 1200 ſercat noſtri, me brevi cum Galateâ noſtrà mœrore &
94 1197 417 1233 inopiâ enectum audies.
443 1237 550 1263 MIS.
130 1263 974 1310 Me profectò miſeret veſtri; ſedenim causâ veſtrâ quid
91 1303 303 1342 poſſum facere?
431 1345 548 1372 PÆD.
126 1375 894 1418 Poſſes omnia, ſi paternum magiſtratum ſuſciperes, qui
77 1411 892 1446 tibi & tuis multùm conciliaret reverentiæ. Sed tamen vel
88 1447 892 1490 ſic aliquid potes, ſi Proteſilaum Provinciæ noſtræ præpo-
87 1483 891 1523 ſitum, & in hac diverſantem urbe adire velis; ipſum al-
86 1521 535 1560 loqueris commodè primo mane.
9 1697 120 1741 eæ
