1000 1743
332 87 702 125 MISOPONUS,

123 96 165 123 170

468 142 566 169 PED.

163 174 274 219 Poſtquam
304 174 442 219 oceidit...
461 174 518 219 heu,
537 174 602 219 hoi.
648 174 682 219 non
717 174 801 219 poſſum
827 174 915 219 eloqui.

478 217 498 242 M
529 217 572 242 IS.

155 248 198 288 Iſtis
220 248 319 288 tempera
341 248 461 288 laerymis,
490 248 509 288 &
527 248 633 288 loquere.

324 287 423 326 PÆED.
449 287 518 326 alſter
533 287 573 326 gens
595 287 713 326 lacrymas.

158 322 179 363 Po
190 322 274 363 ſtquam
298 322 333 363 ille
354 322 449 363 occidit,
473 322 581 363 eontinuò
609 322 655 363 mihi
683 322 732 363 maè
756 322 854 363 ominari
872 322 914 363 om-

115 359 164 403 nes;
196 359 210 403 &
241 359 297 403 multi
325 359 370 403 mala
398 359 458 403 multa
482 359 639 403 interminari.
688 359 720 403 Qui
737 359 768 403 uti
775 359 821 403 nam
859 359 912 403 men-

120 395 193 442 daces
223 395 256 442 ſed
274 395 369 442 nimiùm
398 395 479 442 reperti
501 395 549 442 ſunt
567 395 662 442 veraces.
692 395 739 442 Nam
768 395 823 442 factâ
838 395 911 442 nuper

117 432 174 482 novâ
193 432 331 482 tributorum
366 432 515 482 deſeriptione
531 432 531 482 ·
557 432 588 482 ter
615 432 665 482 mihi
684 432 764 482 tantùm
795 432 910 482 impoiae-

117 467 164 508 runt
190 467 278 508 oneris,
303 467 413 508 quantùm
439 467 501 508 priùs
526 467 680 508 ſuſtinebam.

469 510 565 536 MIS.

157 541 237 579 Factum
262 541 382 579 improbè.

465 581 567 609 PÆD.

151 616 166 661 Et
188 616 419 661 immiſericorditer.
445 616 522 661 Neque
547 616 595 661 enim
624 616 676 661 huic
698 616 760 661 oneri
782 616 844 661 magis
859 616 899 661 ſum

110 650 208 693 ferendo
229 650 278 693 par,
306 650 365 693 quàm
397 650 449 693 eœlo
470 650 575 693 humeris
592 650 746 693 ſuſiinendo.

459 692 483 719 M
511 692 559 719 IS.

152 724 252 767 Debuiſti
275 724 290 767 de
309 724 366 767 tantâ
386 724 539 767 improbitate
558 724 623 767 palam
653 724 673 767 &
688 724 764 767 apertè
787 724 906 767 conqueri.

461 766 563 792 PED.

145 791 226 838 Apertè
248 791 380 838 conqueror
398 791 519 838 quotidiè;
545 791 581 838 ſed
603 791 691 838 fruſtra.
750 791 830 838 Omnes
852 791 900 838 illu-

111 833 163 877 dunt
191 833 254 877 mihi,
286 833 342 877 etiam
373 833 408 877 qui
433 833 492 877 priùs
513 833 670 877 invidebant;
698 833 719 877 ac
758 833 782 877 me
803 833 859 877 jocis
887 833 901 877 &

106 869 180 912 ſannis
198 869 377 912 proſequentes,
407 869 487 912 ſolves,
516 869 644 912 inquiunt,
677 869 838 912 Pædotrophe,
860 869 897 912 ſol-

110 905 147 948 ves.
194 905 260 948 Xallus
282 905 319 948 tibi
341 905 377 948 jam
403 905 524 948 patronus.
575 905 630 948 Obiit
655 905 809 948 Philoponus.
849 905 897 948 Dor-

115 943 144 981 mit
166 943 320 981 Mliſoponus:
349 943 429 981 ſolves,
451 943 532 981 ſolves.

449 983 473 1011 M
501 983 549 1011 IS.

139 1014 174 1059 Næ
195 1014 209 1059 tu
244 1014 370 1059 malevolam
401 1014 485 1059 gentem
516 1014 687 1059 eommemoras
711 1014 722 1059 &
750 1014 893 1059 maledicam:

451 1058 553 1082 PÆD.

138 1086 162 1129 Ita
185 1086 262 1129 ſumus
282 1086 372 1129 omnes;
402 1086 445 1129 nam
472 1086 532 1129 apud
552 1086 602 1129 nos,
632 1086 648 1129 ut
668 1086 745 1129 aiunt,
772 1086 845 1129 homo
858 1086 895 1129 ho-

110 1124 157 1165 mini
177 1124 257 1165 lupus;
290 1124 363 1165 vicino
380 1124 476 1165 quique
496 1124 586 1165 invidet
609 1124 653 1165 ſuo.
693 1124 746 1165 Quod
779 1124 806 1165 miſi
826 1124 839 1165 te
866 1124 892 1165 mi-

100 1161 167 1200 ſereat
191 1161 275 1200 noſtri,
314 1161 335 1200 me
359 1161 426 1200 brevi
454 1161 492 1200 cuim
537 1161 614 1200 Galateâ
646 1161 716 1200 noſtraà
754 1161 845 1200 mœrore
877 1161 894 1200 &

98 1197 175 1233 inopiâ
196 1197 296 1233 enectum
317 1197 408 1233 audies.

449 1237 543 1263 MIS.

133 1263 173 1310 Me
193 1263 293 1310 profectò
329 1263 412 1310 miſeret
436 1263 512 1310 veſtri;
540 1263 636 1310 ſedenim
664 1263 723 1310 causâ
747 1263 811 1310 veſtrâ
835 1263 891 1310 quid

97 1303 177 1342 poſſum
208 1303 295 1342 facere?

441 1345 545 1372 PÆD.

139 1375 205 1418 Poſſes
230 1375 318 1418 omnia,
348 1375 355 1418 ſi
373 1375 490 1418 paternum
523 1375 670 1418 magiſtratum
695 1375 831 1418 ſuſciperes,
853 1375 890 1418 qui

94 1411 130 1446 ribi
157 1411 174 1446 &
197 1411 234 1446 tuis
260 1411 347 1446 multùm
377 1411 507 1446 concilinret
527 1411 673 1446 reverentiæ.
703 1411 740 1446 Sed
760 1411 827 1446 tamen
857 1411 887 1446 vel

93 1447 115 1490 ſie
130 1447 222 1490 aliquid
243 1447 317 1490 potes,
346 1447 353 1490 ſi
383 1447 522 1490 Proteſilaum
558 1447 679 1490 Provineiæ
701 1447 781 1490 noſtræ
800 1447 888 1490 præpo-

92 1483 169 1523 ſitum,
202 1483 217 1523 &
235 1483 250 1523 in
279 1483 316 1523 hae
341 1483 491 1523 diverſantem
517 1483 572 1523 urbe
590 1483 652 1523 adire
674 1483 740 1523 velis;
766 1483 832 1523 ipſum
854 1483 883 1523 al-

90 1521 190 1560 Ioqueris
213 1521 336 1560 commodè
356 1521 433 1560 primo
460 1521 530 1560 mane.
