1000 1743
321 87 341 126 M
379 87 697 126 ISOPONUS,

112 96 152 121 172

465 143 565 170 PED.

156 177 194 218 Quia
221 177 240 218 te
267 177 351 218 negant
386 177 454 218 matris
481 177 569 218 ſimilem
600 177 653 218 tuæ,
680 177 726 218 quæ
760 177 833 218 mulier
860 177 898 218 fuit

108 209 207 252 ſtrenua,
236 209 302 252 ſolers
320 209 339 252 ae
364 209 474 252 diligens;
500 209 518 252 at
537 209 610 252 herele
632 209 705 252 neque
738 209 826 252 Galateæ
845 209 900 252 ſimi-

105 249 125 291 lis
151 249 178 291 es;
205 249 251 291 nam
277 249 304 291 eſt
331 249 361 291 illa
384 249 472 291 ſedula,
503 249 606 291 operoſa,
640 249 652 291 &
671 249 785 291 impigra.

459 291 555 318 MIS.

144 324 232 366 Egregia
267 324 313 366 verò
336 324 512 366 argumentatio
588 324 661 366 depol,
688 324 699 366 ſi
718 324 757 366 pro
791 324 845 366 veris
868 324 898 366 pa-

104 361 192 402 rentum
218 361 295 402 liberis
317 361 394 402 omnes
412 361 522 402 ſuppoſiti
544 361 580 402 ſint
602 361 602 402 à
632 361 760 402 nutricibus
793 361 837 402 ilii,
866 361 899 402 qui

102 398 141 440 non
172 398 221 440 ſunt
239 398 323 440 patrum
354 398 382 440 vel
413 398 501 440 matrum
532 398 634 440 ſimiles,
675 398 745 440 magna
780 398 801 440 ſit
826 398 896 440 hodie

102 435 270 470 ſuppoſitorum
296 435 373 470 natio.

449 475 453 511 P
492 475 547 511 ED.

136 508 199 544 Rectè
217 508 305 544 arguis,
334 508 407 544 neque
425 508 436 544 tu
465 508 549 544 ſemper
571 508 630 544 fuiſti
648 508 699 544 adeò
732 508 787 544 matri
802 508 893 544 abſimi-

99 544 129 583 lis.
169 544 209 583 Cum
235 544 249 583 te
271 544 385 583 depulſum
410 544 414 583 à
436 544 491 583 lacte
520 544 597 583 Galateas
626 544 695 583 noſtra
725 544 736 583 in
769 544 886 583 parentum

99 580 195 616 reſtituit
224 580 308 616 manus,
337 580 367 616 hie
392 580 432 616 unà
458 580 520 616 adfui
546 580 586 616 cum
619 580 652 616 illâ
681 580 692 616 in
718 580 758 616 iſto
780 580 894 616 cubiculo.

106 617 157 657 Deus
183 617 241 657 bone
285 617 355 657 qualis
373 617 424 657 tune
450 617 501 657 eras:
534 617 556 657 ut
582 617 695 657 ſaltitabas
735 617 757 657 ut
783 617 897 657 tripudia-

95 653 130 694 bas
172 653 193 694 ut
214 653 274 694 nune
295 653 305 694 in
333 653 414 694 patris,
442 653 501 694 nune
519 653 533 694 in
571 653 638 694 matris
652 653 781 694 amplexum
809 653 893 694 convo-

95 691 165 727 labas,
191 691 285 727 alterius
311 691 395 727 crines,
411 691 505 727 alterius
521 691 588 727 vittas
611 691 751 727 contarbans
778 691 892 727 manibus,

102 727 194 768 geſtiens
213 727 336 768 pueriliter
359 727 374 768 &
397 727 481 768 quietis
496 727 634 768 impatiens.
661 727 684 768 Id
707 727 829 768 eulpabant
848 727 890 768 qui-

99 764 137 803 dem
162 764 267 803 parentes
288 764 333 803 tui,
364 764 382 803 &
410 764 511 803 Galateam
536 764 634 803 noſtram
651 764 822 803 inerepabant,
847 764 889 803 quæ

93 800 144 840 iſtos
159 800 246 840 aluiſſet
268 800 356 840 ſpiritus
378 800 492 840 fervidos,
514 800 587 840 neque
609 800 741 840 caſtigaſſet.
777 800 795 840 Te
814 800 880 840 tamen

97 835 226 876 gaudebant
248 835 284 876 eſſe
303 835 380 876 talem,
413 835 427 876 &
442 835 460 876 ab
486 835 526 876 hoc
548 835 592 876 ipſo
607 835 710 876 placebas
735 835 798 876 vitio,
827 835 890 876 quod

89 874 103 911 in
127 874 204 911 pueris
225 874 337 911 egregium
361 874 452 911 aliquid
466 874 518 911 ſolet
535 874 685 911 portendere.
738 874 765 911 am
790 874 881 911 vinuin,

92 910 114 947 ut
129 910 209 947 aiunt,
239 910 297 947 quod
316 910 352 947 non
385 910 525 947 efferceſcit,
558 910 598 947 cum
620 910 704 947 novum
737 910 774 947 eſt,
800 910 887 947 ſemper

96 946 131 985 erit
150 946 230 985 ſapore
249 946 397 985 languidum.
432 946 508 985 Itaque
523 946 523 985 .
523 946 550 985 ·

442 986 541 1012 MIS.

126 1019 207 1058 Itaeque
225 1019 254 1058 fae
273 1019 382 1058 narrandi
404 1019 488 1058 finem,
514 1019 525 1058 ſi
547 1019 616 1058 facere
642 1019 715 1058 potes.

437 1060 541 1086 PED.

124 1093 205 1132 Itaque
233 1093 271 1132 ego
296 1093 310 1132 &
341 1093 415 1132 Galatea
457 1093 533 1132 dimiſſi
558 1093 628 1132 ambo
656 1093 729 1132 ſumus
754 1093 796 1132 cum
820 1093 880 1132 bonâ

93 1128 170 1165 gratiâ,
203 1128 221 1165 &
240 1128 350 1165 pecuniâ,
383 1128 397 1165 &
412 1128 445 1165 ſpe
460 1128 536 1165 bonâ:
562 1128 621 1165 quam
650 1128 661 1165 tu
694 1128 786 1165 mortuis
804 1128 881 1165 paren-

89 1165 148 1202 tibus
170 1165 195 1202 ne
214 1165 276 1202 fallas
294 1165 331 1202 oro
349 1165 378 1202 te,
418 1165 462 1202 Genu
513 1165 565 1202 ectir.
616 1165 700 1202 Miſo
747 1165 747 1202 s
777 1165 831 1202 iube:
861 1165 879 1202 ut

84 1201 168 1237 ſurgt.
203 1201 231 1237 Per
249 1201 312 1237 iſtas,
333 1201 382 1237 quas
399 1201 438 1237 tibi
455 1201 518 1237 toties
532 1201 613 1237 ſiccavi
627 1201 753 1237 laermas:
777 1201 812 1237 per
830 1201 882 1237 iſta,

88 1238 102 1273 qu
147 1238 161 1273 tu
196 1238 245 1273 mihi
263 1238 319 1273 ſæpe
340 1238 511 1273 comprehenſis
528 1238 623 1273 auribus
647 1238 720 1273 dediſti
745 1238 832 1273 oſculs,
853 1238 878 1273 re-

83 1273 140 1312 Ipice
167 1273 190 1312 me
217 1273 232 1312 &
251 1273 340 1312 priſtini
359 1273 443 1312 amoris
462 1273 551 1312 aliquid
574 1273 658 1312 retine.

432 1314 529 1338 MIS.

118 1344 172 1385 Abi,
206 1344 363 1385 Pædotrophe.
405 1344 486 1385 Tributi
509 1344 570 1385 quod
589 1344 689 1385 exigitur
712 1344 731 1385 ex
754 1344 769 1385 te
792 1344 872 1385 partem

80 1382 136 1420 ultro
164 1382 287 1420 expendam
318 1382 336 1420 de
367 1382 420 1420 meo.

428 1422 432 1448 P
476 1422 528 1448 ED.

120 1454 212 1491 Pecuniâ
241 1454 288 1491 mihi
307 1454 358 1491 opus
376 1454 464 1491 quidem
493 1454 533 1491 eſt;
559 1454 592 1491 ſed
617 1454 679 1491 multò
712 1454 774 1491 magis
796 1454 873 1491 gratiâ,

80 1492 123 1533 quæ
150 1492 173 1533 me
193 1492 206 1533 in
236 1492 403 1533 conſequentes
429 1492 486 1533 etiam
516 1492 589 1533 annos
612 1492 669 1533 levet
699 1492 762 1533 onere
786 1492 872 1533 nimio,

80 1528 99 1566 &
128 1528 288 1566 malevolorum
314 1528 401 1566 frangnt
423 1528 547 1566 invidiam.

65 1695 65 1740 E

872 1711 897 1741 e.
922 1711 922 1741 .
