1000 1743
244 56 253 115 D
281 56 434 115 RAMA.
476 56 721 115 COMICUM.

840 83 877 136 173

429 131 527 169 MIS.

117 157 148 215 Ito
175 157 198 215 ad
229 157 347 215 Tiſigoram
374 157 439 215 avum
481 157 566 215 meum,
593 157 627 215 qui
654 157 773 215 Proteſilao
796 157 876 215 impri-

86 190 117 245 mis
145 190 215 245 gratus
236 190 271 245 eſt,
295 190 330 245 ille
351 190 368 245 te
386 190 480 245 propter
508 190 532 245 me
553 190 724 245 commendabit
745 190 815 245 ultro,
839 190 871 245 ne-

80 235 118 279 que
153 235 188 279 me,
219 235 310 279 opinor,
338 235 442 279 nepotem
470 235 529 279 ſuum
557 235 690 279 negaverit.

424 278 528 308 PAED,

115 305 173 362 Illum
195 305 265 362 igitur
287 305 324 362 tuo
353 305 485 362 eonveniam
514 305 624 362 nomine;
657 305 672 362 &
694 305 745 362 quid
775 305 822 362 mihi
844 305 874 362 re-

80 331 149 381 ſponſi
175 331 270 381 dederit,
306 331 350 381 mox
372 331 412 381 tibi
434 331 591 381 renuneiabo.

421 389 446 419 M
475 389 524 419 IS.

113 417 272 449 Renuneiato.

172 455 329 505 XXX
487 455 519 505 XE
617 455 647 505 XA
679 455 679 505 Y
809 455 809 505 X

124 480 598 531 XXXXAXXAX

268 519 274 563 S
353 519 353 563 C
427 519 432 563 E
491 519 581 563 NA

300 573 658 611 MISOPONUS.

113 619 193 675 MIS.
220 619 323 675 ſurgens,
357 619 499 675 deambulans
522 619 571 675 vultu
598 619 655 675 triſti
682 619 701 675 &
720 619 827 675 inquieto.

156 647 197 749 tus,
227 647 272 749 quia
297 647 335 749 non
360 647 402 749 ſum
443 647 497 749 matri
522 647 614 749 ſimilis,
639 647 706 749 atque
731 647 781 749 ideo
818 647 872 749 matri

128 666 159 721 GO
180 666 261 721 ſcilicet
281 666 320 721 pro
344 666 393 721 vero
414 666 484 721 patris
508 666 554 721 ſilis
578 666 617 721 ſum
648 666 652 721 à
676 666 763 721 nutriee
788 666 872 721 ſuppo-

79 729 156 792 ſimilis
175 729 213 792 non
240 729 302 792 ſum,
328 729 374 792 quia
401 729 455 792 nolo
490 729 513 792 me
536 729 612 792 amplâ
635 729 651 792 &
670 729 792 792 ambitiosâ
823 729 873 792 togâ

76 771 211 823 involvere.
255 771 310 823 Iſtos
336 771 387 823 certè
416 771 449 823 qui
467 771 504 823 tam
530 771 606 823 pulerè
632 771 760 823 diſputant,
786 771 870 823 juverit

78 811 173 856 propiùs
198 811 319 856 inſpicere,
352 811 425 856 ſintne
458 811 542 856 matrum
571 811 626 856 adeò
652 811 747 856 ſimiles?
772 811 790 856 an
827 811 864 856 non

82 839 120 887 ſint
140 839 232 887 quoque
248 839 360 887 ſuppoſiti
381 839 385 887 à
406 839 551 887 nutrieibus?

178 894 871 962 .AA.A.*.A..A.APA.A...

257 946 262 989 S
462 946 549 989 NA
642 946 708 989 XI.

118 994 503 1046 AMPHITIEORUS
556 994 835 1046 NEOPISTUS,

301 1034 651 1072 MISOPONUS.

258 1084 385 1136 AMPH.
415 1084 503 1136 intuens
553 1084 691 1136 Miſoponum.

123 1114 548 1199 VAXXXXXXTX

163 1198 261 1246 NEOP.
296 1198 408 1246 Miſoponi
429 1198 502 1246 vulium
526 1198 607 1246 attentè
628 1198 778 1246 conſiderans.

117 1233 166 1283 Iram
193 1233 258 1283 ſpiras
281 1233 335 1283 vultu
366 1233 381 1283 &
400 1233 473 1283 oculis.
508 1233 584 1283 Eequis
603 1233 619 1283 te
634 1233 699 1283 læſit?

428 1279 452 1307 M
480 1279 528 1307 IS.

126 1305 167 1358 Quia
189 1305 276 1358 forenſe
306 1305 383 1358 munus
405 1305 518 1358 repudio,
555 1305 580 1358 me
602 1305 690 1358 cognati
716 1305 730 1358 &
748 1305 829 1358 affines
840 1305 873 1358 in-

80 1332 138 1383 feeti
167 1332 271 1383 maledieo
296 1332 358 1383 dente
383 1332 491 1383 earpunt.

401 1387 488 1415 AMP
516 1387 541 1415 H.

116 1413 207 1469 Illorum
248 1413 354 1469 maledicta
380 1413 471 1469 ſperne,
501 1413 519 1469 &
537 1413 596 1469 tuum
636 1413 655 1469 de
680 1413 798 1469 Aeademiâ
823 1413 875 1469 pro-

80 1441 171 1503 poſitum
200 1441 262 1503 urge.
306 1441 376 1503 Multa
412 1441 580 1503 candidntorum
617 1441 686 1503 reperi
712 1441 800 1503 genera,
829 1441 847 1503 qu

80 1485 175 1538 noſtram
208 1485 350 1538 Academiam
383 1485 526 1538 compleant,
559 1485 599 1538 hem
650 1485 734 1538 aſpice,
763 1485 873 1538 oſtendens

84 1517 179 1559 tabulas.

940 1710 978 1740 i
