1000 1743
210 69 218 122 D
251 69 389 122 RAMA
463 69 676 122 C
505 69 559 122 OI
597 69 634 122 IC
721 69 721 122 V
750 69 750 122 ·
829 69 867 122 I75

595 79 680 99 TT

420 126 524 154 MIS.

113 151 129 204 Si
148 151 186 204 non
213 151 282 204 noſti,
312 151 427 204 quomodò
458 151 462 204 d
489 151 546 204 gnum
573 151 672 204 judicas?

408 199 473 238 MO
502 199 524 238 R.

118 225 122 283 E
166 225 214 283 ipſo
243 225 294 283 vultu
327 225 448 283 primùm;
478 225 496 283 ex
525 225 632 283 ſermone
657 225 734 283 deinde
760 225 874 283 judicavi.

79 252 152 314 Stabat
174 252 207 314 ille
229 252 240 314 in
269 252 335 314 trivio
357 252 419 314 afſixa
452 252 510 314 muro
536 252 613 314 legens
631 252 825 314 programmata,
854 252 872 314 &

75 298 86 352 in
117 298 236 352 Comœdiæ
254 298 320 352 titulo
341 298 446 352 hærebat.
478 298 600 352 Hominem
628 298 796 352 cireumſpicio.
831 298 873 352 Bre-

81 336 104 395 vis
127 336 201 395 coma,
224 336 294 395 breve
317 336 430 395 pallium,
466 336 546 395 collare
569 336 656 395 breve,
692 336 752 395 frons
779 336 865 395 nitida,

76 366 142 421 facies
163 366 310 421 rubicunda,
341 366 442 421 juvenile
477 366 586 421 mentum.
635 366 708 421 Statim
739 366 806 421 unum
834 366 872 421 ali-

76 407 135 467 quem
160 407 274 467 ſuſpicor,
299 407 340 467 non
365 407 384 467 ex
402 407 435 467 illâ
468 407 541 467 gente,
570 407 614 467 quæ
636 407 651 467 ſe
673 407 735 467 ſaeris
764 407 871 467 maneipat

72 443 158 484 literis.

418 493 518 521 MIS.

115 519 137 570 Ex
159 519 192 570 illâ
214 519 277 570 gente
302 519 412 570 neminem
445 519 567 570 volumus.

411 567 529 594 MOR.

111 588 151 652 Non
180 588 199 652 ex
221 588 254 652 illâ
287 588 360 652 gente,
386 588 496 652 inquaim,
521 588 558 652 ſed
580 588 602 652 ex
624 588 697 652 eorum
727 588 804 652 grege,
833 588 870 652 qui

74 619 120 678 (ibi
141 619 231 678 geninos
249 619 336 678 adlibet
357 619 409 678 vocis
430 619 497 678 ſonos.
538 619 598 678 Verba
626 619 650 678 ſua
678 619 723 678 voce
741 619 818 678 naoriud
835 619 867 678 ex-

71 663 161 725 primit:
185 663 275 725 alterius
305 663 348 725 diciu
375 663 415 725 voce
435 663 498 725 acuid
521 663 541 725 &
564 663 671 725 ſcurrili)
698 663 758 725 nune
778 663 791 725 in
818 663 868 725 pro-

74 694 134 754 fan,
162 694 221 754 nune
249 694 259 754 in
294 694 347 754 ſaerâ
378 694 430 754 veſte
448 694 511 754 ſunt,
538 694 626 754 ſemper
650 694 668 754 ut
699 694 783 754 placet,
811 694 867 754 nun-

78 736 134 789 quam
159 736 180 789 ut
204 736 271 789 decet.
299 736 327 789 Ad
344 736 400 789 illum
428 736 519 789 accedo.
554 736 568 789 Et
593 736 645 789 manu
666 736 789 789 prenſans:
817 736 869 789 heus

75 770 110 832 tu.
140 770 167 832 vir
186 770 366 832 elegantiſſime,
393 770 431 832 niſi
450 770 504 832 quid
527 770 565 832 tibi
592 770 638 832 eſſet
661 770 765 832 negotii,
788 770 864 832 aliquò

73 808 91 865 te
113 808 227 865 deductum
260 808 341 865 velim;
370 808 388 865 &
407 808 429 865 iis
447 808 597 865 aggregatum
627 808 689 865 viris,
718 808 751 865 qui
773 808 788 865 te
810 808 869 865 ſocio

102 845 175 906 aximè
201 845 318 906 gaudeant.
347 845 410 906 Mihi
432 845 487 906 vero.
516 845 644 906 Reſpondit
662 845 710 906 ille,
736 845 791 906 nibil
805 845 868 906 nego-

77 882 99 933 tii
121 882 150 933 eſt.
179 882 271 933 Nihilne
297 882 407 933 omnino?
432 882 487 933 nibil
506 882 601 933 prorſus.
630 882 674 933 Non
704 882 718 933 tu
748 882 777 933 das
803 882 869 933 rebus

81 918 161 972 operam
205 918 359 972 Theologicis?
388 918 476 972 nullam.
520 918 560 972 Non
597 918 780 972 Philoſophicis?
813 918 868 972 nun-

74 956 144 1007 quam.
172 956 214 1007 Non
252 956 357 1007 Oratoriis
395 956 535 1007 neutiquam.
567 956 612 1007 Non
640 956 699 1007 ſaero
720 956 762 1007 juri
787 956 867 1007 diſcen-

78 990 99 1043 do
145 990 194 1043 facis
211 990 330 1043 injuriam.
361 990 382 1043 At
407 990 459 1043 certè
477 990 557 1043 aliquo
582 990 690 1043 doctrinæ
711 990 784 1043 ſtudio
809 990 868 1043 mane

80 1027 104 1084 vel
125 1027 167 1084 ſerò
195 1027 324 1084 oecupatum
352 1027 387 1084 eſſe
408 1027 426 1084 te
447 1027 555 1084 eredibile
576 1027 611 1084 eſt.
646 1027 719 1084 Neque
747 1027 810 1084 mane,
835 1027 866 1084 ne-

77 1063 110 1115 que
132 1063 190 1115 ſerò,
231 1063 245 1115 oc
267 1063 333 1115 crede.
374 1063 473 1115 Quoniam
498 1063 524 1115 ita
550 1063 623 1115 vacas,
652 1063 652 1115 è
674 1063 759 1115 noſtris
784 1063 821 1115 eris
839 1063 869 1115 in-

79 1099 95 1159 qu
135 1099 151 1159 m.
195 1099 267 1159 Quibus
287 1099 370 1159 veſtris?
402 1099 474 1159 Rogat
490 1099 534 1159 ille.
562 1099 621 1159 Scies.
665 1099 677 1159 Tu
713 1099 769 1159 modò
793 1099 865 1159 ſeque-

76 1134 103 1190 re.
157 1134 210 1190 Ultro
233 1134 344 1190 ſequitur.
390 1134 421 1190 Ubi
440 1134 501 1190 limen
532 1134 612 1190 tango,
639 1134 720 1190 præire
739 1134 819 1190 jubeo,
850 1134 869 1190 &

74 1172 84 1223 in
109 1172 249 1223 Academiam
273 1172 357 1223 ſubire.
389 1172 473 1223 Audito
490 1172 620 1223 Academiæ
637 1172 732 1223 nomine
746 1172 816 1223 iubitò
837 1172 868 1223 ex-

74 1209 184 1260 palleſcit.
220 1209 264 1260 Non
290 1209 323 1260 hic
345 1209 462 1260 Aeademia
495 1209 630 1260 eruditorum
660 1209 685 1260 eſt
733 1209 759 1260 Ne
784 1209 869 1260 verere.

77 1246 119 1304 Illic
146 1246 253 1304 doctrinæ
272 1246 326 1304 nihil
349 1246 402 1304 opus
418 1246 452 1304 eſt.
494 1246 544 1304 Quod
559 1246 628 1304 igitur
643 1246 766 1304 Academiæ
789 1246 865 1304 genus?

74 1278 191 1335 Academia
216 1278 352 1335 otioſorum.
381 1278 414 1335 Ibi
432 1278 524 1335 reſtitit,
549 1278 648 1335 erubuit,
677 1278 758 1335 puduit
783 1278 824 1335 eum
849 1278 864 1335 ſe

74 1315 139 1370 fateri
166 1315 200 1370 qui
227 1315 265 1370 eſt,
292 1315 311 1370 &
327 1315 392 1370 fugit.
441 1315 484 1370 Ha,
506 1315 545 1370 ha,
571 1315 606 1370 hal
633 1315 709 1370 iterùm
736 1315 816 1370 accedis
839 1315 866 1370 ad

75 1353 141 1404 oſtium
166 1353 221 1404 quaſi
239 1353 338 1404 hominem
371 1353 485 1404 fugientem
510 1353 683 1404 perſecuturus.

416 1402 515 1430 MIS.

108 1425 218 1483 Magnam
248 1425 262 1483 in
288 1425 401 1483 ejusmodi
423 1425 544 1483 cundidato
566 1425 672 1483 jacturam
702 1425 808 1483 facimus.

395 1472 534 1513 AMPH.

111 1499 192 1551 Jactura
222 1499 284 1551 facilè
307 1499 429 1551 ſarcienda.
467 1499 528 1551 Alios
551 1499 628 1551 diverſi
651 1499 735 1551 generis
762 1499 861 1551 candida-
