1000 1743
193 69 874 122 DRAMA. COMICn. IS
591 79 740 99 TII
417 126 528 154 MIS.
107 151 681 204 Si non noſti, quomodò dignum judicas?
399 199 533 238 M OR.
109 225 878 283 Ex ipſo vultu primùm; ex ſermone deinde judicavi.
11 252 883 314 Stabat ille in trivio affixa muro legens programmata, &
11 298 877 352 in Comœdiæ titulo hærebat. Hominem circumſpicio. Bre-
11 336 873 395 vis coma, breve pallium, collare breve; frons nutida,
12 366 876 421 facies rubicunda, juvenile mentum. Statim unum ali-
12 407 939 467 quem ſuſpicor, non ex illâ gente, quæ ſe ſacris mancipat
12 443 185 484 literis.
415 493 522 521 MIS.
106 519 571 570 Ex illâ gente neminem volumus.
409 567 534 594 MO R.
105 588 874 652 Non ex illâ gente, inquam, ſed ex eorum grege, qui
14 619 873 678 (ibi geminos adhibet vocis ſonos. Verba ſua voce nativâ ex-
18 663 874 725 primit: alterius dicta voce acutâ & ſcurrili) nunc in pro-
14 694 873 754 fanà, nune in ſacrâ veſte ſunt, ſemper ut placet, nun-
14 736 873 789 quam ut decet. Ad illum accedo. Et manu prenſans: heus
15 770 871 832 tu, vir elegantiſſime, niſi quid tibi eſſet negotii, aliquò
16 808 872 865 te deductum velim; & iis aggregatum viris, qui te ſocio
16 845 871 906 maximè gaudeant. Mihi verò. Reſpondit ille, nihil nego-
16 882 872 933 tii eſt. Nihilne omnino? nibil prorſus. Non tu das rebus
17 918 871 972 operam Theologicis? nullam. Non Philoſophicis? nun-
17 956 871 1007 quam. Non Oratoriis? neutiquam. Non ſacro juri diſcen-
18 990 872 1043 do! facis injuriam. At certè aliquo doctrinæ ſtudio mane
16 1027 871 1084 vel ſerò occupatum eſſe te credibile eſt. Neque mane, ne-
16 1063 872 1115 que ſerò, hoc crede. Quoniam ita vacas, è noſtris eris in-
16 1099 871 1159 qum. Quibus veſtris? Rogat ille. Scies. Tu modò ſeque-
16 1134 872 1190 re. ltro ſequitur. Ubi limen tango, præire jubeo, &
17 1172 872 1223 in Academiam ſubire. Audito Academiæ nomine ſubitò ex-
17 1209 872 1260 palleſcit. Non hic Academia eruditorum eſt Ne verere.
17 1246 872 1304 Illic doctrinæ nihil opus eſt. Quod igitur Academiæ genus?
17 1278 871 1335 Academia otioſorum. Ibi reſtitit, erubuit, puduit eum ſe
18 1315 870 1370 fateri qui eſt, & fugit. Ha, ha, ha! iterum accedit ad
18 1353 686 1404 oſtium quaſi hominem fugientem perſecuturus.
413 1402 520 1430 MIS.
103 1425 816 1483 Magnam in ejusmodi candidato jacturam facimus.
389 1472 569 1513 A PH.
105 1499 869 1551 Iactura facilè ſarcienda. Alios diverſi generis candide-
812 1699 963 1740 Æ
1 1689 263 1740 t-
