1000 1743
222 76 230 114 D
258 76 518 114 RAM
370 76 410 114 A-
450 76 486 114 CO
682 76 682 114 i
698 76 698 114 ·
822 76 862 114 179

378 129 522 156 AMPH.

118 156 131 204 ꝰ.
164 156 264 204 Lectores
293 156 393 204 erratici-

412 203 510 231 MIS.

102 235 190 283 Erratiei
218 235 330 283 Lectores?
354 235 462 283 quosnam
486 235 526 283 hae
542 235 706 283 appellatione
726 235 842 283 deſignas?

384 277 388 305 A
426 277 528 305 MPH.

111 304 144 352 Qui
165 304 294 352 lectitando
319 304 393 352 errant
418 304 456 352 per
485 304 560 352 omnes
585 304 668 352 libros,
697 304 713 352 &
738 304 805 352 nullis
830 304 859 352 in-

66 336 162 392 hærent.

416 385 511 412 MIS.

108 418 162 457 Ouid
182 418 220 457 tibi
245 418 265 457 de
282 418 328 457 iſtis
340 418 469 457 lectoribus
490 418 589 457 erratieis
614 418 714 457 videtur,
735 418 859 457 Neopiſte?

397 459 534 486 NEOP.

108 494 184 534 Otioſis
196 494 363 534 aggregandos
387 494 447 534 puto.
475 494 527 534 Nam
555 494 615 534 multa
634 494 766 534 promiſeuè
782 494 862 534 legen-

68 529 101 568 do,
134 529 148 568 &
163 529 305 568 papilionum
338 529 404 568 more,
433 529 492 568 nune
506 529 532 568 ad
554 529 605 568 hos,
627 529 685 568 nune
700 529 722 568 ad
744 529 795 568 illos
813 529 861 568 con-

67 568 167 609 volando
186 568 270 609 libros,
300 568 354 609 nihil
373 568 430 609 ſucei
449 568 556 609 trahunt,
587 568 640 609 nihil
659 568 743 609 agunt.

415 606 439 633 M
466 606 513 633 IS.

103 636 264 677 Admittantur
283 636 318 677 per
348 636 371 677 me
394 636 455 677 licet.

410 679 473 716 MO
500 679 524 716 R.

106 709 267 750 Admittentur
289 709 388 750 lectores
414 709 520 750 erratici;
549 709 567 750 &
586 709 696 750 librorum
732 709 791 750 modò
816 709 868 750 titu-

68 737 110 787 lum
133 737 156 787 ac
172 737 348 787 præfationem,
382 737 440 787 modò
463 737 558 787 tabulam
585 737 600 787 &
619 737 715 787 indicem
746 737 815 787 eurſim
838 737 868 787 in-

71 784 183 826 ſpicient,
217 784 233 826 de
254 784 350 826 ſingulis
371 784 433 826 pauea
462 784 554 826 legent,
583 784 687 826 paueiora
716 784 865 826 intelligent,

73 823 201 864 paueiſſima
225 823 348 864 eolligent,
368 823 384 864 &
404 823 472 864 tamen
508 823 524 864 de
544 823 639 864 ſingulis
659 823 755 864 perinde
771 823 867 864 loquen-

71 859 118 897 tur,
144 859 166 897 ae
184 859 195 897 ſi
214 859 316 897 legerint
338 859 407 897 omnia
437 859 451 897 &
469 859 641 897 intellexerint.
678 859 692 897 In
718 859 769 897 aliis
787 859 868 897 Acade-

82 896 123 935 miis
141 896 203 935 ſibilo
225 896 401 935 exciperentur,
431 896 442 935 in
475 896 596 935 Aeademiâ
621 896 695 935 noſtrâ
720 896 871 935 aecipientur

78 933 116 972 cum
143 933 231 972 plauſu.
269 933 346 972 Ridet,
369 933 530 972 cachinnatur,
556 933 618 972 quaſi
633 933 752 972 præſentes
771 933 870 972 explode-

75 969 114 1009 ret.
167 969 286 1009 Pergamus
305 969 374 1009 ultra.

399 1008 544 1043 AMPH.

116 1043 144 1071 6o.
180 1043 264 1071 Literati
288 1043 404 1071 illiterati.

428 1080 525 1108 MIS.

120 1112 245 1155 Punantia
266 1112 382 1155 loqueris,
411 1112 599 1155 Amphitheot,
636 1112 641 1155 n
666 1112 774 1155 illiterati
786 1112 878 1155 poſſunt

123 1095 150 1228 u

404 1189 549 1216 AMPH.

127 1222 288 1263 Convenientia
311 1222 403 1263 loquor.
449 1222 533 1263 Nonne
560 1222 663 1263 illiterati
686 1222 748 1263 ſunt,
778 1222 813 1263 qui
836 1222 882 1263 ſine

79 1244 151 1298 literis
171 1244 232 1298 inter
247 1244 350 1298 literatos
373 1244 465 1298 ſedent?
484 1244 556 1298 alienâ
583 1244 663 1298 ſcilicet
686 1244 778 1298 utentes
805 1244 877 1298 litera-

84 1293 143 1334 turâ,
168 1293 242 1334 alieno
271 1293 359 1334 udicio,
388 1293 458 1334 alienâ
491 1293 608 1334 memoriâ,
634 1293 711 1334 alieno
733 1293 832 1334 calamo.

426 1335 449 1361 M
479 1335 528 1361 IS.

122 1366 287 1407 Admittantur
310 1366 344 1407 iſti
371 1366 467 1407 literati,
501 1366 536 1407 qui
559 1366 616 1407 nihil
647 1366 762 1407 literarum
788 1366 884 1407 habent.

91 1389 134 1444 Non
163 1389 269 1444 repugno
279 1389 284 1444 .

411 1443 503 1479 NEO
534 1443 553 1479 P.

125 1475 286 1514 Admittantur
304 1475 326 1514 ut
345 1475 389 1514 fuei
407 1475 502 1514 inertes,
524 1475 561 1514 qui
576 1475 653 1514 alieno
671 1475 748 1514 labore
763 1475 888 1514 perfruun.

95 1504 135 1547 tu.

684 1541 684 1577 M

64 1688 64 1740 E
