1000 1743
398 61 720 100 MISOPONUS,

152 64 189 90 I82

176 107 271 159 MOR.
297 107 323 159 ad
359 107 531 159 Dædalochirum
557 107 601 159 voce
619 107 739 159 imperiosd
769 107 783 159 &
809 107 915 159 malign.

185 147 227 199 Non
254 147 327 199 placet
346 147 430 199 noſtris
449 147 595 199 Academicis
614 147 672 199 tuum
702 147 756 199 illud
779 147 940 199 ſuſcitabulum

157 181 310 236 matutinum,
347 181 511 236 Dædalochire,
541 181 552 236 in
585 181 647 236 rebus
676 181 808 236 mechanicis
830 181 943 236 verſatiſſi-

154 221 190 277 me.
218 221 282 277 Jubet
302 221 510 277 tranquilliſſimus
530 221 602 277 Præſes
622 221 678 277 illud
706 221 782 277 defierri
798 221 826 277 ad
846 221 946 277 Critobu-

145 256 183 317 Ium
215 256 250 317 qui
271 256 358 317 forenſi
383 256 470 317 munere
491 256 554 317 brevi
575 256 691 317 ornandus
715 256 733 317 &
757 256 890 317 onerandus
911 256 946 317 eſt,

150 291 165 340 &
185 291 322 340 ſuſcitabulo
352 291 459 340 matutino
478 291 562 340 forſitan
589 291 718 340 indigebit.

495 336 598 375 DED.

197 367 312 424 Tractatum
339 367 415 424 ſeripſi
430 367 622 424 accuratiſſimum
656 367 672 424 de
698 367 748 424 motu
775 367 905 424 perpetuo;
935 367 947 424 ſi

146 401 227 450 vultis,
257 401 368 450 prælegam
399 401 410 450 in
437 401 559 450 Aeademiâ
582 401 662 450 veſtrâ.

482 448 599 476 MOR.

187 477 252 534 Vultis
272 477 310 534 viri
333 477 463 534 Aeademici
482 477 574 534 prælegi
597 477 658 534 vobis
681 477 796 534 tractatum
819 477 941 534 aecuratis-

141 510 218 556 ſimum
252 510 271 556 de
306 510 355 556 motu
382 510 512 556 perpetuo?

493 558 517 586 M
546 558 590 586 IS.

180 583 254 615 Nolo.

475 630 479 661 A
515 630 617 661 MPH.

174 661 250 690 Nolo.

471 704 487 734 N
519 704 611 734 EOP.

178 734 248 767 Nolo.

487 777 589 805 MIS.

184 807 296 862 Tractatus
320 807 356 862 ille
384 807 524 862 prælegatur
564 807 684 862 Timandro
712 807 784 862 tutori
820 807 876 862 meo,
904 807 940 862 qui

136 841 245 885 perpetuò
273 841 343 885 movet
364 841 392 885 ſe,
420 841 535 885 nunqnam
567 841 672 885 quieſcit.

478 886 542 913 MO
568 886 595 913 R.

172 916 260 968 Nolunt
283 916 321 968 viri
344 916 474 968 Academiei
493 916 589 968 prælegi
615 916 654 968 ſibi
677 916 795 968 tractatum
829 916 848 968 de
879 916 925 968 motu

135 955 257 1006 perpetuo.
284 955 345 1006 Illum
368 955 572 1006 tranquilliſſimus
595 955 668 1006 Præſes
694 955 779 1006 mandat
794 955 886 1006 prælegi
913 955 936 1006 Ti-

142 986 244 1038 mandro,
273 986 310 1038 qui
328 986 438 1038 perpetuò
471 986 540 1038 movet
562 986 592 1038 ſe,
625 986 742 1038 nunquam
771 986 877 1038 quieſeit.

480 1033 582 1061 D.

171 1058 232 1117 Nihil
253 1058 322 1117 igitur
353 1058 400 1117 mihi
422 1058 460 1117 cum
491 1058 612 1117 Academiâ
637 1058 702 1117 veſtirâ
732 1058 758 1117 rei
784 1058 819 1117 eſſe
845 1058 931 1117 poteſt?

475 1105 538 1134 MO
565 1105 589 1134 R.

164 1134 237 1183 Nihil.
277 1134 292 1183 Tu
318 1134 398 1183 quæris
428 1134 501 1183 motum
526 1134 680 1183 perpetuum,
710 1134 746 1183 nos
768 1134 863 1183 quietem
882 1134 929 1183 per-

130 1173 238 1216 petuam;
263 1173 340 1216 itaque
361 1173 445 1216 amove
462 1173 480 1216 te
501 1173 504 1216 à
525 1173 592 1216 nobis
616 1173 651 1216 eitò
679 1173 693 1216 &
721 1173 770 1216 motu
805 1173 928 1216 perpetuo.

133 1207 315 1257 Matbematicum
340 1207 452 1257 abeuntem
476 1207 602 1257 circumagit
620 1207 630 1257 in
662 1207 742 1257 gyrum.
774 1207 837 1257 Redit
851 1207 875 1257 ad
893 1207 928 1257 ſel-

128 1243 158 1293 Inm
187 1243 322 1293 cantitando.
370 1243 454 1293 Atenim
491 1243 542 1293 quid
556 1243 640 1293 audio?
666 1243 695 1293 la,
725 1243 754 1293 la,
779 1243 809 1293 la,
834 1243 864 1293 la,
889 1243 926 1293 ap-

128 1280 274 1332 propinquat
293 1280 434 1332 Philomelus
453 1280 541 1332 aliquid
560 1280 671 1332 cantionis
701 1280 816 1332 meditans.
846 1280 865 1332 An
888 1280 927 1332 ad-

135 1313 248 1344 mittetur:

474 1358 572 1385 MIS.

166 1379 326 1444 Admittetur,
352 1379 361 1444 ſi
391 1379 469 1444 dignus
495 1379 530 1444 eſſe
547 1379 699 1444 judicabitur.
729 1379 842 1444 Suecedat
864 1379 881 1444 &
894 1379 924 1444 in-

124 1429 267 1462 terrogetur.

64 1695 99 1740 E-
