1000 1743
247 79 410 120 DRAMA
477 79 717 120 COMICUM.

854 92 892 124 189

89 127 121 161 XX
151 127 151 161 X
184 127 184 161 X
275 127 280 161 SX
345 127 345 161 X
405 127 405 161 X
503 127 533 161 XX
631 127 631 161 X
694 127 694 161 X
727 127 822 161 XAX

485 151 869 174 XX

666 184 666 201 r

278 174 283 215 S
358 174 432 215 CE
487 174 512 215 N
577 174 582 215 A
671 174 671 215 1

101 217 486 270 CRITOBULUS,
531 217 841 270 MISOPOC

431 274 557 309 CRIT.

135 307 160 359 uâ
193 307 263 359 fretus
292 307 464 359 benevolentiâ
493 307 508 359 &
537 307 767 359 commendatione,
826 307 888 359 miee,

152 353 256 397 omnibus
277 353 305 397 tui
333 353 431 397 muneris
448 353 647 397 competitoribus
665 353 745 397 aditum
773 353 888 397 præeluſi;

88 388 144 431 illud
164 388 200 431 jam
228 388 240 431 in
268 388 376 431 poteſtate
408 388 444 431 mea
468 388 504 431 eſt.

434 431 538 458 MIS.

133 464 232 498 Gaudeo,
261 464 316 498 bene
335 464 412 498 utere.

435 504 561 532 CRIT.

138 538 153 589 Ut
171 538 226 589 bene
241 538 303 589 utar;
325 538 417 589 alterum
446 538 446 589 à
472 538 490 589 te
501 538 641 589 heneſicium
663 538 791 589 impetrare
809 538 890 589 velim.

440 578 540 605 MIS.

125 608 272 651 Impetratum
300 608 360 651 puta.
420 608 467 651 Quid
487 608 559 651 petis?

428 651 556 678 CRIT.

129 678 175 728 Peto
198 678 217 728 &
240 678 286 728 or,
316 678 335 728 ut
358 678 397 728 hoc
416 678 488 728 ipſum
526 678 614 728 munus,
652 678 710 728 quod
736 678 809 728 aecepi
832 678 836 728 à
859 678 885 728 te,

94 712 185 766 recipias
206 712 222 766 &
239 712 326 766 ſerves.

442 759 537 787 MIS.

136 790 196 840 Quod
220 790 340 840 aceepiſti,
372 790 412 840 hoe
432 790 528 840 reddere
548 790 576 840 te,
616 790 648 840 vel
668 790 768 840 recipere
800 790 836 840 me,
868 790 892 840 eſt

91 821 160 870 nefas.

431 869 556 897 CRIT.

130 900 163 950 Fas
189 900 210 950 me
229 900 273 950 hoe
291 900 397 950 reddere,
426 900 485 950 quod
499 900 547 950 ideò
572 900 656 950 tantùm
678 900 770 950 accepi,
799 900 821 950 ne
839 900 887 950 quis

88 932 144 983 alter
168 932 301 983 oecuparet:
328 932 353 983 fas
370 932 388 983 te
409 932 464 983 illud
485 932 597 983 reeipere,
625 932 684 983 quod
709 932 824 983 nunquam
859 932 887 983 de-

91 970 156 1017 buiſti
172 970 286 1017 alienare,
317 970 336 1017 &
351 970 439 1017 ſervare
455 970 566 1017 perpetuò
596 970 669 1017 debes.

439 1016 539 1042 MIS.

126 1046 148 1093 Id
167 1046 255 1093 ſervare
273 1046 309 1093 non
342 1046 423 1093 debeo,
452 1046 511 1093 quod
533 1046 646 1093 ſuſtinere
664 1046 701 1093 non
730 1046 837 1093 poſſum.

442 1088 446 1127 C
472 1088 563 1127 RIT.

128 1118 171 1165 Non
194 1118 270 1165 potes?
297 1118 385 1165 inqnis.
423 1118 435 1165 Tu
458 1118 496 1165 non
523 1118 622 1165 poteris,
645 1118 702 1165 quod
725 1118 764 1165 ego
791 1118 813 1165 me
829 1118 890 1165 poſſe

96 1147 195 1203 eonfido.
226 1147 276 1203 Nam
302 1147 364 1203 quod
383 1147 467 1203 neſeis,
497 1147 516 1203 de
532 1147 578 1203 alio
593 1147 681 1203 forenſi
708 1147 796 1203 munere
818 1147 849 1203 egi
868 1147 887 1203 ac

113 1189 161 1238 rope
185 1189 297 1238 tranſegi;
324 1189 356 1238 ſed
384 1189 400 1238 de
432 1189 456 1238 me
476 1189 552 1238 ſilebo.
600 1189 643 1238 Non
675 1189 687 1238 tu
719 1189 799 1238 potes,
827 1189 891 1238 quod

91 1229 234 1274 potuerunt,
263 1229 278 1274 &
292 1229 387 1274 poſſunt
406 1229 435 1274 tot
457 1229 457 1274 è
479 1229 519 1274 tuis
545 1229 724 1274 condiſeipulis.
750 1229 801 1274 quos
827 1229 889 1274 omni

97 1256 200 1304 facultate
226 1256 309 1304 vineis:

440 1306 537 1334 MIS.

139 1335 208 1381 Poſſim
234 1335 325 1381 ſortaſſe
351 1335 460 1381 quidem,
486 1335 519 1381 ſed
544 1335 581 1381 eum
618 1335 694 1381 magno
716 1335 793 1381 labore
819 1335 833 1381 &
848 1335 888 1381 fna-

92 1372 138 1416 jore
166 1372 271 1416 moleſtiâ.
299 1372 376 1416 Neque
400 1372 446 1416 verò
470 1372 540 1416 tecum
568 1372 645 1416 ſingain
673 1372 708 1416 aut
736 1372 890 1416 diſſimulabo.

102 1393 236 1452 Dignitatem
263 1393 393 1452 ſenetoriam
420 1393 458 1452 non
489 1393 600 1452 deſpicio:
627 1393 673 1452 imo
700 1393 795 1452 plurimi
818 1393 891 1452 faeio;

95 1438 126 1484 ſed
151 1438 175 1484 me
193 1438 280 1484 terrent
301 1438 389 1484 oneroſa
413 1438 529 1484 Senutoris
553 1438 634 1484 officia;
662 1438 704 1484 nam
739 1438 746 1484 ſi
770 1438 882 1484 honorem

95 1473 231 1524 ſuſcipiam,
263 1473 323 1524 velim
355 1473 367 1524 &
391 1473 443 1524 onus
463 1473 587 1524 ſuſtinere.

433 1522 551 1556 CRIT.

137 1551 203 1602 Credo
228 1551 352 1602 equidem,
385 1551 398 1602 &
422 1551 509 1602 egregiè
534 1551 671 1602 ſuſtineres.

6 1687 28 1721 ii

66 1708 66 1740 e
