1000 1743
326 88 696 131 MISOPONUS,

112 98 153 125 190

460 131 485 175 M
514 131 560 175 IS.

156 175 222 210 Terret
254 175 275 210 me
296 175 408 210 inprimis
429 175 547 210 numeroſa
572 175 621 210 illa,
652 175 670 210 &
680 175 820 210 importuna
848 175 911 210 elien-

110 212 158 253 tium
187 212 264 253 turba,
294 212 338 253 quæ
371 212 444 253 omnias
470 212 554 253 judicis
580 212 679 253 tempora
712 212 862 253 aueupatur,
895 212 913 253 &

111 256 220 283 oceupat.

465 286 590 311 CRIT.

158 320 176 360 Te
198 320 268 360 terret
286 320 385 360 ſupplex
404 320 525 360 hominum
554 320 631 360 turha,
668 320 767 360 quibus,
796 320 851 360 quot
880 320 910 360 das

117 359 243 389 momenta,
272 359 300 389 tot
322 359 408 389 confers
430 359 550 389 beneficia.
588 359 632 389 Nec
654 359 670 389 te
689 359 755 389 terret
780 359 844 389 otioſa
869 359 907 389 ho-

116 394 193 431 minum
221 394 295 431 natio,
323 394 403 431 quibus
424 394 526 431 tempora
554 394 585 431 das
606 394 648 431 vitæ
669 394 844 431 pretioſiſſima,
869 394 911 431 om-

110 431 165 467 nino
191 431 253 467 gratis
278 431 293 467 &
311 431 355 467 ſine
369 431 413 467 ullâ
435 431 504 467 eorum
534 431 614 467 gratiâ.

467 469 566 493 MIS.

146 501 164 540 Si
192 501 339 540 magiſtratum
367 501 433 540 ineam
465 501 500 540 jam
545 501 569 540 me
594 501 657 540 omni
685 501 839 540 oblectatione
860 501 909 540 ani-

115 539 147 575 mi,
182 539 196 575 &
220 539 265 575 vitæ
283 539 429 575 jueunditate
450 539 541 575 prorſus
562 539 673 575 excluſum
701 539 792 575 putem.

455 578 459 603 C
492 578 584 603 RIT.

148 612 200 648 Ergo
225 612 350 648 miſerorum
371 612 473 648 querelas
494 612 651 648 compeſcere,
679 612 839 648 innocentium
864 612 906 648 for-

109 650 172 684 tunas
195 650 332 684 protegere,
369 650 509 684 diſſidentum
539 650 632 684 animos
655 650 819 684 reconciliare,
845 650 909 684 fami-

103 686 141 721 lias
162 686 218 721 ruinâ
243 686 382 721 prohibere,
407 686 438 721 jus
462 686 539 721 cuique
560 686 616 721 ſuum
651 686 762 721 tribuere,
790 686 850 721 nihil
874 686 906 721 )u-

108 722 237 750 cunditatis
251 722 321 750 habet
343 722 361 750 &
383 722 559 750 oblectationis?

463 760 491 795 M
515 760 559 795 IS.

141 793 211 831 Habet
233 793 321 831 fortaſſe
350 793 464 831 multùm;
489 793 522 831 ſed
540 793 584 831 alio
599 793 705 831 quopiam
734 793 907 831 oblectamenti

108 831 185 870 genere
206 831 297 870 indiget
314 831 423 870 animus,
454 831 514 870 quod
531 831 545 870 in
580 831 622 870 vitâ
643 831 727 870 forenſi
748 831 863 870 laboriosâ
888 831 905 870 &

102 866 190 907 auſterâ
209 866 304 907 reperiri
323 866 385 907 poſſe
407 866 499 907 diffido.

445 907 445 940 C
479 907 570 940 RIT.

140 938 204 977 Malè
228 938 320 977 diſfidis,
340 938 428 977 amiee,
456 938 492 977 non
520 938 572 977 adeò
604 938 680 977 tetriea
712 938 800 977 Themis
824 938 860 977 eſt,
884 938 908 977 ut

107 978 142 1013 non
173 978 268 1013 explicet
282 978 380 1013 frontem
401 978 537 1013 aliquando.
565 978 646 1013 Neque
663 978 719 1013 adeo
733 978 859 1013 perpetuus
880 978 905 1013 eſt

104 1015 199 1050 forenſis
220 1015 297 1050 labor,
325 1015 346 1050 ut
370 1015 409 1050 non
447 1015 597 1050 diſpungatur
622 1015 762 1050 intervallis,
790 1015 905 1050 brevibus

102 1051 144 1086 illis
168 1051 277 1086 quidem,
305 1051 340 1086 ſed
361 1051 416 1086 tantò
444 1051 644 1086 jucundioribus,
675 1051 759 1086 quantò
787 1051 902 1086 breviori-

102 1088 149 1124 bus.
193 1088 292 1124 Quoniam
318 1088 336 1124 ut
358 1088 413 1124 fame
435 1088 509 1124 cibus,
534 1088 556 1124 ita
582 1088 688 1124 conditur
710 1088 787 1124 labore
809 1088 883 1124 quies.

452 1126 476 1151 M
507 1126 551 1151 IS.

139 1159 226 1196 Malum
259 1159 303 1196 vitæ
329 1159 500 1196 condimentum
526 1159 610 1196 longus
628 1159 705 1196 labor.

446 1196 450 1223 C
479 1196 571 1223 RIT.

141 1227 187 1269 Imo
210 1227 386 1269 condimentum
417 1227 463 1269 vitæ
486 1227 601 1269 peſſimum
631 1227 697 1269 longa
723 1227 792 1269 quies.
842 1227 903 1269 Quod

104 1268 126 1305 ne
152 1268 233 1305 temerè
251 1268 368 1305 affirmari
390 1268 471 1305 credas.
519 1268 588 1305 Cogita
614 1268 683 1305 quæſo
702 1268 757 1305 quid
775 1268 823 1305 fiat,
856 1268 892 1305 cum

101 1304 157 1342 inter
178 1304 217 1342 nos
238 1304 391 1342 tonvenimus
405 1304 552 1342 aliquando,
580 1304 619 1342 ego
636 1304 685 1342 poſt
699 1304 800 1342 navatam
821 1304 902 1342 ſtudiis

102 1341 232 1376 forenſihus
253 1341 291 1376 aut
319 1341 424 1376 civilibus
452 1341 529 1376 offieiis
556 1341 658 1376 operam,
686 1341 700 1376 tu
728 1341 776 1376 poſt
801 1341 892 1376 longam

106 1377 269 1414 ceſſationem,
282 1377 319 1414 aut
346 1377 506 1414 dormitionem
526 1377 652 1414 prolixam.
682 1377 759 1414 Ambo
782 1377 899 1414 verſamur

98 1414 111 1450 in
145 1414 215 1450 edem
248 1414 325 1450 genere
351 1414 554 1450 oblectationum,
581 1414 614 1450 ſed
651 1414 711 1450 modo
734 1414 797 1450 quàm
827 1414 897 1450 diver-

98 1450 129 1484 ſo]
171 1450 185 1484 Tu
220 1450 259 1484 me,
276 1450 388 1484 quiequid
406 1450 563 1484 jucunditatis
587 1450 696 1484 offertur,
724 1450 780 1484 vides
794 1450 899 1484 arripere

102 1485 190 1521 cupidè.
241 1485 260 1521 Te
289 1485 359 1521 contra
384 1485 443 1521 illud
461 1485 564 1521 faſtidire
586 1485 663 1521 video,
696 1485 711 1521 &
740 1485 810 1521 otioſo
839 1485 901 1521 dente

106 1521 137 1562 vix
156 1521 259 1562 tangere.
309 1521 351 1562 Tibi
374 1521 439 1562 friget
461 1521 530 1562 riſus,
557 1521 629 1562 torpet
652 1521 759 1562 animus,
794 1521 889 1562 lætitiam

896 1713 922 1741 e
