1000 1743
315 88 702 131 M ISOPONUS,
42 98 161 125 Io
456 131 567 175 M IS.
141 175 916 210 Terret me inprimis numeroſa illa, & importuna clien-
105 212 991 253 tium turba, quæ omnia judicis tempora aucupatur, &
108 256 229 283 oceupat.
452 286 593 311 CRIT.
94 320 991 360 Te terret ſupplex hominum turba, quibus, quot das
105 359 916 389 momenta, tot confers beneficia. Nec te terret otioſa ho-
56 394 989 431 minum natio, quibus tempora das vitæ pretioſiſſima, om-
105 431 622 467 nino gratis & ſine ullâ eorum gratiâ.
464 469 570 493 MIS.
79 501 987 540 Si magiſtratum ineam jam me omni oblectatione ani-
104 539 800 575 mi, & vitæ jucunditate prorſus excluſum putem.
442 578 587 603 CRIT.
140 612 914 648 Ergo miſerorum querelas compeſcere, innocentium for-
105 650 914 684 tunas protegere, diſſidentum animos reconciliare, fami-
102 686 914 721 lias ruin prohibere, jus cuique ſuum tribuere, nihil ju-
103 722 567 750 cunditatis habet & oblectationis?
411 760 562 795 MIS.
136 793 911 831 Habet fortaſſe multùm; ſed alio quopiam oblectamenti
100 831 987 870 genere indiget animus, quod in vitâ forenſi laboriosâ &
46 866 503 907 auſterâ reperiri poſſe difſido.
383 907 573 940 CRIT.
136 938 911 977 Malè diſfdis, amice, non adeò tetrica Themis eſt, ut
102 978 983 1013 non explicet frontem aliquando. Neque adeo perpetuus eſt
100 1015 910 1050 forenſis labor, ut non diſpungatur intervallis, brevibus
101 1051 984 1086 illis quidem, ſed tantò jucundioribus, quantò breviori-
100 1088 942 1124 bus. Quoniam ut fame cibus, ita conditur labore quies.
449 1126 558 1151 IS.
137 1159 713 1196 Malum vitæ condimentum longus labor.
433 1196 574 1223 CRIT.
135 1227 980 1269 Imo condimentum vitæ peſſimum longa quies. Quod
99 1268 981 1305 ne temerè arfirmari credas. Cogita quæſo quid fiat, cum
97 1304 980 1342 inter nos couvenimus aliquando, ego poſt navatam ſtudiis
98 1341 977 1376 forenſihus aut civilibus officiis operam, tu poſt longam
99 1377 971 1414 ceſſationem, aut dormitionem prolixam. Ambo verſamur
98 1414 906 1450 in eodem genere oblectationum, ſed modo quàm diver.
97 1450 977 1484 ſo! Tu me, quicquid jucunditatis offertur, vides arripere
56 1485 979 1521 cupidè. Te contra illud faſtidire video, & otioſo dente
96 1521 981 1562 vix tangere. Tibi friget riſus, torpet animus, lætitiam
1 1695 264 1740 t
813 1713 926 1741 r
