1000 1743
247 68 411 120 DRAMA
476 68 705 120 COMICUM
840 68 878 120 I9I

84 116 130 171 male
153 116 256 171 ſimulas,
283 116 321 171 nee
340 116 394 171 bene
421 116 543 171 diſſimulas
570 116 738 171 oſcitationem.
772 116 787 171 In
814 116 875 171 ipſo,

76 158 97 208 ita
134 158 160 208 me
189 158 240 208 Deus
255 158 331 208 amet,
364 158 445 208 videris
459 158 565 208 laborare
591 158 646 208 otio,
675 158 693 208 &
711 158 730 208 te
755 158 785 208 tui
803 158 876 208 pœni-

74 195 135 239 tere.

357 239 452 278 MIS.
483 239 487 278 à
506 239 578 278 parte.

117 273 144 320 Re
163 273 205 320 ipsâ
228 273 324 320 pœnitet
347 273 492 320 aliquando,
519 273 546 320 ad
577 273 626 320 Crit.
649 273 714 320 putas
737 273 787 320 ergo
810 273 871 320 illum

89 300 154 350 minùs
173 300 287 350 laborare,
314 300 352 350 qui
379 300 440 350 magis
455 300 558 350 laboret.

419 353 423 384 C
452 353 543 384 RIT.

125 382 231 429 Omnino.
275 382 304 429 Sie
329 382 369 429 fert
395 382 490 429 natura,
516 382 538 429 ut
563 382 596 429 qui
614 382 713 429 laborem
742 382 815 429 fugit,
844 382 877 429 tæ-

83 412 138 463 dium
163 412 280 463 inveniat;
310 412 328 463 &
350 412 386 463 qui
405 412 500 463 laborem
529 412 632 463 ſequitur
654 412 763 463 inveniat
782 412 877 463 ſuavita-

82 452 132 495 tem.
162 452 178 495 Si
205 452 304 495 dubitas,
331 452 450 495 experire.

177 493 177 533 X

490 514 490 536 X
553 514 553 536 X
620 514 620 536 X
683 514 683 536 X
746 514 746 536 X
778 514 778 536 X
811 514 811 536 X

159 512 159 549 X

274 556 352 608 SC
418 556 508 608 EN
568 556 574 608 A
646 556 718 608 III.

194 609 401 648 EOGENE
433 609 455 648 S,
491 609 855 648 MISOPONUS,

296 650 678 690 CRITOBULUS.

400 694 473 728 CLE
505 694 511 728 O
546 694 564 728 G.

147 741 193 782 UID
224 741 262 782 tibi
289 741 454 782 quantumque
477 741 584 782 debeam,
618 741 768 782 cognatorum
799 741 883 782 beneſi-

152 777 288 818 centiſſime,
316 777 379 818 juvat
397 777 463 818 coram
498 777 614 818 Critobulo
638 777 757 818 profiteri.

434 819 528 846 MIS.

121 850 179 898 Iſtud
194 850 355 898 qualecunque
374 850 408 898 eſt,
431 850 512 898 omitte
527 850 726 898 commemorare,
753 850 883 898 Cleogenes.

391 893 395 921 C
429 893 557 921 LEOG.

132 919 250 966 Omittam,
278 919 421 966 Miſopone;
453 919 491 966 non
530 919 568 966 ego
596 919 802 966 commemoreni,
833 919 872 966 non

85 952 202 1001 prædicam
231 952 246 1001 te
268 952 345 1001 ſæpius
363 952 465 1001 rogatum
495 952 513 1001 ut
542 952 586 1001 mihi
608 952 722 1001 cognato,
754 952 769 1001 de
791 952 806 1001 te
828 952 883 1001 tuis-

85 997 124 1034 que
141 997 201 1034 bene
232 997 320 1034 merito,
348 997 404 1034 opem
432 997 516 1034 ferres,
547 997 561 1034 &
600 997 621 1034 me
649 997 768 1034 judicibus
803 997 820 1034 de
845 997 883 1034 lito

96 1032 131 1075 meâ
152 1032 348 1075 eognoſeentibus
372 1032 421 1075 voce
446 1032 481 1075 aut
505 1032 589 1075 ſeripto
614 1032 810 1075 eommendaeres,
838 1032 873 1075 non

82 1067 109 1111 ad
132 1067 181 1111 illos
197 1067 308 1111 adiviſſe,
335 1067 373 1111 non
407 1067 492 1111 miſiſſe,
518 1067 538 1111 ae
561 1067 584 1111 ne
603 1067 626 1111 ad
649 1067 721 1111 eorum
752 1067 836 1111 quidem
863 1067 886 1111 li-

86 1105 156 1150 teras,
185 1105 266 1150 quihus
284 1105 299 1150 te
332 1105 346 1150 de
372 1105 574 1150 eonſanguinitate
596 1105 669 1150 noſtrâ
695 1105 886 1150 interrogarent,

87 1139 155 1181 unum
186 1139 270 1181 verbum
297 1139 442 1181 reſeripſiſſe,
469 1139 511 1181 hoc
530 1139 599 1181 taceri
621 1139 690 1181 velis?

311 1181 439 1221 CRIT.
463 1181 491 1221 ad
511 1181 671 1221 IMiſoponum.

126 1213 186 1253 Itane
206 1213 305 1253 factum,
333 1213 476 1253 Miſopone?

436 1258 536 1283 MIS.

129 1284 149 1333 At
173 1284 337 1333 eommendavi
361 1284 381 1333 te
401 1284 469 1333 hodie
501 1284 629 1333 Themiſto,
669 1284 689 1333 &
705 1284 813 1333 impensè
841 1284 889 1333 qui-

94 1317 133 1367 dem
159 1317 180 1367 ae
198 1317 305 1367 ſtudiosè.

409 1368 519 1402 CLEO
554 1368 571 1402 G.

134 1393 306 1436 Commendaſti
333 1393 382 1436 voce
409 1393 478 1436 ſervi;
508 1393 524 1436 &
543 1393 611 1436 alieni
634 1393 779 1436 quidem...
825 1393 886 1436 Vale,

89 1414 226 1473 Miſopone.
264 1414 318 1473 Litem
345 1414 409 1473 hodie
432 1414 536 1473 perdidi,
570 1414 616 1473 quæ
658 1414 681 1473 me
707 1414 776 1473 prope
795 1414 883 1473 perdit:

85 1463 103 1507 at
125 1463 209 1507 luerum
235 1463 330 1507 aliquod
352 1463 392 1507 feci
411 1463 495 1507 tamen.
546 1463 586 1507 Ego
612 1463 627 1507 te
645 1463 729 1507 tandem
758 1463 821 1507 novi.
872 1463 883 1507 Si

93 1500 143 1548 quid
170 1500 204 1548 meâ
231 1500 261 1548 vel
288 1500 380 1548 meorum
407 1500 472 1548 operâ
487 1500 617 1548 aliquando
636 1500 766 1548 indigebis,
793 1500 835 1548 ipſe
861 1500 884 1548 me

88 1533 163 1584 faciam
188 1533 271 1584 pariter
291 1533 395 1584 noveris.

972 1698 972 1741 i

63 1687 69 1741 E
