1000 1743
231 68 880 120 DRAMA. COMICUM191
13 116 884 171 male ſimulas, nec bene diſſimulas oſcitationem. In ipſo,
8 158 884 208 ita me Deus amet, videris laborare otio, & te tui pœni-
13 195 138 239 tere.
354 239 585 278 MIS. à parte.
111 273 883 320 Re ipsâ pœnitet aliquando, ad Crit. putas ergo illum
14 300 565 350 minùs laborare, qui magis laboret.
406 353 588 384 CRIT.
112 382 900 429 Omnino. Sic fert natura, ut qui laborem fugit, tæ-
15 412 885 463 dium inveniat; & qui laborem ſequitur inveniat ſuavita-
14 452 453 495 tem. Si dubitas, experire.
15 493 209 533 xxx
455 514 889 536 N&VX V
93 512 870 549 XY Æ Æ
237 556 714 608 SCENA III.
103 609 857 648 LEOGENES, MISOPONUS,
279 650 679 690 CRITOBULUS.
316 694 572 728 CLEOG.
79 741 887 782 UIDtibi quantumque debeam, cognatorum benefi-
88 777 762 818 centiſſime, juvat coram Critobulo profiteri.
427 819 534 846 MIS.
115 850 887 898 Iſtud qualecunque eſt, omitte commemorare, Cleogenes.
381 893 565 921 CLEOG.
103 919 886 966 Omittam, Miſopone; non ego commemorem, non
17 952 887 1001 prædicam te ſæpius rogatum ut mihi cognato, de te tuis-
18 997 888 1034 que bene merito, opem ferres, & me judicibus de lite
18 1032 887 1075 meâ cognoſcentibus voce aut ſcripto commendares, non
18 1067 890 1111 ad illos adiviſſe, non miſiſſe, ac ne ad eorum quidem li-
18 1105 890 1150 teras, quibus te de conſanguinitate noſtrâ interrogarent,
19 1139 698 1181 unum verbum reſcripſiſſe, hoc taceri velis?
300 1181 678 1221 CRIT. ad Miſoponum.
119 1213 482 1253 Itane factum, Miſopone?
433 1258 540 1283 MIS.
122 1284 892 1333 At commendavi te hodie Themiſto, & impensè qui-
20 1317 312 1367 dem ac ſtudiosè.
394 1368 614 1402 CLEOG.
120 1393 893 1436 Commendaſti voce ſervi; & alieni quidem... Vale,
21 1414 891 1473 Miſopone. Litem hodic perdidi, quæ me prope perdit:
21 1463 891 1507 at lucrum aliquod feci tamen. Ego te tandem novi. Si
22 1500 892 1548 quid meâ vel meorum operâ aliquando indigebis, ipſe me
22 1533 402 1584 faciam pariter noveris.
1 1687 264 1741 t&
