1000 1743
241 76 251 125 D
279 76 428 125 RAMA.
465 76 707 125 COMICUM.
829 76 871 125 20I

408 130 471 160 MO
502 130 530 160 R.

111 159 115 195 E
146 159 223 195 Græcis
246 159 395 195 renovatum?

490 210 496 231 S

110 231 138 265 Sic
158 231 246 265 ferunt.

407 274 467 312 MO
497 274 522 312 R.

106 291 148 354 Ha,
175 291 210 354 ha,
236 291 275 354 hal
298 291 374 354 ludum
401 291 555 354 Anſerinum,
585 291 585 354 è
616 291 693 354 Græcis
712 291 865 354 renovatum,

426 350 508 379 TIS.

102 377 179 430 Mavis
202 377 275 430 ludum
305 377 309 430 â
336 377 439 430 Pharaone
466 377 543 430 dictum
566 377 658 430 ſeilicet.
692 377 715 430 At
731 377 800 430 nihil,
823 377 861 430 opi-

67 407 118 466 nor,
140 407 202 466 refert
221 407 363 466 admodum,
396 407 458 466 quod
473 407 495 466 ſit
513 407 568 466 ludo
583 407 681 466 nomen,
711 407 755 466 quæ
780 407 857 466 origo.

71 451 114 497 dum
140 451 184 497 ipſe
202 451 220 497 ſit
239 451 323 497 animis
345 451 348 497 à
374 451 447 497 labore
472 451 600 497 reereandis
618 451 728 497 idoneus.

392 496 534 525 AMPH.

104 524 166 578 Rectè
188 524 298 578 opinaris.
324 524 346 578 At
368 524 463 578 ludebas
485 524 577 578 tamen,
610 524 628 578 &
646 524 764 578 annuente
786 524 859 578 patre.

431 569 511 601 TIS.

105 599 229 649 Annuebat
249 599 297 649 eertè
317 599 389 649 pater,
421 599 437 649 &
461 599 577 649 diſtributâ
597 599 609 649 in
637 599 697 649 filios
721 599 737 649 &
753 599 809 649 filias
825 599 861 649 pe,

73 626 131 680 euniâ
150 626 204 680 ludo
223 626 362 680 præſidebat.
395 626 519 680 Jaciebatur
541 626 607 680 coram
636 626 655 680 eo
669 626 746 680 teſſera
764 626 783 680 ab
805 626 860 680 uno-

69 668 157 717 quoque
175 668 292 717 noſtrûm,
325 668 402 717 ordine
424 668 530 717 cujuque
556 668 600 717 ſuo.
644 668 662 717 Si
684 668 731 717 quis
761 668 783 717 ex
805 668 860 717 talo-

66 704 108 751 rum
136 704 174 751 eaſu
199 704 209 751 in
241 704 360 751 cauponum
388 704 444 751 forte
472 704 500 751 vel
524 704 615 751 puteum
643 704 773 751 ineidiſſet,
804 704 857 751 ride-

65 738 130 794 batur
153 738 184 794 ille
207 738 253 794 ſed,
279 738 318 794 ſine
344 738 489 794 contumeliâ.
528 738 570 794 Ipſe
593 738 654 794 pater
673 738 700 794 ad
719 738 795 794 iactum
829 738 856 794 re-

64 775 185 825 ſpiciendo
203 775 346 825 admonebat
365 775 478 825 interdum
533 775 570 825 per
588 775 676 825 ioeum,
709 775 731 825 ut
753 775 768 825 ſe
797 775 860 825 dabat

68 815 159 863 oceaſio.
191 815 250 863 Heus
268 815 303 863 tu,
331 815 394 863 puer,
422 815 558 863 inquiebut,
586 815 663 863 ſæpius
681 815 705 863 ad
730 815 852 863 eauponam

65 850 135 900 redis;
167 850 212 900 vide
233 850 257 900 ne
275 850 320 900 illie
338 850 432 900 hæreas,
463 850 477 900 &
498 850 533 900 rem
572 850 683 900 decoquas
708 850 855 900 familiarem.

72 883 112 941 Eho
131 883 163 941 ru,
193 883 277 941 puella,
310 883 405 941 dicebat,
434 883 515 941 expedi
537 883 551 941 te
577 883 639 941 ocyus
668 883 687 941 ex
705 883 855 941 labyrintho,

69 920 86 969 &
111 920 156 969 cnve
174 920 188 969 in
212 920 303 969 nlterum
331 920 345 969 te
369 920 474 969 conjieias
505 920 568 969 magis
586 920 788 969 inextricabilem.
827 920 858 969 Sic

66 956 190 1009 ludebatur
208 956 249 1009 ſine
271 956 347 1009 tædio,
377 956 421 1009 ſine
450 956 549 1009 damno,
589 956 603 1009 &
629 956 790 1009 unusquique
812 956 856 1009 ſuh-

63 995 115 1037 inde
140 995 178 1037 eum
206 995 262 1037 bonâ
286 995 335 1037 paee
363 995 545 1037 demittebatur.

339 1037 398 1079 MO
427 1037 453 1079 R.
507 1037 580 1079 purte.

108 1069 177 1110 Ludus
200 1069 333 1110 Anſerinus.
371 1069 413 1110 Ho,
439 1069 478 1110 ha,
504 1069 523 1110 ha

392 1114 530 1141 AMPH.

103 1134 133 1193 Sie
155 1134 169 1193 &
188 1134 228 1193 nos
250 1134 290 1193 cum
316 1134 400 1193 nepote
419 1134 455 1193 tuo
474 1134 598 1193 ludemus,
631 1134 697 1193 otiosè
719 1134 734 1193 &
760 1134 796 1193 cm
818 1134 855 1193 bo-

72 1168 91 1217 nâ
119 1168 165 1217 paee
179 1168 184 1217 ·

430 1222 506 1253 TIS.

108 1245 124 1280 Et
140 1245 180 1280 ſine
200 1245 256 1280 fine.

335 1288 399 1330 MO
430 1288 453 1330 R.
479 1288 483 1330 à
506 1288 578 1330 parte.

108 1309 111 1361 E
141 1309 210 1361 Græcis
232 1309 364 1361 renovatus.
394 1309 438 1361 Ha,
463 1309 500 1361 ha,
526 1309 563 1361 ha:

62 1369 62 1411 x
155 1369 155 1411 X
278 1369 278 1411 X

223 1412 303 1466 SC
365 1412 371 1466 E
512 1412 512 1466 A
603 1412 710 1466 XIV.

67 1439 859 1503 NEOPISTCS,TISAGORAS.

89 1490 486 1534 AMPHITIEORUS,
514 1490 826 1534 MOROLOGUS.

123 1536 210 1587 NEOP.
252 1536 255 1587 d
280 1536 412 1587 Bibliopolam
440 1536 507 1587 libros
520 1536 573 1587 aſfer
587 1536 643 1587 entem
664 1536 807 1587 nuguiorios.

74 1530 236 1613 IST0smini
256 1530 324 1613 libros
349 1530 388 1613 ilie
417 1530 501 1613 depone
579 1530 623 1613 abi.

40 1683 68 1741 i

952 1713 952 1740 t
