1000 1743
328 50 727 97 M ISOPONUS,
90 69 177 98 a2t
460 114 602 141 CRIT.
157 150 632 188 am ſe contulit ad Cancellarium.
271 187 792 225 PHIL. triſtes modos ingeminans.
156 225 321 256 La, la, la.
457 262 596 288 CRIT.
155 298 671 333 am literas petiit ad ſenatum regias.
179 333 872 369 IIS. ſenſim animos colligens, nec tamen convictus.
154 370 464 399 Hoccine eſt credibile?
467 409 598 437 TI.
152 445 548 478 Hoc credere potes & debes.
474 488 569 507 IIS2
151 510 991 560 Si vera ſunt, quæ audio de te, quin accedis, nepos
115 554 645 588 chariſſime? quin me complexu petis?
168 591 869 630 MIS. aum cum reverenti ſalutat amplectitnr.
146 627 920 661 Vera ſunt quæcunque Critobulus dixit, & illud præte-
109 663 989 700 rea verum eſt, quod omiſit, ejus conſilio, adhoitatione.
107 699 989 738 precibus factum eſſe, aduitente Timandro, ut ad munus
107 737 990 775 forenſe converterem animum, qui ab eo diu maximèque
81 773 988 816 fuit alienus; qui nunc in eo totus eſt, &, quoad vivam,
106 811 288 845 ſemper erit.
459 846 565 872 TIS.
140 876 983 921 Ut me beas, nepos dulciſſime! iterum amplectere. O
31 918 982 952 Critobule, Timnander, dum mihi nepotem redditis,
102 955 984 991 qualein volui, animum redditis. Intrò ſubite. Hic me-
101 992 911 1025 cum hodie cum nepote ſuaviſſimo cœnabitis de meo. Iuſ-
101 1028 721 1063 ſa excipe, Ergaſte; ſequere, Pædotrophe.
332 1065 680 1099 ERG. ad Miſoponum.
134 1100 906 1136 Here, quoniam ejuras deſidiam, ego tibi operam obli-
98 1146 242 1173 gO mcam.
210 1173 731 1207 PÆD. alumni manum oſculans.
133 1208 903 1243 O alumne! alumne! à parte) ò Galatea, quàm læ-
96 1244 479 1273 tum tibi referam nuncium!
425 1283 578 1308 A M P H.
128 1314 680 1350 Sed enim de Academiâ noſt â quid fiet?
441 1354 547 1378 M IS.
125 1385 898 1423 Illi ſedem aliò quærite. Nam apud virum forenſem
88 1422 897 1458 otium habitare commodè non poteſt. Miſoponus valedi-
87 1461 492 1492 ct, Academicis recedentibus.
1 1696 263 1740 ta -
813 1700 971 1741 e Æ
