1000 1743
339 50 721 97 MISOPONVS,

131 69 173 98 2I8

472 114 595 141 CRIT.

166 150 199 188 Jam
232 150 247 188 ſe
272 150 368 188 contulit
386 150 411 188 ad
444 150 624 188 Caneellarium.

282 187 408 225 PHIL.
442 187 509 225 triſtes
540 187 603 225 modos
623 187 784 225 ingeminans.

170 225 200 256 La,
227 225 261 256 Ia,
287 225 314 256 la.

469 262 589 288 CRIT.

163 298 198 333 Jam
226 298 303 333 literas
324 298 387 333 petiit
408 298 432 333 ad
453 298 551 333 ſenatum
579 298 663 333 regias.

209 333 246 369 IS.
269 333 335 369 ſenſim
355 333 438 369 animos
461 333 574 369 colligens,
598 333 631 369 nec
654 333 717 369 tamen
744 333 863 369 convictus.

160 370 263 399 Hoccine
282 370 308 399 eſt
335 370 453 399 credibile?

483 409 575 437 TIM.

156 445 202 478 Hoe
226 445 313 478 eredere
334 445 400 478 potes
421 445 439 478 &
463 445 540 478 debes.

515 488 563 507 IS.

160 510 175 560 Si
197 510 241 560 vera
266 510 328 560 ſunt,
358 510 401 560 quæ
420 510 493 560 audio
526 510 540 560 de
566 510 595 560 te,
632 510 676 560 quin
709 510 811 560 accedis,
848 510 917 560 nepos

123 554 263 588 chariſſime?
294 554 340 588 quin
375 554 399 588 me
420 554 539 588 complexu
567 554 637 588 petis?

170 591 246 630 MIS.
272 591 329 630 avum
357 591 392 630 cum
417 591 531 630 reverenti
566 591 645 630 ſalutar
686 591 689 630 &
730 591 762 630 mpl
774 591 863 630 ectitur.

157 627 203 661 Vera
231 627 276 661 ſunt
301 627 444 661 quæeunque
475 627 604 661 Critobulus
625 627 695 661 dixit,
730 627 744 661 &
765 627 821 661 illud
838 627 915 661 præte-

116 663 142 700 reas
169 663 242 700 verum
269 663 305 700 eſt,
335 663 395 700 quod
418 663 501 700 omiſit,
535 663 571 700 ejus
595 663 704 700 conſilio,
731 663 910 700 adhotatione,

112 699 219 738 precibus
241 699 318 738 factum
351 699 402 738 eſſe,
428 699 552 738 adnitente
585 699 717 738 Timandro,
746 699 765 738 ut
783 699 809 738 ad
838 699 915 738 munus

109 737 201 775 forenſe
223 737 378 775 converterem
403 737 523 775 aniimum,
555 737 586 775 qui
611 737 627 775 ab
662 737 681 775 eo
709 737 731 775 din
769 737 908 775 maximèque

110 773 152 816 fuit
169 773 274 816 alienus,
302 773 337 816 qui
354 773 410 816 nune
431 773 452 816 iIi
473 773 494 816 eo
512 773 571 816 totus
595 773 634 816 eſt,
665 773 690 816 &,
718 773 791 816 quoad
822 773 910 816 vivam,

110 811 197 845 ſemper
217 811 269 845 erit.

478 846 562 872 TIS.

156 876 175 921 Ut
204 876 226 921 me
244 876 306 921 beas,
332 876 405 921 nepos
430 876 566 921 duleiſſimel
591 876 668 921 iterum
697 876 854 921 amplectere.
898 876 905 921 O

117 918 245 952 Critobule,
282 918 285 952 ô
318 918 458 952 Tiimander,
498 918 538 952 dum
582 918 626 952 mihi
655 918 758 952 nepotem
798 918 904 952 redditis,

106 955 190 991 qualein
225 955 295 991 volui,
319 955 421 991 animum
452 955 560 991 redditis.
599 955 658 991 Intrò
682 955 763 991 ſubite.
805 955 839 991 Hic
871 955 906 991 me-

108 992 144 1025 cum
178 992 247 1025 hodie
271 992 311 1025 cum
334 992 420 1025 nepote
440 992 570 1025 ſuaviſſimo
593 992 713 1025 cœnabitis
736 992 753 1025 de
783 992 832 1025 meo.
862 992 902 1025 Juſ-

106 1028 117 1063 ſa
147 1028 238 1063 excipe,
271 1028 369 1063 Ergaſte;
399 1028 505 1063 ſequere,
538 1028 702 1063 Pædotrophe.

341 1065 345 1099 E
374 1065 436 1099 RG.
465 1065 494 1099 ad
516 1065 672 1099 Miſoponum.

138 1100 208 1136 Here,
240 1100 345 1136 quoniam
373 1100 443 1136 ejuras
467 1100 586 1136 deſidiam,
618 1100 653 1136 ego
674 1100 712 1136 tibi
733 1100 817 1136 operam
849 1100 901 1136 obli-

105 1146 124 1173 go
157 1146 233 1173 meam.

282 1173 323 1207 PE
352 1173 371 1207 D.
405 1173 491 1207 alumni
516 1173 589 1207 manuim
614 1173 722 1207 oſculans.

146 1208 153 1243 O
171 1208 266 1243 alumne
310 1208 423 1243 alumnel
456 1208 486 1243 (à
504 1208 584 1243 purte)
610 1208 614 1243 ô
646 1208 745 1243 Galatea,
774 1208 833 1243 quàm
866 1208 895 1243 læ-

99 1244 136 1273 tum
162 1244 202 1273 tibi
225 1244 315 1273 referam
341 1244 450 1273 nuneium

428 1283 431 1308 A
464 1283 514 1308 MP
543 1283 569 1308 H.

133 1314 174 1350 Sed
196 1314 243 1350 enim
276 1314 295 1350 de
313 1314 437 1350 Academiâ
456 1314 507 1350 noſt
525 1314 529 1350 â
551 1314 602 1350 quid
621 1314 672 1350 fiet?

442 1354 466 1378 M
494 1354 539 1378 IS.

129 1385 164 1423 Illi
185 1385 251 1423 ſedem
290 1385 328 1423 aliò
360 1385 461 1423 quærite.
506 1385 555 1423 Nam
586 1385 645 1423 apud
677 1385 743 1423 virum
774 1385 883 1423 forenſem

96 1422 159 1458 otium
187 1422 291 1458 habitare
312 1422 435 1458 commodè
463 1422 497 1458 non
529 1422 609 1458 poteſt.
676 1422 784 1458 Miſoponus
815 1422 892 1458 valedi-

88 1461 124 1492 cit,
178 1461 294 1492 cademicis
315 1461 483 1492 recedentibus.
