1188 1984
310 126 836 186 4IS SEDECIAS
267 176 1185 293 Conſio, & armis pondus imperii reges:!
269 256 1026 313 Arabum ſed ipſe meſle votiva colar,
275 294 1185 372 Ioviquc compar ſupplicum excipiam preces.,
526 392 916 438 NAbrDAN.
277 438 1185 510 Quidquid peregi, laude quod dignum putas!
277 497 1185 553 ercedem abunde accepit: hanc retuliſtatim!
276 547 1185 604 Labore in ipſo, bellum in Iſacidas gerens.!
279 596 1185 655 Nam te jubente præmium eſt juſſus labor.
281 648 1047 710 Nuper receptum majus evadet, nova
283 696 1045 754 Si bella jubeas: clauſa perpetuo gelu
286 737 1185 810 Penetrabo cupidus Caucaſi horrentis juga:!
287 795 1044 854 Nimio peruſtas Sole pervadam libens
288 833 1186 900 Mauras arenas: ſumma non timeo aggredi,
289 895 1185 951 Nec imo renuo. Nulla degenerem dics,)
294 955 805 1011 Regio nec ulla me arguet.
583 1031 900 1077 NABCHS.
843 1070 1186 1139 Tua iam mihi eſ!
296 1133 1185 1191 Peeſpecta virtus. Huc trali capos jube!
303 1185 1185 1235 t hoſte coram læter, ac videam tuæ!
300 1238 694 1285 Monumenta laudis.
559 1306 934 1357 NABARDAN.
724 1350 1185 1414 uſſa jam pridem dedi,
301 1413 1185 1471 Mirorque reſides tamdiu: quid ſit moræ,
300 1458 1185 1524 Ignoro penitus. Pergo.., ScdGenitor ſubit
300 1523 694 1575 Sobolesque gemina.
969 1703 1092 1734 Cr
