577 958
180 21 359 48 (0
432 18 495 45 9I
1 55 496 82 Abſumpſerit, nil inde nos patimτ muli.
67 81 497 106 Non veſcimur non gramine. Farmenio. Id
96 108 241 130 verum quidem
1 131 554 158 2 Sed pecora quid, ſi deficit gramen? Clitus.
98 162 137 174 τnea
1 180 497 206 2 Pace videant pecudes. Pilot. Agros ſi Be-
97 206 131 225 ſti
73 230 449 256 Corruperint, carebimns nos panibus,
1 254 470 280 . Clitus. De Panibus iam providere Filiis
71 279 482 301 Debent Paretes Poma ſervemus modò.
1 305 497 332 Alexond. Servemus oton, paſeus, hortos,
97 336 225 355 atque agros,
72 355 407 381 De ruſticis & Civibus ſtudebimus
1 379 458 402 Benè mereri, & landibus ſuper æthere
71 403 497 430 Eſerri ab omni Patria. Beſſus. Ludes mihi
1 429 454 453 Non ſunt ſatis. Majora Socii poſciaus
1 454 497 480 Stratis Locuſtis prœmia. armen. Et t-
97 478 287 504 nam Beſſus, nova
75 504 400 529 Et varia privilegia Senatus dabit
1 528 499 553 Victoribus. Quænam petendn ſint, modò
76 554 475 575 Deliberate. Clitus. Si meam ſententiam
77 578 429 604 Audire placeat, judico, Licentism
75 603 540 635 Hanc poſtulandam, nt ſcilicet, quos dex-
102 634 140 648 tera
76 654 445 677 Stndioſa conſervevit hortos civinm,
76 679 428 701 Intrtare liceat omnibus ſtndentibus,
40 703 501 730 Et quos placuerit, legere fructus, ſeu Pyra
77 728 501 754 Seu Poma ſint, vel Ceraſ. Ainilcar. Pueri-
103 754 187 772 lia nimis
75 777 440 804 Hæc poſtulata. Poſcimos ulis & viris
1 803 396 831 3 Et Litteratis digna Privilegia.
76 827 502 854 Ludi Magiſtro nempe frrulã impoſterum
79 852 469 873 Non liceat uti in ullus poſtrum mnnus.
423 888 505 912 Corpus-
