570 961
228 20 408 47 s 0 4
72 28 125 47 I
97 56 448 81 Exercitu non potuit haſe beſtias
111 80 474 106 Opprimete, vos confiditis puerilibus
110 105 465 130 Armis fugandast ponite Pueri citò
70 129 512 154 Flagella frumentaria, & furcas, & has
110 156 483 178 Falces, & Inſtrumenta ruſtiea omnia.
111 181 518 206 Non his Locuſta pellitur. Saceras mann
111 206 517 231 Stringite coronas. Supplices aris pedes
110 230 542 256 Adſternite, piis precibus hunc Bergetem
109 254 543 280 Noſtrum invocate. Sanctns hicMagnus poteſt
58 280 530 306 Placare. Mox ſeqnentur & veſtri Patres,
108 304 475 331 Et has ad aras ſupplices pro paſcuis
111 330 479 355 Hortis & agris vor concipient pia.
112 356 481 380 Præite vos tantum eitol Si impero
73 380 503 406 Ludi Magiſter. Imperat & idem tuus
73 404 541 430 Dominus Parens Toparehs. Beryll. Man-.
136 432 249 450 dato Patris
112 454 516 476 Obediendum eſt. Imus ad ſacras ædes.
42 480 567 507 Alex. Nos quid ſtatuius Aarmen. certè ego
135 507 238 525 non audeo
110 530 542 556 Pugnare cœl. Fbilot. Nec ego, ſi fla-
141 557 235 581 grum Dei
101 575 567 605 Sint hæLoeuſtæ, exponere his tęrgum meum
111 605 566 625 Velim. Clitus. Domum recedimus. Omnes.
137 631 297 650 Recedimus
73 651 567 688 Alex. Sed redite priùs Tyτpanum, & ſig-
141 681 330 702 num, & tubum.
114 705 531 730 Ludimagiſterl impera hoc pueris tuis.
90 724 566 759 Sterp. Id imperabo, ſiquidem meeum priùs
115 755 494 779 Sacrum Sacellum adibitis, & pios ibi
114 780 457 804 Pro Patriæ ſalute fundetis preces.
90 798 566 833 Alex. Oremus ergol Beſſs. ſe Victoriæ ſeges
114 828 470 854 Fructusque & Prieilegia & Vucetio
60 854 273 883 b manebunt
438 878 568 915 PAS
