1188 1984
260 135 855 188 AcTus Praus. 461
12 215 828 275 Qui jura gemino in lanide cælata e ́ugo
11 265 908 321 Minacis Horeb, non bene audita, ut puto,
21 317 834 369 onitrus tot inter: quiquc limoſo e lacu
12 366 828 420 In arma ranas movit, & culicum tubas
12 415 858 465 Ceciniſſe bellum juſſit. Æſtuans ad hæc,
14 465 861 521 Culices, repoſui, non tot Ægyptus putres
13 513 848 571 Raoasque timuit; veſtra quot regio colit
14 563 910 620 Millia Dcorum, quorum hic haud æquo pede
13 613 796 674 Incedit ægre: hic ventre diſtento piger
14 663 780 709 Paluſtris anatis ſimulat inceſlum: fua
14 711 907 769 Proſpectat alterterga, quod monſtrum biceps
13 761 812 815 Stupeat popellus, alter hortorum rudis,
14 810 771 867 Fœdusquc cuſtos arcet infeſtas procul
15 860 855 921 Volucrum rapinas: ille mancipium gulæ:
16 909 835 957 Fur ille: & ille lurco. Sed non hic vacat
14 959 989 1020 Referre plura. Qud rei caput eſt, flagrans
22 1011 906 1066 umidusque ab ira, ſcommata hæc torve
661 1069 856 1113 ( intuens
14 1105 760 1168 Sic ille retudit: itane tot nugas blatis
13 1155 806 1219 Apella vecors, turpe verporum genus?
13 1204 749 1261 Vix ea. Minaci cuſpide cducta irui
15 1254 855 1318 In hæc loquentem, qui ſtatim cluſit ſuga,
12 1304 804 1363 Spretuque vertens terga, conatus leves
14 1354 856 1410 Puerilis iræ. Nunc tuum eſt, forti manu
12 1402 313 1457 Exigcre pœnas.
273 1491 643 1544 MATHAIHAS.
397 1566 906 1629 Diſce nil temere aggredi:
15 1606 907 1676 Subitosque motus frange., Non iervat
647 1679 857 1728 radum,
700 1727 857 1775 ſ, No,
