1188 1984
285 142 871 204 466 M ATATHIAS
239 228 1021 293 Vigiles cohortes. Parvus alpino c ́ugo
239 278 961 338 Sic qui flucbat rivus, hyberna nive,
240 316 1185 392 Quamltepida ſolvit aura, vel pluvio tunens
240 376 1185 431 Cælo, furenti murmure exitium ultimur
243 421 998 492 Intentat arvis: hæret aſpectans procul
240 464 1185 530 Sine mente paſtor: jamquce ruiturum intuens
242 531 536 584 Pallet colonus.
576 574 787 633 SIMON.
731 627 1185 695 Pectori ſubdit faces
245 686 1053 761 Cupido flagrans, enſe communem Deo
243 723 1185 800 Cauſam tuendi. Noſtra quos gens jam tulit,
246 785 1185 852 Numerat triumphos quisque, virrusquc ut
960 837 1185 888 acers
247 890 1065 957 In corda rediit; colla cum premcret 5ugo
247 934 1038 1004 Pharius Tyrannus: cladc non una ſatur
250 971 1185 1048 Aut fureret Amalechfureiet aut palmis tumens
250 1035 1185 1098 Chananæus ultor. Cæſa quin læto exitu
251 1090 1009 1149 Ducum ſuperba capita fœminea manu
251 1120 1185 1198 Menti recurſant. Hoc pari rerum in ſtatu
248 1183 1033 1247 Præſto futuram nemo non ſpondet ſibi
47 1237 643 1297 Dextram Tonantis.
479 1314 911 1368 MATHATHIAS.
579 1354 1185 1420 Criminum at venia eſt prius
259 1412 1185 1494 Roganda lacrymis. Scclera ſi popului fleat,
258 1464 1185 1548 lam pronain ictum tela ſint quamvis; ſtatim
262 1517 1073 1590 Remttit arcum ſceleris otlitus Ionans.
263 1563 1075 1638 ́ ccinde ſpe levi aut famæ, aut lucri
266 1609 1138 1699 Audenumin hoſtes: ſæva ncc mentem trahat
267 1664 1070 1732 Libio cladis. Spectet huc ſolum labor,
1007 1712 1091 1752 Huc
