1188 1984
382 142 954 204 CTSECDDIs. 469
421 236 692 285 NACHOR.
526 323 999 373 Verba conturbat dolor,
111 370 367 423 Prohibetquc.
375 449 735 493 MATHIATHIAS.
111 503 990 563 Quantum eſt, quod loqui refugis, malum?
109 555 992 608 Scd loquere citius: quidquid illud eſt, feram.
109 604 896 659 ,, Longo ſuetus tempore ærumnas pati,
108 652 499 697 ,, Hebeſcit animus.
412 728 691 775 NACHOR.
438 787 988 839 Non mihi, at Puero timens
107 830 962 898 Reſonas vagante plebe cum fugerem vias,
107 886 962 937 Avi lecutus; ſubitus armorum, & Virm
106 930 885 985 En ſonitus aures pepulit: ut fit, hæreo
106 979 932 1034 Incertus animi. Vix moror, late cohors
106 1031 919 1082 lomerata circum vallat amborum latus.
103 1079 988 1134 Tunc ambo ccleres aciem in adverſam mnanu
106 1126 896 1184 Gladium rotamus. Nuper ut pulſus leo
104 1175 962 1235 Matris cruento ab ubere, oblique intuens,
105 1225 840 1282 Partes in omnes verſat effulas jubas,
105 1273 850 1332 Carensue firmis viribus nequeat licet
103 1323 990 1387 Morſibus, & vngue frangere objectas feras;
104 1371 916 1429 Tamen laceſſit, iamque proludit minax
105 1420 839 1477 Olim futuris cædibus: parvus comes
97 1469 867 1522 Sic tela, & hoſtes inter excurrens fu:it
105 1518 1096 1579 Mucrone ſtricto, clypeus & quamvis moras
110 1568 872 1626 Opponat enſi. fallat atque ictus leves:
109 1616 840 1681 Iamen futuri hcrois in luero timet
111 1666 1098 1735 Rudimenta victor. Preſi ſed tandem fuit,
873 1730 986 1772 Nu-
502 1724 636 1779 G
