1188 1984
313 137 903 190 AcSSEcuMDts. 453
63 218 954 274 ,,Sit primus æqui cultor imperium tenens:
63 269 953 322 ,. Namquie, niſi prava lugiat, incaſſum vetat:
61 319 955 372 ,, Reprobiatque inani voce, quæ factis probat.
62 366 830 418 Egone ton ante laudibus clarus meam
59 415 917 469 Maculem ſencctam labe, quam non eluat
60 463 802 512 lordanis umda, Nilus aut late fluens
62 515 955 570 Per ora ſeptem, aut mixtus Euphrati Tigris?
63 563 953 616 Numen colendo ludicrum admittam impius
62 611 904 664 Tot ſcelera in uno ſcelere, perfidiæ ducem
63 661 480 715 Quot me ſſequentur?
385 738 666 779 GORGIAS.
471 793 953 847 Crimen ecquisnam putet
61 836 951 895 Proſpicere Natis? Do tamen, crimen putes:
62 886 901 943 Excuſat illud patrius amor. Affert opem
63 936 920 990 Tigris ipſ catulis, ſeque venantum obiicit
60 984 951 1041 Furibunda telis. Tuque, quod nemorum feras
56 1034 817 1094 Natura doicuit, ferre ſubſidium negas
59 1084 226 1127 Soboli?
334 1149 695 1192 MATHATHIAS.
59 1204 821 1261 Quod agitur, haud ſemel vitio caret;
59 1256 954 1310 Non tamen agendi ratio. Nos porro deet
60 1304 757 1361 Vitam tucri: nemo ſed licite poteſt
61 1353 869 1403 Patriam paciſci, civium & cladem, ſuæ
59 1401 952 1460 Pretium ſalutis: nemo, diuturnam ut famem
58 1451 951 1510 Saturet, quod ætas priſca patratum horruit,)
60 1501 732 1549 Artus tenelllæ prolis immiti manu
57 1547 959 1605 Scindere epulandos.Vana nec pecudum afferas
435 1602 540 1657 5
774 1609 904 1648 Exem-
59 1663 1052 1701 Cââaa as eQ N 2 CCV
109 1705 700 1763 () Lib. 4. r. cap. . verſ. 28,
