1188 1984
303 153 919 228 Acrus unrus 5o7
43 226 937 308 Excutit ab annis, plusque conceſſis putat
45 280 859 351 ,, Silbi met licere; ſemper in peius ruit.
370 381 651 431 NACHOR.
45 428 958 529 Fas æſſet utinam cupere,, quid fruſtra times,
328 530 690 582 MATHATHlAS.
40 569 926 659 , bi mutat anceps greſſus abrupta in via,
39 623 895 703 Meritoo timetur lapſus. Et credis, fore
40 671 956 760 Mletus ut Parentis mortis exſuperet metum
369 774 646 823 NACHOR.
40 811 750 885 Vcretur ille te nimis: certo necem
47 866 917 946 Tacitus ſubibit, ne tuam venerans)ovem
37 914 843 989 Incurrat iram. Sic liceat utinam mihi
38 963 946 1045 Illum tueri ſoſpitem?..,. Heu quondam mea
36 1014 946 1093 Cura, & voluptas, nunc dolor, ſævo cades
35 1062 942 1151 Fransfoſſus enſe? Lumina & fruſtra in meo,
35 1109 804 1184 Patrisque figes ore, ne tendas manus
34 1160 941 1246 Prohibente vinclo: Frondibus reſonum nemus,
34 1211 937 1294 Rupesque citcum, & antra morientis ſonos,
36 1258 939 1343 Gemitusquc reddent:gemere ſednos haud ſinet
36 1310 370 1361 Cruentus hoſtis.
309 1388 676 1451 MATHATHIAS.
404 1454 932 1522 Si pudor, falſo ut putas,
35 1483 932 1574 Ad ſana revocet conſilia, ſponte hinc caput
30 1536 748 1606 Subdat bipenni; flebis idcirco, ſibi
32 1586 932 1672 Quod puer honora morte, perpetuam paret,
32 1634 934 1719 Lætamque vitam?lura quod longo Patrum
31 1684 933 1764 ranmmiſſa ab ævo ſervet, & Cœlo fidem?
783 1776 877 1813 Non
