685 1224
210 32 478 65 THEODORICVS

74 46 89 69 54

64 63 198 90 Euerberataim
219 63 302 90 barbari
320 63 398 90 menrem
416 63 419 90 c
430 63 515 90 oquens,

59 88 156 116 Miſcebit
167 88 221 116 atras
238 88 280 116 pect
294 88 297 116 o
308 88 323 116 re
340 88 365 116 ſub
388 88 424 116 imo
439 88 490 116 faces

70 112 85 148 Et
100 112 151 148 Parca
172 112 229 148 turpe
259 112 340 148 pecudis
358 112 460 148 excutiens
478 112 550 148 colos,

62 143 121 175 Auara
140 143 180 175 triit
193 143 193 175 i
209 143 233 175 fila
252 143 270 175 pr
289 143 348 175 æcidet
372 143 431 175 manu.

71 168 82 196 Tu
108 168 173 196 deinde
189 168 198 196 ca
212 168 249 196 ſſum
271 168 331 196 lucis,
347 168 362 196 ex
373 168 446 196 pertem
469 168 494 196 ſi

67 194 124 229 Miſer
136 194 175 229 um,
190 194 304 229 cruentum,
327 194 393 229 mortis
408 194 483 229 alliſum
510 194 561 229 ſalo,

73 222 229 255 Vltriceapies
243 222 260 255 de
271 222 320 255 xterâ
334 222 357 255 ad
371 222 456 255 noſtrum
478 222 555 255 forum.

74 249 86 283 En
104 249 116 283 fu
131 249 245 283 lminantem
269 249 272 283 c
293 249 353 283 œlitùs
371 249 449 283 gladium
476 249 524 283 tuli,

77 276 111 308 Quo
128 276 267 308 vindicandum
286 276 360 308 belluæ
372 276 454 308 audacis
474 276 510 308 ſcel
519 276 550 308 us.

73 300 136 337 NEM.
155 300 231 337 Habet,
262 300 345 337 eractum
367 300 395 337 eſt,
421 300 459 337 auo
471 300 525 337 nunc
544 300 582 337 ſeſe

120 340 171 356 rotet

78 353 135 391 Gemm
147 353 159 391 is
180 353 294 391 coruſcum,
309 353 321 391 &
335 353 398 391 imbre
410 353 488 391 ſartano
521 353 581 391 rauẽ-

93 434 446 479 THEODORICVS
501 434 586 479 CVM

203 481 451 509 PRINCIPIBVS

198 520 229 554 Iam
248 520 261 554 in
283 520 381 554 phreneſin
400 520 467 554 actus.

106 555 232 602 rroganter
251 555 266 602 ſe
282 555 370 602 iactat,
431 555 434 602 &
454 555 526 602 nouas
553 555 587 602 ex-

92 594 225 642 peditiones
241 594 253 642 in
285 594 392 642 Orientem
446 594 566 642 editatur.

101 641 167 687 DErge
178 641 262 687 anime,
284 641 331 687 felix
350 641 430 687 anime,
452 641 481 687 quà
514 641 587 687 Genius

88 694 189 730 Curruque
205 694 337 730 veloxloria
353 694 434 730 albenti
450 694 507 730 rapit.

86 708 171 758 Frænare
190 708 212 758 ter
225 708 253 758 ras
297 708 329 758 dus
345 708 373 758 eſt,
386 708 458 758 tandem
477 708 531 758 iuuat

77 751 104 784 Ad
119 751 158 784 iuga
179 751 230 784 coact
242 751 260 784 os
290 751 349 784 apere
364 751 394 784 per
415 751 499 784 mundum
520 751 586 784 duces,

82 777 116 811 Reg
126 777 151 811 um
180 777 274 811 quadrigi
306 777 401 811 ſcandere
420 777 518 811 aſtrorum
543 777 584 811 glo-

129 809 172 834 bos,

90 831 162 862 Calcare
180 831 183 862 c
204 831 246 862 œlum
267 831 360 862 pedibus,
372 831 435 862 atque
447 831 501 862 inter
522 831 585 862 ſacros

81 859 186 889 Stellarum
207 859 297 889 honores
315 859 375 889 figere
387 859 420 889 hac
432 859 507 889 palmas
528 859 582 889 manu.

105 886 137 918 Me
151 886 199 918 terra
221 886 283 918 dudum
306 886 371 918 numen
394 886 498 918 inſolitum
518 886 580 918 pauet.

80 912 218 945 Inſaniendum
245 912 310 945 maius,
325 912 337 945 &
352 912 427 945 dignum
457 912 499 945 Deo.

87 941 105 973 Vt
123 941 213 973 inquieti
225 941 285 973 perpe
297 941 327 973 tem
351 941 402 973 Solis
417 941 474 973 rotam

89 965 171 997 Volutat
188 965 188 997 i
199 965 262 997 ngens
276 965 349 997 ardor,
363 965 423 997 atque
446 965 494 997 æſtus
519 965 567 997 maris

85 991 187 1023 Redeunte
201 991 223 1023 lap
240 991 249 1023 ſu
271 991 356 1023 torquet
376 991 458 1023 æternus
472 991 534 1023 labor:

81 1020 110 1051 Sic
127 1020 172 1051 ſtare
186 1020 248 1051 neſcit
268 1020 336 1051 mentis
361 1020 364 1051 æ
378 1020 378 1051 t
390 1020 449 1051 hereæ
466 1020 528 1051 vigor.

97 1046 160 1077 Tetris
177 1046 243 1077 ſubact
250 1046 263 1077 is
277 1046 363 1077 ſyderum
383 1046 470 1077 inuidam
503 1046 567 1077 lobos,
