711 1235
158 39 273 72 ACTVS
315 39 517 72 SECVNDVS.
563 39 597 72 205

115 65 175 99 bebat
189 65 252 99 agnus
272 65 328 99 vitrei
345 65 408 99 fontis
428 65 475 99 gelu.

332 92 564 150 :::aa::::

88 146 191 176 Morière,
204 146 257 176 dixit.
277 146 317 176 Quid
337 146 373 176 mali
390 146 437 176 feci:
447 146 556 176 (innocens

86 174 155 206 Agnus
173 174 272 206 reponit.)
290 174 305 206 ITu
332 174 373 206 mihi
388 174 457 206 turbas
466 174 532 206 aquam

85 199 130 235 (Ait
142 199 193 235 ille)
218 199 287 235 poſſum
312 199 341 235 tam
369 199 454 235 procul?
473 199 543 235 clamat
562 199 590 235 mĩ-

123 228 155 249 ſer.

84 252 117 287 Sex
138 252 195 287 Iuſtra
216 252 311 287 defluxere
329 252 362 287 cùm
386 252 464 287 genitor
479 252 482 287 t
491 252 527 287 nuus

93 279 141 314 Qos
160 279 255 314 ebibebam
290 279 362 314 urgitis
375 279 419 314 puri
435 279 489 314 lacus

93 305 180 336 Oleuit,
189 305 217 336 hic
231 305 245 336 te
262 305 291 336 fec
296 305 308 336 it
322 305 421 336 inimicum
446 305 491 336 dies.

87 332 141 364 Parce
154 332 215 364 innoc
226 332 271 364 enti,
279 332 314 364 non
338 332 381 364 eram
399 332 469 364 natus,
477 332 536 364 tamen

82 361 184 393 Morière:
196 361 303 393 quareSic
317 361 383 393 placet
400 361 462 393 ventri
485 361 530 393 meo.

79 388 119 420 Hoc
141 388 158 420 Im
175 388 257 420 perator
280 388 347 420 eficis,
362 388 424 420 dudum
446 388 511 420 cruces

79 414 115 448 Has
136 414 253 448 machinaris
271 414 351 448 ſubdolè
369 414 378 448 in
399 414 483 448 noſtrum
504 414 570 448 caput.

78 441 120 473 Nec
135 441 150 473 te
165 441 258 473 probroſi
276 441 357 473 carceris
372 441 426 473 flexit
441 441 507 473 labor,

80 469 119 500 Nec
137 469 164 500 qui
182 469 257 500 catenis
272 469 341 500 ferreis
359 469 398 500 cani
413 469 488 500 rigent.

86 495 100 525 Tu
123 495 191 525 deinde
205 495 287 525 ſimplex
309 495 338 525 per
355 495 400 525 tuos
417 495 470 525 curas
485 495 538 525 canes

77 522 131 551 Adul
140 522 200 551 terari
218 522 308 551 litteras,
320 522 359 551 quis
374 522 407 551 non
428 522 479 551 vider

87 548 114 578 Con
132 548 171 578 ſicta
195 548 285 578 monſtra:
294 548 371 578 ſcilicet
389 548 449 578 laruæ
467 548 527 578 meræ,

0 572 165 605 rEmacera
182 572 202 605 tæ
219 572 230 605 ca
244 572 303 605 rceris
320 572 385 605 longo
405 572 447 605 ſitu,

86 602 128 632 Tuas
142 602 151 632 in
176 602 230 632 vrbes
241 602 343 632 apparant
360 602 394 632 tela
410 602 422 632 &
436 602 495 632 faces:

85 628 114 659 Vbi
126 628 186 659 arma,
199 628 224 659 vbi
240 628 285 659 ſunt
304 628 383 659 militum
405 628 453 659 denſi
468 628 532 659 globi:

76 649 98 687 At
111 649 149 687 nos
167 649 209 687 Eoæ
224 649 303 687 ſuſtinet
319 649 417 687 princeps
429 649 502 687 plagæ:

81 682 186 714 Ecquando
207 682 255 714 Eoos
267 682 374 714 nonimus?
386 682 419 714 dein
440 682 482 714 ſpes
494 682 536 714 ſuas

78 708 117 739 Erga
129 708 225 739 ſtulorum
253 708 315 739 credit
329 708 357 739 hic
380 708 465 739 manibus
479 708 535 739 puer-

75 734 151 767 Necare
166 734 242 767 quippe
256 734 352 767 poſtulas,
363 734 417 767 ferro
431 734 484 767 vtere

73 761 91 794 Im
106 761 157 794 punè
175 761 232 794 Iicuit
247 761 355 794 hactenus,
370 761 421 794 ferro
439 761 499 794 vtere,

82 789 224 821 Tenebrionum
246 789 293 821 quid
309 789 356 821 opus
375 789 394 821 eſt
406 789 447 821 iſtis
460 789 548 821 ſtrophis

80 816 182 844 TAEOD.
203 816 269 844 Inſane
281 816 350 844 latras,
362 816 389 844 ſead
404 816 452 844 tuum

78 844 119 873 Box.
144 844 200 873 Perge
219 844 307 873 obſecro.

71 871 144 903 Maene
160 871 179 903 Im
191 871 283 903 perator,
295 871 361 903 perge,
371 871 406 903 nos
418 871 465 903 idem
491 871 538 903 Deus

81 895 108 936 Qui
121 895 138 936 te
151 895 271 936 tremendum
295 895 348 936 fecit,
358 895 478 936 intrepidos
495 895 552 936 facit.

202 928 427 951 TIEOD0RICVS.

73 951 111 987 He
127 951 146 987 eſt
161 951 240 987 tuorum
263 951 332 987 pompa
351 951 576 987 verborum(loquax.)

255 984 388 1010 BOETIVS.

74 993 111 1040 Non
134 993 264 1040 verbulorum
284 993 364 1040 pompa,
374 993 404 1040 ſed
417 993 481 1040 cordis
501 993 541 1040 mei.

218 1036 436 1064 THOOD0AICVS.

75 1058 151 1095 Sophus
170 1058 182 1095 es
201 1058 262 1095 Boeti,
270 1058 377 1095 nuimus,
393 1058 469 1095 Soꝑhus
488 1058 507 1095 es,
519 1058 561 1095 ſle.
