686 1219
95 33 130 73 i20
212 33 497 73 TIEDDRICVS,

92 69 109 98 Et
123 69 174 98 nunc
188 69 247 98 ſonor
255 69 270 98 is
289 69 377 98 cærulum
400 69 473 98 quaſſat
493 69 563 98 noris,

90 96 154 127 Htnun
207 96 247 127 eato
277 96 338 127 reddit
354 96 474 127 halcyonum
498 96 546 127 diCS.

102 122 150 154 Quod
164 122 277 154 iur1SiiIud
291 122 356 154 numen
375 122 387 154 in
412 122 497 154 mundum
519 122 567 154 rene

117 149 269 174 OnOnlIebit
299 149 315 174 ni
352 149 515 174 inmliercula

101 176 112 207 Tu
132 176 169 207 Iola
186 176 256 207 habena
296 176 296 207 &
321 176 355 207 Deo
380 176 380 207 &
403 176 474 207 miindo
490 176 538 207 dabis

96 199 146 238 Sv.
166 199 236 238 Elpidia
253 199 286 238 non
306 199 332 238 his
349 199 432 238 legibus
445 199 485 238 nata
505 199 518 238 es
535 199 591 238 mihi,

104 230 121 259 Vt
135 230 169 259 fata
186 230 257 259 nerent
271 230 344 259 ſtamina
361 230 381 259 ad
398 230 457 259 iuſſus
474 230 536 259 tuos,

104 259 181 289 Tuoque
195 259 240 289 nutu
261 259 352 289 cederent
370 259 426 289 rerum
450 259 511 289 vices.

102 283 174 314 Tandem
211 283 310 314 memento
328 283 344 314 te
360 283 392 314 eſſe
408 283 424 314 de
434 283 522 314 inortali
530 283 549 314 luu

104 309 166 340 Vnam,
177 309 205 340 par
217 309 217 340 i
231 309 262 340 que
279 309 335 340 ſorre
352 309 383 340 cum
408 309 535 340 mortalibus.

98 337 234 368 ILeXniuerſi
248 337 285 368 nos
299 337 356 368 iubet
370 337 421 368 naſci
435 337 446 368 &
463 337 520 368 mori.

103 356 172 396 ELID.
207 356 283 396 Egregia
308 356 349 396 dicta
378 356 463 396 genitor,
470 356 485 396 at
501 356 558 396 cette
574 356 612 396 pa-

124 396 159 416 rum

105 418 186 448 Proſunt
209 418 293 448 dolenti.

104 441 161 477 Bor.
189 441 249 477 Credis
262 441 274 477 in
297 441 331 477 cœl
344 441 347 477 o
369 441 436 477 Deum,

105 470 120 504 El
129 470 177 504 pidia
216 470 276 504 eredis
300 470 387 504 motibus
405 470 459 504 cæcis
474 470 531 504 rapi.

108 495 170 525 Omnia
221 495 255 525 nec
283 495 314 525 eſſe
342 495 404 525 cuncta
435 495 543 525 vertentem
579 495 610 525 ma-

136 533 175 551 num

108 548 114 581 O
135 548 201 581 Sancta
222 548 291 581 coniux
312 548 392 581 nagnus
407 548 428 581 eſt
446 548 446 581 c
467 548 497 581 œlo
512 548 596 581 parens,

114 578 142 611 Qui
156 578 170 611 te
187 578 274 611 tuoſque
292 578 358 611 diligit
376 578 438 611 ſanctâ
459 578 501 611 fide.

137 604 213 639 Omitte
237 604 313 639 queſtus
336 604 420 639 Elpidia,
430 604 476 639 quas
489 604 503 639 tu
526 604 563 639 tibi

134 631 198 665 Fingis
214 631 304 665 catenas,
328 631 398 665 gloriæ
414 631 451 665 hoc
461 631 534 665 noſtræ
548 631 611 665 ſeges.

113 658 173 690 ,Hoc
189 658 204 690 ſe
223 658 289 690 monili
305 658 381 690 nũbilis
397 658 460 690 virtus
479 658 535 690 colit,

103 686 113 717 ,
138 686 176 717 Dum
195 686 262 717 prehen
278 686 300 717 ſat
312 686 369 717 altos
388 686 452 717 patris
477 686 553 717 ætherei
569 686 613 717 tho-

135 725 174 740 rOS.

138 730 188 771 chara
205 730 248 771 lecti
261 730 365 771 pignora:
385 730 388 771 ô
405 730 465 771 lumen
485 730 561 771 patris:

114 762 147 806 Vos
164 762 217 806 fortè
234 762 244 806 in
271 762 317 806 vlnis
337 762 407 806 vltimũ
424 762 514 806 amplect
527 762 541 806 or
567 762 607 806 meis

114 795 174 829 Eſtote
190 795 263 829 fortes,
269 795 335 829 aderit
354 795 354 829 è
373 795 424 829 cœlo
446 795 503 829 Deus,

118 811 146 861 Qui
160 811 192 861 vos
209 811 265 861 relict
279 811 293 861 os
314 811 363 861 curet
377 811 444 861 aſfectu
465 811 538 861 patris,

114 848 126 878 Et
144 848 219 878 orbitat
228 848 240 878 is
252 848 323 878 alliget
344 848 416 878 vulnus
437 848 497 878 manu.

116 876 122 905 O
136 876 184 905 ſtate
198 876 263 905 pueri,
272 876 349 905 patrias
363 876 422 905 vobis
442 876 496 905 opes,

123 849 214 952 virtutem
235 849 313 952 habete.
352 849 387 952 tite
400 849 413 952 in
435 849 495 952 vento
513 849 599 952 erdum.

108 928 148 959 Nec
165 928 199 959 vos
216 928 289 959 ſuꝑino
304 928 386 959 tramite
394 928 479 959 auerſos
493 928 541 959 ferat

115 953 208 983 Potentis
217 953 250 983 aul
268 953 268 983 æ
283 953 361 983 fulgor,
370 953 382 983 &
406 953 463 983 mani
478 953 535 983 lares.

112 981 196 1030 Humana
220 981 283 1030 cuncta
301 981 358 1030 parua
376 981 418 1030 ſunt
433 981 445 1030 &
457 981 499 1030 lubr
511 981 544 1030 ica.

118 1008 134 1033 Ex
147 1008 175 1033 his
191 1008 267 1033 catenis
286 1008 362 1033 diſcite.

118 1035 193 1060 F.vS.
220 1035 220 1060 .
243 1035 249 1060 O
276 1035 336 1060 Pater.

119 1055 191 1084 FIIvS.
210 1055 232 1084 II.
255 1055 261 1084 O
283 1055 343 1084 Pater.
