662 1223
136 43 249 84 ACTVS
291 43 461 84 QVINVS.
520 43 553 84 3e7

54 79 108 108 T.
136 79 193 108 Diua:
210 79 241 108 non
260 79 331 108 fueram
348 79 390 108 tibi.

61 107 89 136 T.
109 107 134 136 Per
148 107 162 136 te
179 107 258 136 verendi
284 107 295 136 ca
309 107 357 136 pitis
371 107 465 136 excelſum
487 107 552 136 decus.

56 133 104 162 Ivsr.
125 133 173 162 Quod
188 133 200 162 tu
221 133 287 162 efferat
302 133 305 162 o
320 133 377 162 ſtulte
395 133 482 162 calcabas
497 133 551 162 pede.

193 161 193 214 æ
261 161 311 214 vr·
345 161 435 214 u
424 161 469 214 vius
435 161 508 214 us
559 161 559 214 -

62 212 119 242 Tuo.
141 212 172 242 Pet
185 212 238 242 ſactal
251 212 305 242 Ivsr.
320 212 358 242 quæ
374 212 475 242 prophana
494 212 554 242 feciſti

80 241 150 266 impie:

61 265 88 289 T.
109 265 136 289 Per
160 265 262 289 Chriſtianl
280 265 360 289 nomen.
387 265 438 289 Ivsr.
456 265 495 289 Hoc
516 265 546 289 non

84 294 102 314 eſt
121 294 181 314 tuum.

61 314 92 344 TH.
108 314 136 344 Per
152 314 228 344 chriſma
244 314 338 344 ſanctum:
348 314 401 344 Ivsr.
414 314 506 344 Polluiſti
525 314 553 344 de-

82 353 147 374 gener,

61 363 96 404 Tt.
114 363 145 404 Per
159 363 254 404 ſangnine
278 363 345 404 Chtlſti
359 363 418 404 togo:
436 363 488 404 Ivsr.
506 363 558 404 Chri-

86 401 118 421 ſti?
137 401 140 421 ô
166 401 166 421 m
180 401 231 421 iſerl

61 425 126 453 Chriſti
143 425 242 453 eruoremi,
262 425 313 453 quem
332 425 440 453 profudiſti
454 425 539 453 nocens.

63 449 63 483 T
102 449 111 483 E.
144 449 159 483 Et
174 449 207 483 per
219 449 291 483 beatos
315 449 420 483 Angelos:
441 449 495 483 Iv.
516 449 558 483 Ho-

74 480 109 500 ſtes
124 480 181 500 tuos.

61 503 92 541 Tu.
108 503 156 541 Miſe
168 503 206 541 rere
222 503 273 541 diua.
295 503 349 541 Ivsr.
371 503 482 541 Miſerear?
501 503 558 541 Leges

85 537 163 555 vetant.

61 550 94 597 TH.
107 550 171 597 Aliud
184 550 274 597 tribunal
287 550 357 597 poſco.
377 550 427 597 Ivsr.
457 550 510 597 Quod?
526 550 560 597 vi.

92 585 214 607 Clementiæ.

53 600 107 641 Ivsr.
128 600 176 641 Tunc
191 600 206 641 te
224 600 301 641 decebat
316 600 412 641 carnifex,
424 600 538 641 clementia,

63 636 97 661 Cùm
120 636 233 661 conſularis
250 636 329 661 fœmina
344 636 366 661 ad
380 636 451 661 ſuliuni
468 636 519 661 tuum

54 660 114 694 Affuſa
138 660 216 694 petert
228 660 243 694 &
258 660 291 694 viri
306 660 321 694 &
333 660 396 694 patris
414 660 480 694 caput.

62 688 92 720 T.
116 688 179 720 Erraui
191 688 275 720 iniquus
287 688 359 720 fateor,
371 688 383 720 &
404 688 458 720 meme
473 688 542 720 pudet.-

52 718 84 746 Heu
108 718 182 746 vermis
190 718 222 746 fnt
233 718 251 746 us
273 718 347 746 æſtuans
363 718 427 746 torret
440 718 504 746 iecur,

52 744 145 775 Meiſque
160 744 214 775 fibtis
229 744 288 775 paſcit
309 744 390 775 æternam
408 744 486 775 famem.

60 770 186 801 Qucunque
195 770 246 801 ſpect
261 770 273 801 o,
288 770 336 801 mille
351 770 453 801 carnifices
474 770 525 801 mihi,

62 793 167 827 Tormenta
188 793 245 827 mille,
260 793 311 827 mille
326 793 428 827 denſantur
446 793 524 827 cruces.

54 822 69 855 Si
84 822 135 855 ſpect
150 822 153 855 o
174 822 240 855 celum
258 822 351 855 fulgurat
369 822 429 855 totum
456 822 519 855 minis,

52 850 69 880 Si
83 850 165 880 terram,
196 850 252 880 antes
267 850 351 880 finditur
365 850 424 880 rimas
436 850 506 880 agens,

58 878 74 906 Et
93 878 114 906 me
130 878 191 906 ruinæ
207 878 287 906 turbine
303 878 393 906 exterret
406 878 481 906 ninax.

71 904 110 937 uòd
122 904 131 937 ſi
146 904 230 937 reflecto
242 904 313 937 lumina
328 904 349 937 ad
367 904 439 937 corpus
460 904 481 937 me
490 904 529 937 um,

53 930 104 961 Iacet
124 930 237 961 cruentum,
254 930 359 961 pallidum,
370 930 444 961 exoſum
469 930 520 961 mihi.

60 958 159 987 Pigmenta
178 958 238 987 ſorris
255 958 320 987 regiæ,
331 958 357 987 vah
382 958 430 987 quam
455 958 489 987 citò

58 985 146 1013 Euanuer
154 985 189 1013 unt
216 985 325 1013 omniorum
346 985 432 1013 ſomnial

58 1005 116 1040 Nune
127 1005 190 1040 anima
208 1005 267 1040 fœda,
278 1005 355 1040 inceſta,
369 1005 501 1040 deteſtabilis,

62 1036 93 1066 Ver
104 1036 141 1066 ſor,
152 1036 206 1066 rener
214 1036 251 1066 ſor,
265 1036 344 1066 voluor,
353 1036 435 1066 allidor,
446 1036 533 1066 premor,

63 1064 75 1109 M
87 1064 147 1109 iſerer
177 1064 225 1109 diua.
243 1064 294 1109 Ivx.
312 1064 348 1109 Fata
369 1064 453 1109 miſereri
471 1064 534 1109 vetan.

420 1091 466 1116 Vi
