575 954
204 8 384 36 (0 I
174 42 428 80 Pars Prima.
156 99 386 134 Scena Prima.
62 134 564 175 Aeryllus, Vulpulus, Scribacius, Do-]
88 170 331 203 rylas, Ludimnagiſter.
60 208 565 247 PQerγllus ad Ludimagiſrum. Ergo τihi non]
61 241 303 262 credis illuſri Viro?
84 258 567 297 Servos πeos interroga. ulp. Hac quidem
112 294 160 315 vice,
86 308 567 342 Sie teſtor, haud πentitus eſt Dominus Baro.
63 344 568 372 Seriba. Teſtor ego pariter. Ipſus audivl graves
87 371 469 396 De te querelas ivium, & pro munere
87 393 518 424 Meo annotai I publicis ſcriptis. Berylſ.
91 423 173 448 Cnve,
32 444 516 469 Siocœrus iterum moneo. Compeſee melius,
85 469 430 497 Quos diſciplin tradidit nuper tnæ
86 494 446 522 Topareha pueros civium, niſi velis
85 519 448 546 A Pædagogi munere amotus Iterum
85 543 514 570 Per raſtre panem quurere. Ludimng. a
70 571 248 596 eulpa eſt men,
84 594 431 620 Si ſinc petulci civiu pueri Patres
86 611 569 651 Cnr filios no corrigunt ? Scrib. Cuam
110 645 224 665 hanc Patres
84 667 476 695 Tibi relinquunt. Pædagogus factus e,
83 693 439 716 IIt litteris, & moribus rite inſtruas
84 718 496 745 Pueros tibi concreditos, & corrigus
83 729 568 774 Petulantim. Ludim. Qui corrigom, ſi
107 770 190 792 neſciam,
84 789 568 826 Quis ſit reus tot inter? Vulp. Hoc ut reſcias,
82 817 475 840 Inquirere tnumeſt. Lud. Ceoties una die
85 834 567 872 Inquio: Pueril puluerem tantum in ſehole
443 866 566 895 Abſen-
