584 960
166 23 359 54 (0 R.
451 32 485 47 III
4 48 426 85 Sed proxiis angariis, quando paeτi
4 80 535 107 ] Tributa ſolvent, debitum hoc ſolam tibi.
5 100 486 141 ISib. Sed interi quod piguns, aut qualem
84 137 151 156 vadem
4 152 486 188 ISolucionis Ludim. uotquotin ſehola mes
4 185 479 214 Sunt parvuli. hos oppignoro cunctos tibi,
5 208 489 236 Et i hoc ſatis non fuecit, & trinos meos
5 233 404 258 His addo filiolos, licet chariſſimos.
5 254 487 294 Seib. Iſta tibi ſerva pignora, ego mem mibi
5 290 485 323 Comœiam. Ludim. Quin obſecro. Vulp.
82 314 315 343 hand tandem he opus.
5 329 389 367 ] Comœdiæ ſubſtantiam ſatis ſeio.
8 364 424 392 t Modò velitis agere Perſonas, ſtatim
5 379 483 425 Docebo paucis omnia, &- Ludim. Per-
67 414 186 441 ſonam eg0
6 429 469 470 Quamcunque ſuſtinebo, Litoris quoque,
6 461 481 494 Aut publici Cruifeis. Beryll. An& a τe
82 490 134 515 petis,
6 502 480 544 ut ſim Actor he in ſceοt Vubp. uεque
81 539 164 558 Primaria
10 561 430 593 Perlona tibi leratur. Aſt opus nihil
6 580 454 618 utare veſtes. Eritis & to, & Dorylas
6 611 459 644 ] Et ſeribs, quales eſtis. Et vos parvulos
56 638 453 662 Adſtare ſatis eſt. Solus alienum induet
7 653 477 689 Habitum Menalcas. Menalc. An etiam
78 688 215 713 multùm loqui
7 711 476 738 Debebo Vulp. Bius verbul. Menale. Et
77 738 208 764 poſſen anates
7 756 476 791 Habebot Tityr. Nos quoque poma noſtrat
77 787 303 815 Ludim2 Habebitis,
7 804 475 841 Quæ vultis omnes oτnia. Ergo ad rem
76 838 154 864 citò.
8 857 396 892 He intus in cubiculo ſcenæ omuis
415 890 471 914 Apta-
