581 960
173 28 352 55 0 I
455 28 542 51 Ii.
4 55 491 96 Ludim. Amice, plures utique tibi erunt lit-
90 95 133 108 teræ
5 111 441 138 ]Allis ferend. Te morari non velim.
4 137 416 163 I Si eraſtina redieris, nt deet, dabo
4 161 491 195 I Ad Neminem reſponſa. Vulp. Num naτno
89 189 169 209 dedit
4 202 489 245 ] Epiſtolam ad te? Ludim. Nemo, qui ſeruο
4 253 526 293 See atecωr. Vup. Talem aτicum r
60 289 141 309 tulor.
5 302 487 339 Lud.n. Noſtine, ſors ipſe vidiſti hune Virum
5 337 499 369 Vulp. Iam ſæpe vidi Neminem. Quin pri-
86 364 186 383 mum heri
9 384 448 410 De nocte mecum nemo ſat din fuit.
5 411 485 445 Ludim. Tecum fuit οbi Vulp. In arce no-
84 437 322 463 ſtra. Ludim. Ergo ſolet
6 451 484 488 Etiam videri in arcibus Nemo Vulp. ſolet,
6 487 422 511 ] Sed rarius; nam potius in ſolitudine
6 510 484 537 Suevit habitare nemo. Sed, quod dixi, heri
6 529 484 568 ] Mecum fuit. Ludim. Quid verò in aco
86 564 153 587 pegotii
6 577 482 617 ] Nemo habuit? Vulp. Aecuſavit, & gravi-
84 613 124 631 ſimè
6 626 434 664 IPueros tuos, & petiit, ut pro injuriis
60 660 458 686 Quas paſſus eſt graves, ſatisfieret ſiti.
6 686 432 718 Ludim Injurias eſt paſſus à pueris meis
6 710 481 742 Nemo artb. Tamen non noſeimus nos
84 738 186 756 Neminem.
6 750 480 794 Daſt. Quem nemo noſtrũm vidit nnquam.
77 786 225 811 Vulp. Litteras
7 804 480 837 ANemine datas perlege. Hic fors audles,
6 836 443 873 Quæ ſint querelæ Neminis eontra tuos.
398 859 480 881 Ld.
234 863 295 886 H3
7 875 177 899 I
7 899 169 922 bit Menlcas.
