719 1297
180 43 654 75 S.ADRIANVSTRAGOEDIA. 45
1 56 25 74 4
152 69 654 98 Letho nocentem? MET. Dum ſalus tuta eſt adhuc
156 92 538 114 Reſume mentem, néve ſacrorum minas
155 115 601 144 Contemne præceps; profuit multis ſemel
1 131 603 166 0 Peccaſſe, non eſt culpa quæ celerem perit
157 161 660 190 Veniæ re greſſum. ADR. Petore immoto ſedet
1 178 43 199 5
159 183 574 213 Coluiſſe Chriſtum; veltra traftari inſcium
157 206 548 232 Momita fatigans: ie, non Cæſar minis.
158 230 627 259 Non aula fuco moveat. FL.. Eſt aliquid ſuper
1 249 552 282 e a55 Quo juſſa tendant. Cæſar allegans iibi,
1 270 85 295 2
158 275 556 304 Ta cura. Flavi, flectere alloquio virum,
157 299 583 329 Si renuit. inquit, carcere. & vinclis doma.
158 323 643 352 ADR. Hoc age, parata membra tormentis habes,
1 319 44 339 4
1 340 39 365 5
159 343 529 374 Mei volens amplector armillas ducis.
1 368 583 397 a0 Innecte torues, arma de cœlg expedi.
158 391 655 426 Vbi caſtra, & hoſtes? video, non longum eſt iter.
159 413 521 442 En illa ſanctis fœta ſuppliciis domus,
1 411 37 438 5
158 436 514 459 vVbi Dite victo Chriſuranorum manu
159 460 657 489 Chriſtus triumphet. FL. Robur aut nullum foret,
1 463 36 487 2
101 483 564 512 5 Meliore cauſa aut poneres! nunc vis agit
160 506 583 536 Indomita. Ceu cùm currus adductas negat
1 502 33 531 2
160 529 540 558 Audire habenas, ſeq́ue generosâ abripi
1 533 31 555 2
156 552 562 581 Sinit quadrigâ: non malus regitur malè.
231 607 593 647 SCENA ARTA.
165 660 660 700 ceſar caſâ driano ſactus obvius, ſua i
1 680 33 695 t.
171 697 658 732 eum merit eprobrat, perſe vcrat-
188 726 688 762 tem in fde ſuſceptâ trudi ́ubet in car-
193 764 269 782 cerem,
1 765 60 788 1
194 809 605 837 ALBRIVS. ADRIANVS.
165 845 620 878 Ic illa meriti gratia? hæc noſtris ſides
108 869 620 898 50Iurata ſceptris? tansfuga, & noſtri, & tui
161 892 576 920 Oblitus, hoſtem colere ut affectes Deum?
167 915 584 944 En queis ſalutem credimusl quos ad latus
167 939 560 968 Adjungit aula: quos per obſequii dolos
168 962 530 988 Capiti imminere patimur, & fiduciâ
1 984 595 1019 55 Stolidi infideles facimus!0 numqam ſati
165 1008 526 1034 Officia regum tutal quam raro ſterit
1 1019 51 1045 ,V
170 1032 511 1056 Amoris æſtus aulici! macta bonis;
170 1052 515 1078 Ipſos favores inter, addictam fidem
171 1077 558 1104 Momento in ipſo deſerunt, & quos erat
1 1099 526 1134 0 Emiſſe pretium, gratis alieno locant
171 1124 608 1149 Animos tyranno. Nam quid aggredior niſer
171 1145 654 1191 Eluſus, euſpes? ecce per nemotum ariâs t
1 1186 51 1213 i 5
