723 1303
115 49 568 76 233VDOVICI CELLOTII
160 73 621 100 Creſcit malignos: quamdiu minimùm probat,
107 96 569 123 5 Perennat audax: fi probar, cadere incipit,
158 120 524 145 Munuſq́ue functa nuncii, rebus fidem
154 141 511 168 Fieri ſuadet. Illa naſcentem, & ſuo
154 165 601 192 Adhuc rubentem â patre, Chriſtindùm ſidet
155 189 519 214 Inimica ſparſit: credulus vulgi timor
93 213 483 241 to Audita fictis auxit, & crevit tenax
154 236 523 261 Menſura falſ. Nemo jam quæri jubet
155 259 541 285 Quod fama ſeclis aluit; innatum ferunt
154 283 554 308 Pietatis odium, quodq́ue judicio nequit,
154 307 556 331 Famâ æltimindum Iiberis tradit patet.
98 329 579 377 vee,
155 376 535 400 Miſcere tenebris veneris inceſtæ toros.
155 399 557 424 Et hoc putare ſatis hibent: quod ſi foret
155 422 567 446 Nulla expiaret Bamma, non ſorbens maris
115 446 559 470 40 Elueret unda. Quotquot externos habet,
155 468 577 493 Tot patitur hoſtes ſecta: numeroſo agmine
154 492 591 517 Circùm obſidemur, cœtibus ſe fraus quoque
154 516 534 539 Inſinuat imis, peŕue nocturnas meat
153 538 562 563 Inviſa tenebras: ſcelera quis tanta eruit?
115 561 485 586 35 vidiſſe quis narravit? Evicti metu
133 584 573 609 Liquere partes plurimi, & pactum ſacris
133 608 598 632 Solvâre fœdus, veſtrum ad arbirrium impii:
153 630 523 655 Feciſſe quis fatetur? abſolvunt tamen
155 654 553 680 Edicta dudum veſtra, nec damnant nefas
95 674 616 702 P ed Chriſtianum nomen: ita non quod ſums,
155 700 593 724 Sed quod vocamur, crimen eſt. Leges reum
153 723 560 749 Plectunt fatentem; quale delicti eſt genus
155 746 556 771 Qund ut negetur, torqueor? fo inuocens
132 769 591 796 Ego ille mnaturæ hoſtis, & Regum, & Deſm,
115 793 610 819 5 Poſt cruda puerim pabula, & raptum integraæ
156 815 560 842 Florem ſororis, proditam imperio fidem,
152 838 528 865 Si Chriſtianum nomen invitè abdico.
157 861 529 887 Quid ergo? puras ſceleris injuſtæ neci
156 884 554 907 Tot ſubdiderunt ſecla? Si crimen vocas,
115 907 577 932 40 Fatemur unumn: thure non colimus Iovem,
157 930 552 958 Non ſupplicamus Herculi: Cœlum Deo,
155 953 483 981 Ritus peroſi publicos uni damus.
155 976 576 1003 Nam cur orem terra qnos homines tulit,
155 999 549 1026 Cœlo ſacravit error? & nondum loquor
102 1021 522 1053 45 Portenta vatum vera quæ prodi nefas,
156 1045 561 1070 Vos falſa fingi ſinitis. Humc cornu minax,
156 1069 549 1096 Huic perpes alâ maximus Divum placet.
156 1091 486 1116 Abnoctat iſti potiû; eaſti rapit
156 1113 602 1140 Thialami pudorem adulter: eſt & nem juvat
117 1136 529 1160 5 Procos tot inter facere rivalem Deum,
144 1158 511 1188 Vxoris ille jurgia, & poenam canit:
605 1182 716 1215 Auro
