679 1220
181 56 305 88 ACTVS
346 56 499 88 PRIMVS.

87 82 108 116 ex
122 82 157 116 ille
178 82 248 116 Regum
269 82 300 116 tam
321 82 359 116 citò
377 82 433 116 euaſit
447 82 492 116 fara,

96 111 384 172 XXXXXX:.X:
456 111 456 172 :
529 111 556 172 X.

73 274 581 318 NABVCHODONOSOR.

170 323 221 365 cum
251 323 346 365 tribus
363 323 475 365 pueris,

83 393 202 441 Luxuriat
222 393 234 441 in
266 393 302 441 ſua
326 393 457 441 felicitate,
501 393 505 441 &
525 393 577 441 benà

145 438 289 477 monentibus
322 438 337 477 de
358 438 442 477 timore
469 438 517 477 Nu-

223 476 286 513 minis
309 476 389 513 pueris
412 476 435 513 il-

299 516 364 544 ludit.

152 578 224 611 Alcare
239 578 308 611 cœlum
329 578 395 611 reſtat,
401 578 413 611 in
437 578 494 611 terris
506 578 557 611 nihil

153 601 186 648 Iam
208 601 380 648 fulminandum:
406 601 450 648 Freg
461 601 508 648 imus
527 601 582 648 quid-

180 637 223 665 quid
242 637 302 665 minax

73 649 132 692 Inta
150 649 205 692 torſit
219 649 296 692 ſceptra
313 649 425 692 ſacrilegam
453 649 533 692 manum.

69 689 151 718 Noſtris
165 689 187 718 ſub
210 689 270 718 armis
284 689 332 718 terra
352 689 380 718 iam
400 689 437 718 latè
454 689 530 718 tremit,

70 718 154 754 Sectat
169 718 286 754 rriumhos
301 718 351 754 orbis
363 718 471 754 attonitus
492 718 549 754 meos,

77 740 90 773 Et
109 740 140 773 cum
162 740 254 773 ſuperbis
273 740 351 773 militum
373 740 449 773 cinctus
471 740 537 773 globis

70 770 149 799 Niueos
163 770 239 799 iugales
256 770 347 799 flammeo
364 770 415 799 curru
435 770 514 799 premo,

74 790 103 825 Sub
122 790 166 825 luce
179 790 226 825 ferrl
239 790 330 825 trepidus
343 790 432 825 inſerpit
451 790 495 825 dies,

74 821 140 853 Stellæ
159 821 302 853 expaueſcunt,
311 821 359 853 ſtant
371 821 381 853 N
397 821 428 853 oti,
438 821 482 853 fſuct
492 821 511 853 us
523 821 577 853 ſilẽt,

78 849 135 881 Perge
147 849 219 881 anime,
231 849 296 881 Perge,
305 849 314 881 ſi
329 849 371 881 quis
389 849 407 881 eſt
425 849 473 881 cœlo
497 849 551 881 Deus,

73 877 148 905 Sentiat
160 877 172 905 in
190 877 246 905 aſtris
264 877 294 905 eſſe
309 877 387 905 riualem
405 877 444 905 ſibi.

103 903 545 960 XXXXXXXXX:X

80 954 94 986 Et
114 954 133 986 me
148 954 249 986 pauebunt
266 954 269 986 c
292 954 357 986 œlites,
365 954 374 986 ſi
385 954 416 986 non
433 954 510 986 amant.

80 984 145 1016 Exinde
159 984 215 1016 fuluo
235 984 283 1016 cinct
291 984 311 1016 us
325 984 328 1016 a
342 984 421 1016 ſtrorum
444 984 514 1016 choro;

81 1011 135 1040 Leges
146 1011 146 1040 t
160 1011 216 1040 remen
236 1011 270 1040 das,
282 1011 293 1040 &
310 1011 366 1040 polo.
378 1011 389 1040 &
406 1011 465 1040 terris
479 1011 533 1040 feram

74 1038 98 1068 Ad
110 1038 170 1068 noſtra
194 1038 266 1068 celeres
280 1038 322 1068 iuſa
337 1038 448 1068 proſilient
463 1038 523 1068 Noti,

84 1064 139 1111 Eutus
161 1064 241 1111 labello
256 1064 318 1111 leniet
337 1064 392 1111 ſolem
410 1064 520 1111 imcobum
