704 1231
202 66 320 104 ACTVS
362 66 504 104 DRIMS.
588 66 603 104 P3

95 91 109 121 Vi
120 91 129 121 ta
149 91 256 121 fruuntur,
265 91 347 121 ſtipites
361 91 417 121 veſtri
434 91 508 121 carent.

142 119 529 148 NABVCHODONOSOR.

83 145 118 185 Sed
137 145 191 185 quale
207 145 280 185 tandem
308 145 381 185 Numen
403 145 426 185 eſt
441 145 498 185 veſter
524 145 581 185 Dus?

252 174 430 206 ANANIAS.

86 184 119 234 Qui
136 184 196 234 flectit
216 184 289 234 orbem,
303 184 333 234 qui
349 184 416 234 ronat,
429 184 459 234 qui
476 184 582 234 fulminat,

84 222 157 285 Rgum
174 222 184 285 in
204 222 290 285 coronis
307 222 387 285 quanta,
414 222 447 285 uos
464 222 524 285 ludos
540 222 593 285 faciti

90 225 121 262 Qi
135 225 194 262 tollit
203 225 279 262 animas
302 225 353 262 Princ
361 225 426 262 ipum,
437 225 491 262 cuius
511 225 573 262 manus

153 280 556 316 NABVCHODONOSOR.

78 306 121 350 Hoc
138 306 168 350 eſſe
188 306 257 350 Numen
281 306 347 350 credo,
360 306 414 350 quod
427 306 493 350 nemo,
506 306 566 350 vider.

238 335 410 366 ANANIAS.

83 353 98 392 Et
113 353 143 392 eſſe
161 353 221 392 credis
233 353 295 392 aẽrem
316 353 364 392 quem
385 353 424 392 nos
442 353 502 392 vides.

84 377 97 421 Et
113 377 144 421 eſſe
160 377 232 421 odores
248 377 355 421 prædicas,
368 377 418 421 quos
431 377 463 421 non
485 377 551 421 vides,

107 415 155 445 Deum
180 415 246 445 videre
262 415 294 445 qui
306 415 373 445 putat,
382 415 446 445 neſcit
468 415 534 445 Deum.

101 442 146 476 Deus
161 442 194 476 ille
218 442 266 476 Deus
281 442 290 476 in
311 442 353 476 arce
368 442 494 476 tenebrarum
515 442 578 476 ſedet,

101 468 113 505 Et
129 468 170 505 Iuce
186 468 236 505 ſolis
252 468 337 505 clarior,
347 468 388 505 Soli
407 468 454 505 dedit

100 495 172 525 Lucere
193 495 274 525 mundo,
283 495 370 525 luminis
385 495 415 525 lux
433 495 451 525 eſt
475 495 532 525 Deus.

72 511 111 552 Sol,
123 511 189 552 vmbra
210 511 261 552 tanti
276 511 363 552 Numini
390 511 447 552 ponit
462 511 522 552 faces,

92 545 95 583 e
107 545 142 583 gem
161 545 167 583 q
180 545 199 583 ue
212 545 294 583 adorat,
307 545 319 583 &
332 545 420 583 parrem.
443 545 496 583 Hunc
512 545 537 583 cœ
547 545 579 583 lum

94 578 174 604 trnit,

80 590 157 631 Curſus,
167 590 270 631 recurſus,
290 590 350 631 fingit
363 590 383 631 ad
399 590 463 631 nutus
486 590 523 631 Dei:

70 626 120 662 Huic
133 626 183 662 terra
207 626 253 662 Regi
277 626 350 662 loreum
377 626 443 662 ſubdit
460 626 526 662 caput,

70 654 127 688 Hunc
142 654 184 688 vaſta
203 654 279 688 placidi
298 654 351 688 regna
377 654 472 688 Neptuni
484 654 570 688 pauent,

68 680 125 713 Hunc
143 680 278 713 extimeſcunt
293 680 356 713 igneo
377 680 425 713 merſi
440 680 494 713 freto

69 709 141 741 Manes
159 709 264 741 profundi,
276 709 309 741 cùm
330 709 375 741 ferit
402 709 477 741 montes
492 709 567 741 potens

74 734 172 771 Piceaque
191 734 257 771 vaſtum
279 734 330 771 nube
346 734 434 771 ſubrexit
450 734 529 771 polum.

67 763 89 798 At
105 763 143 798 cum
162 763 193 798 per
206 763 260 798 altas
282 763 370 798 graditur
386 763 471 798 inſignis
487 763 566 798 domos.

73 788 87 826 Et
103 788 150 826 pura
167 788 236 826 luſtrat
250 788 320 826 templa
336 788 423 826 ſydereæ
439 788 513 826 plagæ,

75 817 261 854 Lephyrivolucres
273 817 381 854 ſlammeos
396 817 468 854 currus
483 817 576 854 trahunt.

72 839 114 880 Euri
135 839 210 880 micanti
225 839 282 880 fræna
309 839 438 880 moderantur
459 839 519 880 manu-

86 873 137 904 Hinc
149 873 188 904 alta
205 873 267 904 nubes
284 873 343 904 gloria
360 873 445 904 auratas
468 873 538 904 vomit,

74 885 193 932 Faſtigiatum
219 885 297 932 verticis
313 885 389 932 tollens
408 885 471 932 decus.

67 923 115 957 Hinc
131 923 181 957 veſte
194 923 238 957 purâ
260 923 361 957 gemmeus
374 923 424 957 ridet
450 923 516 957 decor,

72 950 179 989 Penniſque
192 950 277 989 adulans
293 950 363 989 lambit
385 950 470 989 æternum
492 950 562 989 caput.

68 978 125 1012 IIlinc
141 978 201 1012 ocelli
217 978 302 1012 ſyderum
327 978 425 1012 irradiant
444 978 517 1012 comas,

73 1002 89 1040 Et
102 1002 206 1040 igneorum
234 1002 313 1040 militum
332 1002 395 1040 cingit
411 1002 493 1040 cohors,

80 1028 198 1069 uuacumque
240 1028 300 1069 reſſus
324 1028 370 1069 dirig
380 1028 411 1069 it,
432 1028 492 1069 magni
523 1028 576 1069 æther

95 1062 120 1080 ris

74 1085 165 1126 Tremunt
179 1085 287 1126 catumnæ,
301 1085 364 1126 cuncta
388 1085 458 1126 mugitu
475 1085 577 1126 ſremunt-
