680 1227
140 48 460 80 ACTVSTERTIV9.

60 58 133 106 Ponens
148 58 209 106 ſenile
224 58 288 106 Moyſi
303 58 436 106 præputium.

58 99 115 133 Delira
136 99 208 133 tandem
232 99 313 133 telligio
331 99 376 133 quid
397 99 430 133 non
451 99 505 133 iubet

52 128 85 160 Heu
103 128 130 160 bel
139 128 208 160 luinus
226 128 247 160 eſt
262 128 307 160 ſatis
322 128 412 160 ſtupidus
427 128 490 160 ſenex,

56 155 83 186 Qui
98 155 209 186 belluarum
236 155 289 186 monſt
301 155 313 186 ra
331 155 442 186 viſceribus
460 155 523 186 fouer.

50 183 83 214 Sed
98 183 272 214 comprimentur,
284 183 329 214 eſto,
338 183 389 214 nunc
407 183 452 214 Regi
470 183 557 214 placent,

59 210 97 241 Quis
113 210 176 241 neſcit
189 210 239 241 artes
252 210 340 241 aulicas?
356 210 403 241 fingi
419 210 482 241 poteſt

120 236 472 294 ::::

55 287 137 320 Fingere
153 287 216 320 volẽti
232 287 308 320 facinus
324 287 346 320 eſt
365 287 479 320 promptum
501 287 558 320 ſatis,

49 314 64 347 Et
88 314 217 347 mordeantur
232 314 274 347 oſſa,
283 314 292 347 ſi
310 314 352 347 deſit
370 314 421 347 caro:

49 341 124 375 Habere
139 341 214 375 nolunt
226 341 261 375 pro
285 341 321 375 Diis
336 341 408 375 ſtatuas
426 341 486 375 ducis,

45 368 90 397 Hæc
110 368 158 397 ratio
172 368 206 397 ſola
223 368 288 397 vertet
308 368 373 397 exitiis
390 368 444 397 reos.

44 397 146 428 Adeamus
160 397 217 428 ergo:
225 397 298 428 prome
313 397 414 428 verborum
434 397 493 428 faces,

52 421 90 461 Eci
106 421 191 461 flabella,
200 421 311 461 principem
329 421 408 461 incendi
421 421 484 461 iuuat.

109 531 561 580 ABVCHODONOSOR,

75 518 75 552 1

67 580 251 632 MALAZAR,
269 580 542 632 ARTIBARSANES.

76 648 204 700 Accuſant
224 648 324 700 Hebræos
340 648 408 700 apud
432 648 528 700 Regem.

115 716 216 754 Remende
235 716 305 754 Regum
327 716 432 754 domitor,
457 716 470 754 &
492 716 555 754 magno

135 744 225 772 arbirer,

116 757 129 798 Si
145 757 186 798 quis
201 757 252 798 tueri
264 757 312 798 facta
331 757 416 798 dignaris
431 757 504 798 virum.

70 785 142 826 iſerere
158 785 234 826 quæſo,
243 785 253 826 &
272 785 348 826 reſpice
360 785 373 826 in
392 785 458 826 luctus
477 785 537 826 meos.

47 823 140 853 Reconde
183 823 248 853 ladios
265 823 308 853 igne
322 823 446 853 flammantes
461 823 523 853 truci,

51 849 66 879 Et
80 849 136 879 redde
150 849 201 879 lucis
213 849 289 879 aureum
309 849 391 879 innubis
408 849 473 879 decus.

45 876 120 907 AnIE.
144 876 162 907 Vt
180 876 225 907 quid
240 876 318 907 ſerenas
333 876 411 907 luridus
432 876 495 907 pallor
525 876 552 907 ge-

65 906 97 931 nas

48 924 131 957 Inficit,
143 924 156 957 &
165 924 210 957 alto
226 924 267 957 pect
276 924 302 957 ori
317 924 422 957 impreſſus
441 924 501 957 timor

43 956 128 984 Mentem
150 956 246 984 labanrem
272 956 339 984 concut
339 956 363 984 it
384 956 454 984 tandem
475 956 529 984 feros

50 982 129 1011 Epelle
149 982 220 1011 motus,
231 982 288 1011 redde
305 982 319 1011 re
336 982 407 1011 tandem
430 982 472 1011 tibi.

61 1009 100 1038 AB.
112 1009 145 1038 Heu
169 1009 190 1038 me
211 1009 292 1038 Deorum
313 1009 412 1038 territant
424 1009 457 1038 iræ
475 1009 553 1038 graues.

46 1036 154 1067 MALAA.
154 1036 154 1067 .
207 1036 270 1067 iſquis
287 1036 381 1067 cruentos
399 1036 465 1067 fnit,
483 1036 497 1067 &
542 1036 542 1067 e

73 1060 110 1111 tuit
139 1060 153 1111 Pe
