836 1376
147 104 586 142 ACTVS IV. SCENA. V. 15
1 122 563 239 re euue eenea nnâss
45 149 466 181 Veros, an aures hauriunt falſos ſonos?
45 171 585 204 CHoR. Tu fi quid audes, Ablavi, qneſtu diem
81 195 529 226 Eximere difer: ſatius aſfſictis opem eſt
79 218 459 246 Adfere rebus, uſus ut præſens monet.
2 240 501 275 555 Aude: quid autem tempus hortetur vides.
79 264 547 309 Aliquid movebis. cùm quid in ſummo eſt loco,
46 287 459 315 Si nil potes ſperare, deſperes nihil.
77 310 463 340 Oficia certèe, ſera ſint quamvis, jurant.
77 333 467 362 Conare ſaltem. Criſpus ad Græcoſtaſim
1 339 434 384 500 Abire juſſus patris imperium manet.
76 377 545 413 ABl. Anceps timore, vota quo vergant, ferer;
1 377 451 454 etreeetei
76 447 541 477 Quid agis? reſiſtis, anime? nimirum hoc neſas
33 469 433 496 565 Credi recuſat. abrogat ſceleri fidem
79 492 505 522 Vis magna ſceleris. notus, & Criſpi pudor.
78 514 476 545 Non omne pectus omnis eſt culpæ ferax.
79 535 444 564 In tanta rarò probra degenerant bona
79 555 587 592 Ingenia. frauum ſummia per frandum gradus
1 487 498 611 m vcâu pcnu amno ſeânrne nness
79 603 487 639 Ipſa quoque numeris noxa ſuccreſcit ſuis.
78 628 493 658 Malis ſupremum quidquid eſt, imum fuit.
76 651 444 678 Non iſa juvenis vita, non virtus erat.
75 674 482 703 bſolvo Criſpum. verte nunc alio dolor:
1 686 502 731 s Scrutare Fauſtam: Cæſarum ſpecta gregem,
76 719 484 753 Multâ & novercæ prole ſuffultam domum.
76 741 515 773 Regno imminentis livor. amor, odium honos
77 766 429 797 Stravere multos: ſæpis livor nocet.
77 787 464 818 Aliquid odoror: alicuis hic errat dolus.
31 801 513 845 Nihil enplicatur: pter hoc unum, probum
78 835 452 865 Animum novercæ. & feminæ rarb dari,
75 856 470 887 Faciliâ adimi, veteor hic Phædræ fces.
76 880 598 914 Quendam recordor ſeminæ adjunctum Phrygem
76 902 487 934 Emaſculatum,. callidum. aſtutum,. vaſrum.
34 917 528 959 5o! Sat eſt: cubile hoc fraudis. hanc arcem petmn
75 948 541 983 Nunc, anime, temet advoca: ingenio eſt opun.
167 998 458 1033 C H O R V S.
188 1043 441 1076 Pri vatæ vit laudes.
70 1086 282 1111 Ene Romnleæ rei
78 1107 339 1138 Sidus & cuſtos nucum,
70 1128 324 1163 Temtor, & votum breve,
29 1150 300 1185 550 Vaſa terratum gravi
70 1173 317 1207 Regma quaſſantem manu;
70 1196 300 1232 Tene Damdaniæ togæ
475 1216 637 1264 1n.
214 1258 264 1276 .
630 1290 670 1313 2
