1035 1328
178 71 686 113 ACrVS V. SCENA I. 5.,
7 105 524 143 20 Adis utrumque neuter, O Rex! O pateri
117 128 521 154 CO. Vitalis eſſe Ductor infelix nequit.
117 151 504 179 Rs acta: jureni præſidii quidquid fuit,
118 174 476 201 Periit: amore nixa ſuccumbit ſalus.
119 198 433 225 Namra ſeſe prodit. infelix reus,
1 211 502 253 25 Qem non furentis ira, ſed lenis patris
116 243 534 273 Opprimit & odiis ſper indulgens amor.
114 264 557 296 Talia quis umquam monſtma periturus tuliti
114 291 449 316 Amore victus filium perdit pater.
115 313 436 337 Sævitia ceſſit: ſævitiæ clememia
9 336 465 363 250 Succeſſit. arma ſævus abjeeit ſuror,
115 358 497 388 Pietas reſumpfit mitis o rerum vices!
114 382 449 408 Molleſcit ira. lenitas ſævit: dolor
116 405 514 432 Miſero pepercit, obfuit clemens amot;
119 426 531 454 Et, quod magis mirere. fugiendo obfuit.
77 440 673 476 255Iam mocere, Criſpe; morere, te quid jam juvet?!
126 471 497 495 Natura mores vertie, & Fauſtæ ſavet.
123 492 534 522 Prodeſſe quod ſolebat, hoc Criſpo nocet.
125 517 532 544 Semel quod ire copit,. in pronum ruit.
126 532 671 565 PRÆ. Eloquere, ſi quid Criſpe, pro cuſsâ cupis.
85 557 680 592 0 CRI, Cannam quis umquam primus oſtendit rens?,
126 586 485 615 Sic judicas? fic patris exerces ſorum?
125 608 542 637 Quo more, quo me dicere exemplo jubes?
124 632 511 663 PRÆ. Ergo rogatus altero dicas loco.
123 650 678 684 HRuc, juvenis, enſem, juvenis, huc chlamydem cedo,!
86 677 677 708 25 Hæc ſpolia cernis? cujus hoc ferrum, hæc chlamys?
127 702 510 729 Indicia ſceleris ecquid hæc cernis tui?
127 709 676 763 CI. Cerno. quid igitur! haenus ſcelus haud!
211 752 276 776 liquet.
861 761 892 778 1
131 763 675 840 r. câ ero mââms poprâ cn! o
132 794 501 821 Sic in parentes filii iuquirunt ſuos.
1 818 517 871 andata matris exſequi moseſt meus:
77 838 593 867 Conſilia non exploro. PR. Pietatem doces:
643 840 675 888 5
131 862 578 891 Argueris aliud. arma (reſponde hoc quoque)
131 887 555 911 Iutulit in urbem miles, armatum Ducem
132 909 547 936 Te proſecurms? CRI. Intulit; nulli tamen
1 935 520 964 5 25 Inſeſta: petri militans, Romam tegens,
132 955 556 980 Amica credens cuncta, enuentem ſequens.
133 971 665 1005 PRÆ. Obruere numero teſtium: mater, pater,
131 1000 517 1027 Frater, Senams omnis, & cives docent
133 1025 509 1050 Duce te tumultus efſe concitos novos:
90 1043 531 1076 00 Et ſgna facti congruunt, ecquid negas?
133 1068 566 1099 CR!. Nego nmultus eſſe concitos: Ducem
132 1094 486 1123 Eſſe aſec utos milies, id non nego.
132 1099 674 1141 Sine fraude. nulli noxios. PRÆ. Ergo audias.
132 1138 534 1169 Te perduellem Regis & Romæ metus,
91 1129 676 1191 s re porricidm hic gladius. hæc cblamye arguit.
133 1183 510 1217 t paricldam ſclemn convicto pats,
429 1204 475 1226 5
666 1250 734 1291 ,,
703 1289 797 1325 2,
