652 1267
160 34 502 65 CRISP5TRAG OEDI
52 33 88 57 e54
94 54 443 85 Et perduellem leſa majeſtas Ducis,
93 79 529 112 Et, quæ premuntur, reliqua depoſcunt neci,
92 101 497 136 Iudicins patris eſſe, non uoſtra, hæc ſcias.
47 124 510 157 0 CRI. Decreta dura condiunt vaerbo parris,
90 148 484 180 Sorbebo nec condita: ne. judex, time.
89 171 485 198 Non imparatum pectus ad veſtra atrnli
87 194 639 229 Iudicia. vitæ ſumma mors, ſummum haud malâ eſe,
87 218 542 252 Quam nemo ſapiens horruit. certam omnibus,
42 236 519 270 t5 Ipſi invocatam. & ſæpè meditatam, & diu.
85 263 444 290 Ex quo ſalutis conditor noſtræ Deus
85 286 376 317 Suo cruore diluit terræ neſas.
81 308 488 341 Mortem & ſubegit ſpiritu indignè dato;
82 332 503 365 Horreme mortem quempim, non elt pium.
38 353 510 387 0 Iam victa, jam manſueta, jam demum mihi
82 378 438 409 Vltimnas videtur eſſe, non aſperrims:
78 402 520 432 Hâc abitus. hâc & reditus in cælum eſt piis.
80 424 449 456 Bxire qui cunctatur, imprudens ſibi
80 448 445 478 Exſulia lento prorogat parriæ exſuli.
35 471 456 501 5 Ego eur verebor ante condictum diem
77 494 475 523 Remigrare? vitæ quidquid in terris fuit,
75 517 494 546 Anceps, pavendum. lubricum ſemper fuit.
75 539 481 568 Nunc libeær animus, omnis exempto metu
74 562 499 588 Diſcriminis. quî tendit. in patriam evolar.
30 584 546 612 330 En ille terror gentium, & Regum metus,
73 608 456 634 Victo timore morris, & vitæ fimul
71 632 440 657 Amore victo, ſceleris & cnlpæ inſcius
70 653 426 676 Ad te revertor exſul è terris, Pater:
69 675 536 709 Rex ſumme Reum. Chriſte, virtutum arbiter,
19 689 540 729 335 Nunc, nunc pudicæ mentis interpret parens
67 723 480 748 Matrona cælt virgo; nunc, quæſo, ultmmos
66 744 451 775 Criſui labores adſpice, & præſens ades:
90 768 508 797 Abeamus. i præ quiſquis ad mortem rapis
67 790 536 821 Calcanda cunctis, trita non paucis, gradu
20 812 443 837 M4 Suoeretur alacri debitæ mortis via.
89 837 418 866 Valete cives: Romna terrarum vale
65 860 469 890 Regina, noſtri capitis objectu haud ſemel
63 884 530 913 Defenſa. CHO. Forti graderis ad cædem pedes
63 907 410 936 Et ſiccus ipſe febilis lacrymas necis
18 930 500 958 45 Nobis relinquis ? Iuvenis heu quantus cadis!
61 953 534 983 Heu Ductort heul hen Conſuli heu Cæſar miſerl
60 976 445 1004 Hos ad triumphos Iuvenis infelix rediti
59 999 459 1028 Huc recidit ille miles. huc laudes Dncis?
59 1020 459 1050 Miſeret juventæ. flore quæ primo occidit
1 1033 442 1074 350 Virtutis omnis: miſeret indigni exitus:
57 1065 398 1095 Miſerat ſororis hujus ianaræ mali:
57 1087 517 1118 Miſeret gemellæ, heut miſeret, hen! aviæ ſimul
52 1109 555 1141 Hujus magiſtræ; heu miſera, quos fletus dabis:
53 1131 540 1164 Queſtiſque quort heu juvenis, heu quantus cadiss
465 1162 553 1183 euo.
