873 1324
177 76 625 103 CPVS V. SCENA II. 15V
66 101 567 128 55 CO. Vt celſus animus lætis audivit necem!
116 124 534 150 Vt pectus iogens? habitus ut vultus ſtetit!
116 147 514 172 Quid hic paveret miles in ferrum muens,
116 171 450 195 Qui fic ſuæ ſecurus occurrit neci?
95 193 517 219 CHO. Quid non ſuperet pectoris ardor
66 216 442 244 Co Quondam Chalybum durior æxe,
116 239 413 263 Quondam facili lentior undâ?
46 262 387 287 iden? ut noto cognita cælo
107 286 390 311 Tacitæ laudis conſcia virtus
110 309 381 335 Ardua vnltu ſtetit immoto,
1 331 407 368 365 Mortis nullos confeſſa metus,
108 355 395 380 Nullas pavidi teſtata notas?
63 375 498 403 CHO. Hic ui Scythicas tolerare nivas
110 400 403 421 Didicit, mitis patris imperio
112 421 443 446 Potuit ſummam claudere lucem,
64 442 427 469 0 Leti impavidus Ducic arbitrio.
116 465 392 489 Non hoſtiles hortuit enſes,
116 488 388 513 Non expavit Cæſaris iras.
116 510 543 535 CHO. Qui ſic moritur, quicumque ille eſt,
117 534 402 558 Iudice me, ni fuit innocuus,
1 557 366 584 55 Certe potuit jure videri.
116 579 427 605 Si cauſſa necis miſeranda fuit;
114 602 410 625 Non eſt miſeri ſtabilis vultus,
43 627 393 660 Nullo fugiens tertore color.
170 672 558 699 SCENA SECVNDA
113 713 666 750 Ablavius Faſtæ fraudem eruere ex Eu- !
157 741 666 792 nucho tentat. Chorus eâ occaſione
237 782 493 815 de inſano amore git.
150 826 570 848 ALAVIS. ENvCHvs. CcHOV.
115 849 665 892 AL. Imulata remore veroa. qnem ſruſtra pars
1 878 551 906 5e Decipere? vici ſæpè ſervorum dolos,
116 904 511 930 Etiam ſpadonum. Vana perplexis modis
112 928 490 952 Confilia, falſæ mentis amhages ſtruis.
112 951 521 972 Fama eſt, & omnes voce conſtanti ferunt,
112 972 466 999 Sævos furores Regis & Fauſtæ faces
68 992 427 1019 Divntilatas artibus tantam tuis
111 1017 527 1043 Vomuiſſe fammam: teque Reginæ æſtibus
110 1042 533 1067 Subſervientem, Regiam, Romam. Ducem
111 1064 468 1090 emfſſe luctu. crimen infandum reo
112 1085 538 1113 Sturiſſe Criſpo: mnor hax paſſm vagus,
67 1108 658 1171 uæc populus, hac Senatus, hæc miles canit:
112 1131 462 1159 In te odia civis acuit, in te milites.
112 1154 550 1181 Iam jam faces videbis, & ferrum, & rotas-
112 1172 571 1207 loqnere: Criſpi hoc crimen, an Fauſæ, fuit?
556 1177 659 1223 1x.
613 1250 697 1286 ,
675 1285 746 1321 22!,
