1054 1325
166 66 603 101 ACTVS V. SCENA IV. 163
107 96 437 122 Vulnera certo mucrone premens:
103 117 486 142 Aciem in mediam miſſurus equum
106 139 463 165 Rabidum efflantem naribus ignem;
64 163 381 191 5 Cyllaron olim velut urgebat
108 186 407 210 Helenæ frater colla comantem.
107 207 441 236 Decus heu raptum Ducis indignè!
104 232 439 258 Ducis heu nagni funus acerbum!
105 253 544 279 IMP. Hic hic repone. miles, excelſo in torb
13 277 497 306 51 Eſangue corpus: aureas veſtes premat.
103 287 574 326 Hic eſt triumphi currus, heu rerum vicesI
104 322 483 351 Sic ad parentem victor ex bello redit?
104 345 485 369 In hæc Senatus verba decretum tulit?
104 368 516 393 Vitor triumphet: occidat. non eſt mens.
66 389 522 422 q5 Lauro revinctus Tarpium ſcandat jugum:
108 412 475 438 Vinctus cupreſſo funebri jaceat toro.
110 434 535 460 Plauſus ſequatur civium infignem Ducem:
112 456 489 485 Plangore reſonent tecta funeſti patris.
1 481 492 534 350 Quid iam ſupemfit; mole collapsâ fuir
114 478 481 508 Adſpicite cives, cernite ex illo Duee
90 524 519 554 Exani me corpus: diſperit ſrontis decus:
115 547 544 575 Et dubias cervix languet. & languent genæ:
115 570 501 601 Et illa Regnis docta moderandis manus
114 591 554 624 Hen gelida languet. Mundus his nirus modâ
69 616 519 648 535 Humeris ſedebat? enſis hâc fulgens manu
117 640 488 668 Rotatus ipſo ex prœlio pacem tulit?
115 662 566 688 Hâc tot Duces, tot Regna. tot Reges jaeœnt?
118 685 544 712 Hic ille terror gentium? hic Criſpus meus?
1 705 613 738 CHO. Heu! heu! heul heu? heut heu! heul heu!
72 734 449 761 540 Ducis indigni decus heu raptum!
122 755 427 782 Ducis immeriti funus acerbum!
122 775 567 806 I0P. Non tu ſuperba ſceptra Romanâ potem
122 801 497 828 Geſtabis aulâ, nate; quod vetuit pater.
122 822 532 851 Non jura populis, jura non Romæ dabis
72 845 533 873 45 Non regna Pori victa., non Mauri. trahes;
121 869 522 898 Sparſoſq́ue campis horridos vaſtis Getas:
120 892 547 921 Non tu Sicambros ſub tuum mittes jupum,
119 910 598 943 Homipumjne Morinos ultimos: non tu Scythas,
122 935 563 970 Non tu rigentes Sarmatas, non tu Dahas
46 962 501 989 550 Audax ſequeris, nobiles turmas agens.
143 970 597 1011 O ulee pignus! columen â lapſæ domus5
117 1003 544 1032 OHuctus Helenæ matris !â mœrur patris!
117 1026 491 1056 O vulnus orbæ.filiæ !â Romæ dolor!
99 1045 620 1079 Mſoaſtumq́ue ſunus gentium ! criman memm l
279 1104 481 1132 5I NIS.
553 1159 605 1175 N
521 1164 681 1190 B E R
360 1175 422 1196 2
658 1201 777 1243 21.,
178 1232 313 1247 ,
819 1272 885 1309 .
