<PcGts xmlns="http://schema.primaresearch.org/PAGE/gts/pagecontent/2019-07-15" xmlns:xsi="http://www.w3.org/2001/XMLSchema-instance" xsi:schemaLocation="http://schema.primaresearch.org/PAGE/gts/pagecontent/2019-07-15 http://schema.primaresearch.org/PAGE/gts/pagecontent/2019-07-15/pagecontent.xsd"><Metadata><Creator>User123</Creator><Created>2022-01-24T09:06:09</Created><LastChange>2022-01-24T09:06:09</LastChange></Metadata><Page imageFilename="0218.png" imageHeight="1288" imageWidth="700"><TextRegion id="r0" type="paragraph" orientation="0.625"><Coords points="1,1 698,1 698,1286 1,1286"/><TextLine id="r0_l001"><Coords points="519,75 520,74 591,73 592,73 592,65 593,64 593,62 592,61 589,61 589,60 588,59 572,60 572,59 572,57 568,53 568,51 567,51 526,51 525,50 474,51 473,50 472,50 471,51 348,52 347,51 344,51 343,52 280,53 279,54 129,55 128,56 127,56 126,58 126,59 125,59 107,60 105,62 105,75 105,76 123,75 124,74 132,74 133,73 232,72 233,71 395,69 396,70 396,75 397,75 397,70 397,69 518,68 519,69 519,75"/><TextEquiv index="1"><Unicode>22 LVDOVICI CLLOTI</Unicode></TextEquiv></TextLine><TextLine id="r0_l002"><Coords points="560,99 565,99 565,98 565,81 564,81 533,81 533,80 533,79 532,79 521,79 521,76 520,75 455,76 454,75 357,76 356,75 292,76 292,78 291,79 153,80 152,81 151,81 150,82 149,82 149,83 149,84 148,85 148,86 146,88 146,94 150,97 151,97 152,98 153,98 154,99 208,99 209,99 245,99 246,100 329,99 330,98 424,97 424,93 424,92 538,91 539,92 558,92 559,92 559,98 560,99"/><TextEquiv index="1"><Unicode>Curæq́ue grandes pectus implebunt viro:</Unicode></TextEquiv></TextLine><TextLine id="r0_l003"><Coords points="595,120 596,121 597,120 597,119 572,120 571,119 572,119 576,118 576,110 576,109 575,110 574,109 572,109 571,108 571,107 565,107 564,106 564,99 458,100 457,99 457,98 416,98 415,97 266,99 265,100 238,100 236,102 156,103 155,104 153,104 152,105 151,105 150,106 150,107 148,109 148,112 147,113 148,114 148,117 153,121 161,121 162,122 221,121 221,122 221,125 222,125 222,124 223,123 248,123 513,120 514,121 595,120"/><TextEquiv index="1"><Unicode>Cm tard ſenio membra frigebunt gravi,</Unicode></TextEquiv></TextLine><TextLine id="r0_l004"><Coords points="199,148 200,148 202,146 202,143 213,142 214,141 236,141 237,140 265,140 266,139 300,139 301,139 308,139 309,140 309,142 311,142 312,142 312,141 312,140 330,140 331,139 338,139 339,138 396,137 396,138 397,139 407,139 408,138 426,138 427,137 497,136 498,137 527,137 528,136 528,129 529,128 528,126 526,126 525,125 524,126 489,126 488,125 475,126 474,125 473,125 472,126 431,126 430,126 430,122 429,120 428,120 427,121 425,121 424,122 398,122 395,125 379,126 378,127 354,127 353,126 353,122 351,122 350,123 336,123 335,124 335,128 303,128 302,128 302,127 302,126 280,127 279,126 279,122 278,121 277,122 263,122 262,122 262,127 262,128 250,128 249,129 248,129 247,130 225,130 224,130 224,126 223,124 222,125 221,125 220,126 220,129 200,130 199,131 166,131 165,130 165,128 164,128 163,127 152,127 149,130 150,144 197,144 198,144 198,146 199,148"/><TextEquiv index="1"><Unicode>Hæc prima libet, ultima &amp; ſervet tuor</Unicode></TextEquiv></TextLine><TextLine id="r0_l005"><Coords points="524,167 527,167 528,167 528,164 528,163 529,163 531,161 531,157 529,156 524,156 524,149 523,148 497,148 496,149 451,150 451,149 451,144 450,144 448,144 447,145 447,149 446,150 390,151 389,150 373,150 373,149 373,145 371,144 369,144 368,145 358,145 357,146 357,149 356,150 342,150 341,149 341,150 341,151 340,151 322,151 322,146 321,145 317,145 315,147 314,147 314,148 314,149 312,150 287,151 286,150 268,150 267,151 255,151 254,152 225,152 224,153 189,154 188,153 173,153 173,152 173,149 172,149 170,149 169,150 151,150 150,152 150,153 151,154 151,155 154,158 154,159 155,160 155,161 156,162 156,163 157,164 157,166 158,167 159,167 160,166 173,166 174,165 208,165 209,165 210,165 211,164 240,164 241,163 264,163 265,162 276,162 277,162 277,168 277,169 294,169 295,168 295,162 299,162 300,163 311,162 312,163 336,163 337,164 337,168 338,168 339,167 340,167 341,167 341,163 341,162 360,162 361,161 392,160 393,161 393,162 394,161 433,161 434,162 434,166 436,166 437,166 437,162 437,161 470,161 471,161 471,165 471,166 474,166 475,165 475,161 507,160 508,161 523,161 524,162 524,167"/><TextEquiv index="1"><Unicode>Virtus amores: ſi quid exemplo pater,</Unicode></TextEquiv></TextLine><TextLine id="r0_l006"><Coords points="512,190 516,190 516,185 517,184 527,184 527,183 566,183 569,185 584,184 586,182 585,181 575,182 575,181 575,179 574,179 562,179 562,178 562,174 561,173 561,172 559,171 528,171 528,168 527,167 524,167 524,168 524,172 523,172 488,172 488,168 487,167 462,168 460,166 458,166 454,170 454,172 453,173 423,173 422,172 421,173 383,174 382,173 371,173 370,172 369,173 325,173 325,169 323,167 320,167 319,168 277,169 277,173 276,174 268,174 267,175 239,175 238,176 205,177 205,176 205,172 203,171 202,171 201,172 201,176 200,177 171,177 171,176 171,172 170,172 168,172 167,173 143,173 142,174 114,175 113,176 112,176 111,177 111,184 110,185 111,186 111,187 112,188 112,189 113,190 123,189 123,190 123,193 124,193 125,193 126,192 138,192 139,191 159,191 160,190 163,190 164,189 172,189 173,188 197,188 198,189 213,188 214,187 226,187 227,186 262,186 262,185 268,185 276,185 277,185 277,191 278,192 279,192 279,191 279,185 300,185 302,185 315,185 316,186 339,186 339,187 339,190 340,190 342,190 342,187 343,186 348,186 349,185 363,185 363,184 395,183 397,184 399,184 399,185 399,190 400,190 401,190 402,189 402,185 403,184 443,184 444,183 482,183 483,184 495,183 497,184 511,184 511,185 511,190 512,190"/><TextEquiv index="1"><Unicode>235 Si valeo meritis ſequere quam facio viam,</Unicode></TextEquiv></TextLine><TextLine id="r0_l007"><Coords points="483,214 484,214 484,213 484,207 485,206 558,206 559,205 561,205 561,204 561,203 560,202 560,195 558,195 557,194 545,194 544,195 516,195 515,195 515,191 515,190 510,190 507,193 507,194 474,195 473,194 473,190 463,190 462,190 462,195 462,196 424,196 423,196 423,192 422,190 420,190 419,191 413,191 412,192 412,196 390,197 389,196 367,196 366,195 366,192 365,192 362,194 362,195 362,196 342,196 341,197 301,198 300,197 293,197 292,196 292,193 291,193 290,192 277,192 275,193 275,196 275,197 244,197 243,198 230,198 229,199 175,200 174,199 174,195 172,195 171,195 171,196 171,197 155,197 153,199 153,211 152,212 154,213 166,213 167,212 226,211 227,210 234,210 235,209 264,209 265,208 289,208 289,209 290,210 310,209 310,210 310,211 311,211 327,211 327,212 327,214 328,214 331,214 332,213 332,209 333,208 365,208 365,210 366,211 367,209 367,208 368,208 482,207 482,213 483,214"/><TextEquiv index="1"><Unicode>Hinc currus iſtæ, quoque nil melius ſonat</Unicode></TextEquiv></TextLine><TextLine id="r0_l008"><Coords points="679,243 684,243 685,243 685,229 685,228 685,205 685,204 679,204 678,205 678,215 679,216 679,221 649,222 648,221 648,220 650,218 650,217 639,217 638,216 637,216 636,217 576,217 575,217 547,217 546,216 546,215 547,214 546,213 546,212 544,212 543,212 543,216 543,217 539,217 538,218 486,218 485,218 485,214 485,213 483,214 482,214 482,217 482,218 447,218 446,219 421,219 420,219 420,218 421,217 421,216 421,215 393,215 392,215 376,215 375,214 373,214 372,215 354,215 352,217 351,217 348,219 348,220 348,221 324,221 323,220 322,220 321,219 250,220 249,221 248,221 247,222 204,223 203,222 203,217 200,217 199,217 199,222 199,223 164,223 163,222 163,219 155,219 154,220 154,222 156,224 156,231 154,234 154,235 216,234 217,233 252,233 253,232 316,231 317,232 357,232 358,231 379,231 380,231 380,237 380,238 383,238 384,237 383,237 382,237 382,236 382,231 399,230 400,231 402,231 403,230 429,230 430,231 438,231 439,230 509,229 510,230 510,232 509,233 509,234 510,235 511,235 512,235 512,230 512,229 574,229 575,230 610,229 611,230 611,235 615,235 616,235 616,230 616,229 639,229 640,230 652,230 653,230 652,231 652,232 678,231 679,232 679,243"/><TextEquiv index="1"><Unicode>Eaudum acroama. OCH. Lætus imperia exequar,</Unicode></TextEquiv></TextLine><TextLine id="r0_l009"><Coords points="481,260 483,260 484,259 484,253 530,252 531,253 534,250 532,249 527,249 527,244 525,242 524,242 523,241 495,241 495,237 494,236 491,236 491,237 491,241 490,241 446,242 446,241 446,237 445,237 441,237 440,238 434,238 432,241 432,242 431,242 392,243 391,242 383,242 383,241 383,238 382,238 380,238 380,241 379,242 323,242 322,243 292,244 291,243 270,243 270,242 270,238 269,238 264,238 263,239 262,239 262,240 260,242 260,243 259,244 229,244 229,241 227,239 201,240 200,241 200,244 199,245 169,245 169,244 169,243 167,242 162,242 161,241 155,241 154,243 154,245 155,245 156,246 156,258 186,258 187,257 223,256 224,257 224,260 239,260 240,261 240,262 241,262 242,262 242,256 242,255 271,255 272,255 272,257 273,258 273,259 273,260 279,260 283,256 283,255 366,254 367,253 392,253 393,253 406,253 407,254 407,258 408,259 410,258 410,255 410,254 428,254 461,254 462,254 462,257 462,258 463,258 464,259 465,259 467,257 467,253 480,253 481,253 481,259 481,260"/><TextEquiv index="1"><Unicode>Patrioque figam tutus in paſſu pedem.</Unicode></TextEquiv></TextLine><TextLine id="r0_l010"><Coords points="554,282 556,282 556,281 556,275 578,274 580,275 615,275 615,274 678,273 679,274 679,279 680,279 685,279 685,274 686,273 686,247 685,246 681,246 680,247 679,247 679,248 679,257 678,257 653,258 652,259 652,261 651,262 645,262 644,263 599,263 598,262 546,263 546,262 546,258 544,257 543,257 542,258 542,263 541,264 497,264 497,260 496,259 481,260 481,264 480,265 460,265 459,266 425,266 424,265 416,265 416,263 414,261 387,262 386,261 368,261 367,260 360,260 359,261 303,261 302,260 301,260 300,260 284,260 283,261 281,261 280,262 234,262 233,261 232,262 231,262 231,263 231,268 230,268 207,269 207,268 207,267 204,265 187,265 186,264 156,264 155,266 155,267 157,269 157,280 158,280 218,279 219,280 220,279 271,279 272,278 332,277 333,278 334,278 335,277 403,276 404,277 406,277 407,276 462,276 462,279 464,281 465,279 465,276 466,276 552,275 553,275 553,281 554,282"/><TextEquiv index="1"><Unicode>PT. Audis Oſiri:PRPE. Nam quid exclamat rets?!</Unicode></TextEquiv></TextLine><TextLine id="r0_l011"><Coords points="680,311 686,311 686,306 687,305 687,300 686,299 686,288 685,287 685,280 685,279 680,279 679,280 679,284 648,285 647,284 647,281 624,281 623,281 623,286 623,287 576,288 575,287 567,287 566,286 557,286 556,285 556,282 553,282 552,282 552,286 552,287 521,287 520,287 520,284 520,283 466,284 465,283 432,283 431,284 394,284 393,284 375,284 373,285 373,288 373,289 339,289 338,289 338,286 337,284 335,284 334,285 334,286 333,287 333,289 308,289 307,289 307,286 306,284 304,284 303,283 302,283 301,283 298,283 297,284 296,284 294,286 270,286 269,285 268,285 267,284 263,284 262,285 231,285 229,287 190,288 189,287 159,287 158,288 158,292 138,292 137,293 114,294 113,294 113,300 112,301 112,304 115,307 117,307 118,308 127,307 127,308 127,311 129,312 131,312 133,310 133,307 134,306 135,306 136,305 144,305 145,304 180,304 181,305 183,305 184,304 210,303 211,304 216,304 218,302 243,302 244,301 279,301 279,307 280,308 283,308 283,307 283,300 284,300 297,300 298,301 300,301 301,302 332,301 332,302 332,306 333,306 337,306 337,302 338,301 490,299 490,300 490,302 491,302 492,302 492,300 493,299 533,299 534,298 575,298 576,299 614,298 615,297 650,297 651,298 655,298 656,297 679,296 679,297 679,311 680,311"/><TextEquiv index="1"><Unicode>a40 PT. Oſancta Conjux! PR.PERS. Nænias umbris!</Unicode></TextEquiv></TextLine><TextLine id="r0_l012"><Coords points="1,297 1,336 36,336 36,297 1,297"/><TextEquiv index="1"><Unicode>I</Unicode></TextEquiv></TextLine><TextLine id="r0_l013"><Coords points="243,309 243,332 319,331 319,308 243,309"/><TextEquiv index="1"><Unicode>canit</Unicode></TextEquiv></TextLine><TextLine id="r0_l014"><Coords points="679,351 680,351 680,350 681,349 681,347 682,346 682,330 681,329 681,327 680,326 680,325 679,324 345,328 344,327 342,327 341,328 340,328 340,329 340,330 339,330 161,332 160,333 159,333 159,334 159,336 160,337 160,349 161,350 294,349 295,349 295,352 295,353 321,352 322,352 322,350 322,349 512,347 513,348 513,350 514,351 678,349 679,350 679,351"/><TextEquiv index="1"><Unicode>PT. Hominum pudor Deſḿue, ſurgenti tuos</Unicode></TextEquiv></TextLine><TextLine id="r0_l015"><Coords points="412,375 413,375 413,369 414,368 443,368 444,369 453,369 454,368 462,368 484,368 485,369 518,368 519,367 519,360 520,359 518,357 515,357 514,356 508,356 508,352 507,351 492,351 491,350 469,351 469,356 468,357 426,357 426,353 425,352 422,352 422,353 422,356 421,356 361,357 361,356 361,352 360,352 359,352 358,351 357,352 355,352 352,355 352,356 351,357 323,357 323,355 322,354 322,353 321,352 294,353 294,357 293,358 280,358 279,359 227,359 227,356 225,354 222,354 221,355 220,355 218,358 218,359 217,359 193,360 192,359 177,359 177,358 177,357 176,357 163,357 162,356 161,356 160,357 159,357 158,359 158,360 159,361 160,361 161,362 161,373 162,373 169,373 170,372 240,371 241,370 337,369 337,370 337,372 338,372 339,372 340,371 341,371 341,370 342,369 381,369 381,373 382,374 384,374 384,373 384,370 385,370 412,369 412,370 412,375"/><TextEquiv index="1"><Unicode>Nato furores inde, ſic patrium bibit</Unicode></TextEquiv></TextLine><TextLine id="r0_l016"><Coords points="287,400 454,398 454,397 454,392 455,392 502,391 502,390 503,389 503,385 504,384 504,382 503,380 502,380 501,379 500,379 499,378 493,378 492,378 492,375 492,374 411,375 410,376 410,378 266,380 265,379 265,377 189,378 188,379 161,379 160,380 160,395 162,396 286,395 286,399 287,400"/><TextEquiv index="1"><Unicode>Echidna virus; antra rugitu quatit</Unicode></TextEquiv></TextLine><TextLine id="r0_l017"><Coords points="496,423 498,423 499,423 499,422 499,421 500,421 501,420 502,420 503,420 503,419 503,418 505,418 507,417 507,415 507,414 523,414 524,414 523,413 524,412 524,407 525,406 525,403 525,402 521,402 520,401 518,403 515,403 514,403 514,399 513,397 511,397 510,398 510,403 491,403 490,402 475,403 474,402 456,402 455,401 456,400 456,398 451,398 450,398 450,402 450,403 428,403 427,404 401,404 400,403 394,403 393,403 393,400 392,399 386,399 385,399 385,400 384,401 384,402 384,403 346,403 345,403 345,399 344,397 341,397 340,398 340,401 341,402 321,402 320,403 301,404 300,405 291,405 290,404 290,400 287,400 286,400 286,404 286,405 242,405 241,405 243,403 243,402 243,401 237,401 236,402 235,402 234,403 234,404 235,404 236,404 236,405 225,405 224,406 171,407 170,406 170,404 169,403 162,403 159,406 159,414 158,415 159,417 160,418 161,418 162,419 184,419 185,419 185,422 186,424 199,424 201,422 201,420 215,419 217,417 271,417 272,416 288,416 301,416 302,416 303,416 304,415 330,415 331,416 332,415 371,415 372,415 372,416 372,417 373,416 409,415 410,416 410,419 409,420 409,421 413,421 414,421 414,416 414,415 453,415 454,414 484,414 485,415 495,414 496,415 496,421 495,422 496,423"/><TextEquiv index="1"><Unicode>Suppar Leoni catulus. &amp; prædas agit</Unicode></TextEquiv></TextLine><TextLine id="r0_l018"><Coords points="137,449 139,449 140,448 146,448 147,447 148,447 152,444 152,443 152,442 166,442 167,441 209,441 210,442 218,441 219,442 219,444 220,444 221,444 221,442 222,440 295,440 296,440 296,445 296,446 298,446 299,445 299,440 333,439 334,438 392,438 393,439 409,438 410,439 410,443 411,444 412,444 414,443 414,439 414,438 505,437 506,438 539,438 540,437 552,437 553,436 553,429 554,428 554,421 552,420 528,420 527,422 527,426 526,426 489,426 488,425 468,426 467,425 466,426 454,426 454,425 454,421 453,421 450,421 450,425 449,426 440,426 439,427 398,427 397,426 369,427 368,426 367,427 343,427 342,426 323,426 323,422 322,421 318,421 318,422 318,426 317,426 295,427 294,428 256,428 255,429 221,429 221,426 219,424 217,424 216,423 215,424 214,424 213,425 212,425 212,426 212,428 210,430 179,430 179,429 179,427 177,426 175,426 174,425 173,426 172,426 171,427 162,427 162,428 162,430 161,430 124,430 123,431 122,431 122,432 122,441 121,442 121,443 122,444 122,446 136,446 137,447 137,449"/><TextEquiv index="1"><Unicode>45 Non ſponte crudus: nempe virtutis tihi</Unicode></TextEquiv></TextLine><TextLine id="r0_l019"><Coords points="385,467 387,467 388,465 388,462 389,462 415,461 416,462 417,462 418,461 436,461 485,461 486,461 565,461 566,459 566,454 568,454 569,453 569,447 566,445 564,445 563,444 561,444 560,445 560,448 559,449 522,449 522,445 521,444 518,444 518,445 518,450 517,450 494,450 493,449 483,450 482,449 464,449 463,448 462,448 461,449 428,449 428,446 427,445 426,445 425,444 424,446 424,450 423,450 392,451 391,450 368,450 367,449 333,449 333,448 331,446 327,446 327,447 327,449 326,449 315,449 314,450 299,451 299,450 299,446 298,446 295,446 295,450 294,451 263,451 263,450 263,445 262,445 257,445 254,449 254,451 253,451 224,451 224,448 223,447 212,447 211,449 211,451 210,452 182,452 182,451 182,449 179,447 178,447 177,448 167,448 166,449 161,449 161,450 161,451 162,452 163,452 164,453 164,462 163,463 162,463 161,464 161,465 162,465 217,464 218,463 261,463 261,466 263,468 264,468 264,467 264,462 265,462 304,461 305,462 330,462 331,461 373,461 374,462 384,462 384,466 385,467"/><TextEquiv index="1"><Unicode>Blandita ſpecies ? nempe virtutem citas?</Unicode></TextEquiv></TextLine><TextLine id="r0_l020"><Coords points="689,490 691,490 691,459 691,458 687,458 685,460 685,464 640,465 639,465 639,469 639,470 627,470 626,471 485,473 484,472 484,469 483,468 322,469 320,467 319,468 263,469 262,470 163,471 161,473 161,475 162,476 162,488 163,488 178,488 179,489 232,488 233,487 260,487 261,486 262,486 395,484 396,485 430,485 431,486 561,485 561,489 562,490 563,490 564,491 567,491 568,490 569,490 570,489 688,487 688,488 688,490 689,490"/><TextEquiv index="1"><Unicode>PR.PERS. Ptoleme. PTOL. Larvam pone, vit.</Unicode></TextEquiv></TextLine><TextLine id="r0_l021"><Coords points="247,497 247,511 370,509 370,495 247,497"/><TextEquiv index="1"><Unicode>tutem vocas</Unicode></TextEquiv></TextLine><TextLine id="r0_l022"><Coords points="332,537 334,537 335,537 335,532 335,531 398,530 399,531 399,534 400,535 401,535 402,535 402,531 402,530 533,529 534,530 547,530 548,529 548,528 573,528 574,527 573,527 552,527 552,526 552,521 551,520 551,519 548,517 508,517 508,513 506,511 444,512 443,511 421,511 421,512 421,518 420,518 384,519 384,518 384,517 380,514 378,514 377,515 377,516 376,517 357,517 356,518 345,518 345,519 345,520 344,520 312,520 312,515 310,513 308,513 307,514 306,514 304,517 304,519 303,519 271,520 270,521 243,521 242,520 208,521 207,520 194,520 194,519 194,515 192,514 191,514 190,515 182,515 181,516 170,516 168,518 168,521 167,522 167,523 166,524 166,526 165,528 165,529 164,529 138,529 137,528 135,528 134,527 132,527 131,526 130,528 131,529 133,529 134,530 135,530 138,533 139,533 140,534 141,534 142,535 144,533 224,532 225,533 226,532 254,532 255,533 255,538 257,538 259,536 259,532 331,531 332,532 332,537"/><TextEquiv index="1"><Unicode>Aliena rapere ſceptma? quâ ſuaſit furor</Unicode></TextEquiv></TextLine><TextLine id="r0_l023"><Coords points="394,559 395,559 397,557 398,557 399,556 399,555 400,554 525,553 526,552 526,551 525,550 525,544 524,543 524,540 523,539 523,535 522,534 429,535 429,536 429,537 428,537 198,540 196,538 193,538 192,539 165,539 164,541 164,542 165,543 165,555 166,555 167,555 168,556 229,555 230,556 276,556 276,559 278,561 282,561 283,560 294,560 394,559"/><TextEquiv index="1"><Unicode>Inferre ſtragem? pace gaudentes ſuâ</Unicode></TextEquiv></TextLine><TextLine id="r0_l024"><Coords points="542,583 546,583 546,582 546,576 547,576 562,576 563,577 569,577 570,578 584,577 585,578 589,578 590,577 590,575 589,574 589,567 588,565 587,565 586,564 581,564 580,564 580,561 579,559 578,560 577,559 554,559 553,558 551,559 551,562 551,563 512,563 511,564 479,565 478,564 469,564 468,563 468,561 458,561 457,560 440,560 438,558 435,558 434,559 434,564 355,565 354,564 354,562 328,562 327,561 324,561 323,562 323,565 295,566 294,565 294,560 291,560 290,560 290,565 290,566 279,566 278,567 211,568 210,567 208,567 207,568 183,568 182,567 182,565 181,564 181,563 179,563 178,562 176,562 175,563 148,563 146,565 130,565 128,567 128,580 129,580 138,580 138,581 138,582 140,583 141,582 143,582 144,581 145,581 146,580 173,580 174,579 210,579 211,580 212,579 213,578 240,578 240,579 240,583 242,584 268,584 268,583 268,578 269,578 295,578 295,583 296,584 297,584 297,583 297,578 298,578 325,577 326,578 342,578 343,577 398,576 399,578 399,580 400,580 401,580 401,577 402,576 447,576 448,577 472,577 472,579 474,581 474,582 475,583 489,582 490,581 500,581 500,577 501,576 541,576 541,582 542,583"/><TextEquiv index="1"><Unicode>250 Vexare populos ? Nam quod gyptus Iuis</Unicode></TextEquiv></TextLine><TextLine id="r0_l025"><Coords points="250,612 251,612 252,612 252,608 252,607 253,607 256,605 256,603 256,602 278,602 279,601 314,600 315,601 316,600 349,600 350,601 351,600 444,599 445,599 445,603 446,604 446,605 446,606 449,606 450,605 450,602 454,602 455,601 455,599 485,599 486,600 536,599 537,599 537,605 537,606 538,605 538,599 552,599 553,600 570,600 572,598 571,595 570,594 570,591 569,590 569,589 568,589 567,588 548,588 547,587 547,583 512,583 511,584 511,588 483,589 482,588 480,588 479,587 479,584 478,583 473,583 472,583 472,584 471,585 471,587 471,588 430,588 429,587 406,587 405,587 405,584 404,582 395,582 394,582 382,582 380,584 363,584 362,585 350,585 349,585 349,587 349,588 332,588 331,589 303,589 302,589 299,589 298,588 298,584 295,584 294,584 294,587 294,588 291,588 290,589 280,589 279,590 235,590 234,589 223,589 222,589 222,588 220,585 217,585 216,586 191,587 190,586 190,585 189,584 186,584 184,586 168,586 167,587 166,587 165,587 165,597 164,600 164,603 168,603 169,602 177,602 213,601 214,602 245,602 246,603 246,607 247,608 248,608 249,609 249,611 250,612"/><TextEquiv index="1"><Unicode>Hâc ſtrage crimen? Vidit auguſtos Deſm</Unicode></TextEquiv></TextLine><TextLine id="r0_l026"><Coords points="509,628 510,628 510,622 510,621 541,621 542,622 554,622 555,622 555,624 556,626 558,626 559,625 560,625 561,624 561,623 562,622 562,618 561,617 561,613 559,612 547,612 546,611 545,611 544,610 538,610 538,609 538,606 536,605 522,605 521,604 517,604 516,605 514,605 513,607 513,608 512,609 512,610 511,610 451,611 451,610 451,606 450,606 426,606 425,605 422,605 422,606 422,610 421,610 379,611 379,610 379,607 376,605 375,605 374,606 368,606 368,610 367,611 357,611 356,612 341,612 341,607 340,606 337,606 336,608 336,612 335,612 319,612 318,611 292,612 291,613 230,613 229,612 227,612 226,613 201,614 200,613 180,613 180,612 180,610 178,609 170,609 169,608 167,608 166,609 165,609 165,610 167,611 167,612 168,613 168,621 167,622 166,622 165,624 165,625 212,624 213,625 247,625 248,626 248,629 249,629 252,627 252,626 252,625 275,625 276,624 307,623 308,624 310,624 311,623 342,623 343,624 343,628 344,629 345,629 346,630 347,630 348,629 351,629 352,628 353,627 353,626 354,625 354,623 394,623 395,623 404,623 405,624 405,629 406,629 407,629 407,624 407,623 442,623 443,622 485,622 486,622 486,623 486,624 498,623 499,622 500,622 501,621 508,621 509,622 509,628"/><TextEquiv index="1"><Unicode>Fumare jam non ignibus thalamos ſuis:</Unicode></TextEquiv></TextLine><TextLine id="r0_l027"><Coords points="548,651 550,651 551,649 551,646 552,646 577,646 580,648 582,646 599,646 599,645 585,645 584,645 584,644 584,643 580,643 578,642 578,635 577,634 577,633 576,633 542,633 542,632 542,627 541,627 538,627 538,632 537,633 511,633 511,629 510,628 508,628 508,629 508,633 506,634 475,635 474,634 458,634 458,633 458,629 457,629 436,629 435,631 435,634 434,634 408,634 408,630 407,629 404,629 404,630 404,634 403,634 394,635 392,633 390,633 389,634 379,634 378,635 345,635 344,634 343,634 342,635 296,636 295,635 287,635 287,634 287,631 285,630 283,630 282,631 257,631 256,630 255,630 254,631 251,631 250,632 249,632 248,634 248,635 247,635 205,636 205,635 205,634 204,633 204,632 202,631 197,631 196,632 171,632 170,631 167,631 166,632 166,647 168,649 217,648 218,649 219,649 220,648 252,648 253,649 257,649 258,648 328,647 329,646 355,646 356,647 357,646 411,645 412,647 412,652 413,652 414,652 414,647 415,646 486,646 487,646 493,646 493,647 493,648 494,648 496,648 496,647 497,646 497,645 498,644 522,644 523,645 547,645 547,650 548,651"/><TextEquiv index="1"><Unicode>Factura Cœlo marmora invidiam, inclyes</Unicode></TextEquiv></TextLine><TextLine id="r0_l028"><Coords points="1,588 1,664 34,664 33,588 1,588"/><TextEquiv index="1"><Unicode></Unicode></TextEquiv></TextLine><TextLine id="r0_l029"><Coords points="408,675 409,675 409,670 410,669 418,669 418,670 418,671 420,672 422,672 424,670 436,670 437,669 486,669 486,670 487,670 488,669 498,669 499,668 547,668 548,667 550,667 553,663 553,660 550,657 549,657 548,656 448,657 447,656 447,652 443,652 442,652 442,657 442,658 416,658 415,658 415,653 415,652 386,653 385,652 378,652 377,651 376,652 374,652 373,652 373,657 373,658 305,658 304,658 304,657 301,654 297,654 296,655 293,655 292,655 292,657 292,658 268,658 266,660 218,660 217,659 186,660 185,659 185,656 172,656 171,655 168,655 166,656 166,670 167,671 168,671 169,672 215,671 216,672 250,672 251,671 304,670 305,671 320,671 320,672 320,675 322,676 328,676 330,674 330,671 331,670 361,670 362,669 400,668 401,669 407,669 407,670 407,675 408,675"/><TextEquiv index="1"><Unicode>Honuments Regum dirui, cineres noto</Unicode></TextEquiv></TextLine><TextLine id="r0_l030"><Coords points="112,677 115,703 458,699 459,698 513,697 514,697 514,692 514,691 557,691 558,690 558,689 559,688 558,686 549,686 548,685 548,680 547,679 547,674 525,674 524,673 163,677 162,676 115,677 114,676 98,676 97,676 98,677 112,677"/><TextEquiv index="1"><Unicode>25 Spargi ſepultos, oppida in ſegetem ſeri.</Unicode></TextEquiv></TextLine><TextLine id="r0_l031"><Coords points="1,678 1,731 51,731 51,678 1,678"/><TextEquiv index="1"><Unicode>!</Unicode></TextEquiv></TextLine><TextLine id="r0_l032"><Coords points="333,723 357,723 358,722 364,722 365,721 366,721 367,720 367,719 368,718 368,716 402,715 403,716 405,716 406,715 438,715 439,716 442,716 443,715 473,715 474,716 485,716 486,717 501,716 502,715 505,715 506,714 540,714 541,715 547,715 548,715 548,717 549,719 550,719 552,717 552,716 554,714 554,713 555,712 555,710 553,709 547,709 547,708 547,703 546,703 543,703 542,702 537,702 537,701 537,698 535,697 522,697 521,696 519,696 518,697 512,697 511,698 497,698 497,699 497,703 496,703 467,704 467,703 467,698 466,698 464,698 463,699 456,699 455,700 437,700 436,702 436,704 435,704 395,704 394,704 386,704 386,703 386,699 385,699 381,699 381,703 380,704 336,704 336,700 334,698 333,698 332,699 330,699 330,700 330,701 329,701 328,701 328,702 328,704 326,705 299,706 298,705 283,705 282,706 260,706 260,705 260,701 259,701 252,701 252,702 252,703 251,704 251,706 250,706 223,706 223,702 222,701 219,701 219,702 219,704 218,704 211,705 210,706 183,706 183,705 183,704 181,703 180,703 179,702 172,702 170,704 149,704 149,705 166,705 167,705 167,710 168,711 168,713 169,715 170,715 172,717 174,717 175,718 176,718 177,719 181,719 183,721 186,721 187,722 193,722 195,720 195,717 210,717 212,718 266,718 267,717 309,716 310,717 332,717 333,718 333,723"/><TextEquiv index="1"><Unicode>Quoties ſuorum ſanguinem Nilus bibit,</Unicode></TextEquiv></TextLine><TextLine id="r0_l033"><Coords points="362,744 370,744 371,742 371,739 372,739 398,738 399,739 421,739 422,738 448,738 449,739 452,739 453,740 454,740 455,739 474,739 476,737 477,737 477,736 477,733 478,732 478,731 477,730 477,729 474,727 463,727 463,726 463,721 462,721 458,721 458,725 457,726 358,727 358,726 358,723 357,723 333,723 333,724 333,728 332,728 306,728 306,724 304,722 303,723 302,722 297,722 297,723 296,724 296,727 295,728 254,728 254,725 252,723 228,723 227,722 205,723 204,724 168,724 167,725 167,726 168,727 168,740 169,741 213,740 214,741 232,741 233,740 303,740 304,741 317,740 318,739 360,739 360,742 362,744"/><TextEquiv index="1"><Unicode>Et diſcolore fuxit ignotus vado</Unicode></TextEquiv></TextLine><TextLine id="r0_l034"><Coords points="169,746 169,769 661,764 661,741 169,746"/><TextEquiv index="1"><Unicode>Per ora ſeptem ? PR.PERS. vVicto. PToL. ro.</Unicode></TextEquiv></TextLine><TextLine id="r0_l035"><Coords points="278,792 301,793 444,791 445,790 444,790 350,791 350,790 350,789 430,788 431,787 432,787 433,786 434,786 434,785 435,784 434,783 433,775 432,773 390,774 389,773 385,773 384,772 384,769 383,768 278,769 277,769 277,772 277,773 257,773 254,776 255,785 256,786 277,786 278,786 278,792"/><TextEquiv index="1"><Unicode>tunam exprobras;</Unicode></TextEquiv></TextLine><TextLine id="r0_l036"><Coords points="1,766 1,799 33,799 33,766 1,766"/><TextEquiv index="1"><Unicode></Unicode></TextEquiv></TextLine><TextLine id="r0_l037"><Coords points="379,815 629,812 630,811 629,811 470,813 470,812 470,811 606,809 610,806 610,798 608,796 588,796 588,793 587,792 587,791 586,790 563,791 562,790 560,790 559,789 374,791 373,790 296,791 295,790 193,791 192,790 191,791 190,791 189,792 174,792 173,793 172,793 172,795 173,796 173,797 174,798 174,799 175,800 175,801 176,802 176,804 177,805 177,807 178,808 178,809 178,810 237,809 238,810 238,812 330,811 331,812 331,814 378,814 379,815"/><TextEquiv index="1"><Unicode>iciſti, &amp; illud proſperum in miſeros ſcelus</Unicode></TextEquiv></TextLine><TextLine id="r0_l038"><Coords points="1,799 1,820 32,820 32,799 1,799"/><TextEquiv index="1"><Unicode>5</Unicode></TextEquiv></TextLine><TextLine id="r0_l039"><Coords points="449,837 452,837 452,836 452,831 453,831 475,831 476,832 491,831 492,830 538,830 539,829 549,829 549,828 549,819 548,819 547,819 546,818 545,818 544,817 542,819 491,819 490,818 478,819 477,818 470,818 470,817 470,814 469,814 465,814 465,818 464,819 438,819 437,818 435,818 434,819 410,819 410,815 409,814 379,815 378,814 377,815 335,815 335,816 335,819 334,819 288,820 287,819 280,819 280,818 280,817 279,817 268,817 268,818 266,820 209,821 209,820 209,819 208,819 194,819 194,818 194,815 193,815 166,815 165,814 164,814 163,813 156,813 156,812 155,811 150,811 148,813 135,813 133,816 133,828 134,828 178,828 178,831 180,833 181,833 182,832 205,832 216,831 217,832 263,832 264,833 265,833 265,834 267,836 268,835 271,835 272,834 273,834 274,833 284,833 284,837 285,838 285,837 285,832 286,832 310,831 311,832 322,832 323,831 383,831 383,837 384,838 387,838 387,837 387,831 388,831 400,830 401,831 418,831 418,832 418,836 419,836 422,836 423,835 423,832 424,831 448,831 448,836 449,837"/><TextEquiv index="1"><Unicode>260 Virtus voænr. Maria ſi paucis tenent</Unicode></TextEquiv></TextLine><TextLine id="r0_l040"><Coords points="1,820 1,868 35,868 34,820 1,820"/><TextEquiv index="1"><Unicode></Unicode></TextEquiv></TextLine><TextLine id="r0_l041"><Coords points="417,860 418,860 418,855 419,854 493,853 494,854 495,853 569,853 570,854 576,854 576,855 577,856 578,856 579,857 580,855 580,853 581,852 581,850 580,848 579,849 578,848 575,848 574,847 574,842 570,842 568,840 567,841 534,841 533,841 533,837 532,835 531,836 488,836 487,837 487,841 487,842 454,842 453,841 453,837 448,837 447,837 447,841 447,842 396,843 395,842 388,842 387,841 387,838 384,838 383,838 383,841 383,842 294,843 293,842 293,838 292,837 273,837 272,836 271,837 269,837 268,838 237,838 236,837 221,837 220,836 218,838 218,842 183,843 182,842 182,839 177,839 176,838 175,839 174,839 172,840 172,854 173,855 221,854 222,855 260,855 261,854 289,854 290,855 333,854 333,855 333,856 334,856 336,854 395,854 396,855 406,854 406,855 406,859 407,859 409,859 409,855 410,854 417,854 417,855 417,860"/><TextEquiv index="1"><Unicode>Lembis Philetæ, maria prædones habent,</Unicode></TextEquiv></TextLine><TextLine id="r0_l042"><Coords points="479,883 507,882 509,881 509,877 509,876 539,876 540,877 541,877 542,876 581,875 582,876 588,876 589,877 605,877 606,876 614,876 616,874 623,874 624,874 624,873 624,872 634,872 635,871 634,871 617,871 616,871 616,865 615,863 612,863 611,862 608,862 607,862 607,861 606,859 604,859 602,861 602,865 579,866 578,865 571,865 570,864 565,864 564,863 564,859 559,859 558,860 557,860 555,861 555,862 554,864 521,864 520,863 518,865 476,866 475,865 463,865 462,864 462,860 459,860 458,860 458,864 458,865 421,865 420,865 420,861 420,860 404,860 403,859 401,859 400,860 400,865 371,866 370,865 349,865 348,865 348,860 348,859 346,859 345,860 344,860 343,861 343,865 299,866 298,865 297,866 256,866 255,865 221,865 220,865 220,861 220,860 218,860 216,862 216,865 188,866 187,865 187,864 186,863 185,863 184,862 174,862 172,863 173,877 173,878 202,878 203,878 203,881 203,882 204,882 205,883 207,881 207,878 303,877 304,878 374,877 375,877 375,878 375,879 376,879 377,879 377,882 377,883 378,883 379,882 379,878 437,877 438,878 438,883 440,883 441,883 441,878 441,877 448,877 449,876 478,876 479,876 479,882 479,883"/><TextEquiv index="1"><Unicode>Rapit arma mundus, ulrima in captos fremit</Unicode></TextEquiv></TextLine><TextLine id="r0_l043"><Coords points="1,868 1,907 33,907 33,868 1,868"/><TextEquiv index="1"><Unicode></Unicode></TextEquiv></TextLine><TextLine id="r0_l044"><Coords points="548,906 550,906 551,905 551,899 561,899 562,900 578,900 579,901 590,900 592,899 592,891 589,888 579,889 578,888 574,888 573,887 543,887 542,888 517,888 516,887 490,887 490,885 489,884 489,883 488,882 487,883 486,882 485,883 479,883 479,886 478,887 453,887 452,888 442,888 442,884 441,883 438,883 438,884 438,889 437,889 394,890 394,889 394,884 392,883 386,883 385,882 384,882 383,883 376,883 375,884 375,887 374,888 333,888 331,886 320,886 320,884 319,883 318,883 317,882 292,883 291,884 289,884 287,886 287,894 286,895 264,895 264,894 264,891 263,890 263,889 262,889 261,889 260,888 252,888 252,884 251,883 224,883 224,884 224,887 223,887 184,888 184,887 184,886 182,885 177,885 176,886 175,886 174,887 174,895 172,897 172,898 175,902 198,902 199,902 199,904 199,905 213,904 214,904 214,901 214,900 262,900 263,899 288,899 289,900 293,900 294,900 294,906 294,907 297,907 298,906 298,900 303,900 304,901 350,900 351,900 351,905 351,906 354,906 355,905 355,900 396,899 398,901 417,901 418,902 418,906 420,906 421,906 421,901 421,900 433,900 434,899 458,899 459,900 460,899 475,899 486,899 487,900 525,899 526,900 526,904 527,905 529,904 529,900 529,899 547,899 548,899 548,905 548,906"/><TextEquiv index="1"><Unicode>Supplicis. Sed tu mille qui ratibus porens</Unicode></TextEquiv></TextLine><TextLine id="r0_l045"><Coords points="518,928 519,928 519,927 520,926 526,926 526,925 528,923 574,923 575,922 576,922 576,921 576,916 577,915 577,914 576,913 576,912 573,910 569,910 568,911 551,911 551,910 551,906 550,906 547,906 547,910 546,911 511,911 510,910 508,910 507,911 483,912 482,911 480,911 479,910 475,910 475,909 475,906 473,905 472,905 471,906 468,906 466,908 466,909 464,911 441,911 440,912 390,913 388,911 355,911 355,910 355,906 354,906 351,906 350,907 348,907 347,909 347,910 346,910 298,911 298,910 298,907 297,907 295,907 295,910 294,911 222,911 222,906 221,905 220,905 219,906 217,906 217,907 217,910 216,910 187,911 187,910 187,909 186,909 185,909 183,907 172,907 172,908 172,909 173,909 175,910 175,919 174,920 174,922 175,923 177,923 178,924 179,924 180,923 186,923 219,922 220,923 258,923 258,924 258,925 259,925 276,925 276,926 277,927 278,927 278,926 278,923 279,923 308,922 308,923 308,927 309,927 311,927 311,923 312,922 358,922 358,926 360,928 366,928 367,926 367,925 368,924 368,923 369,923 400,922 401,923 441,923 441,924 441,926 442,926 443,926 443,925 443,924 445,923 515,922 515,923 515,926 518,928"/><TextEquiv index="1"><Unicode>Prædare, qui per figna compoſito agmine</Unicode></TextEquiv></TextLine><TextLine id="r0_l046"><Coords points="160,954 187,955 188,955 556,951 556,950 188,954 187,953 188,953 247,952 247,951 248,950 400,948 401,947 530,946 531,945 532,945 534,942 534,937 533,937 533,936 532,934 522,934 521,933 493,933 492,933 492,929 492,928 447,929 446,928 278,930 276,928 155,929 153,931 152,931 151,932 138,932 137,933 136,933 135,934 135,943 136,944 136,946 137,946 159,946 159,947 159,949 160,950 160,954"/><TextEquiv index="1"><Unicode>265 Ducis Philetas, Rx es, &amp; ſelix latro</Unicode></TextEquiv></TextLine><TextLine id="r0_l047"><Coords points="347,974 578,972 579,971 578,971 433,972 433,971 433,970 573,969 576,966 576,965 573,963 568,963 567,962 567,958 565,956 557,956 556,955 556,951 542,951 541,950 477,951 476,950 364,951 363,950 206,952 205,951 204,951 203,951 203,952 203,953 177,953 175,954 175,955 176,956 177,968 177,969 215,968 216,969 269,969 270,969 270,972 270,973 346,972 347,973 347,974"/><TextEquiv index="1"><Unicode>Palam impudente ferculo prædam vehis.</Unicode></TextEquiv></TextLine><TextLine id="r0_l048"><Coords points="685,1004 690,1004 691,1004 691,964 690,963 683,963 683,964 683,975 682,975 656,976 655,975 652,975 652,974 652,973 650,972 621,972 618,976 618,977 616,978 578,979 577,980 551,980 550,979 526,979 526,976 524,974 520,974 520,975 520,976 519,976 518,976 518,977 518,979 516,980 488,981 487,980 483,980 483,979 483,977 481,976 444,976 443,975 415,975 414,974 392,975 391,974 390,974 389,975 385,975 385,978 384,979 349,979 349,975 348,974 345,974 345,975 345,978 344,978 311,978 311,976 309,974 305,974 304,974 303,974 302,975 186,976 185,975 175,975 175,991 175,992 190,992 191,993 252,992 253,991 270,991 271,991 271,997 271,998 273,998 274,997 274,991 299,991 300,992 304,992 305,992 323,992 324,993 324,995 325,995 326,995 326,993 327,991 372,991 373,991 373,993 374,995 375,995 376,994 376,991 403,990 404,991 422,991 423,992 487,992 488,993 534,992 535,991 576,991 577,992 582,991 583,992 618,992 619,993 621,993 622,992 643,992 644,991 682,990 684,992 684,1002 685,1003 685,1004"/><TextEquiv index="1"><Unicode>PR. PERS. Captive PTOD. Non ſum: non ſubit!</Unicode></TextEquiv></TextLine><TextLine id="r0_l049"><Coords points="1,979 1,1021 32,1021 31,979 1,979"/><TextEquiv index="1"><Unicode></Unicode></TextEquiv></TextLine><TextLine id="r0_l050"><Coords points="360,1020 408,1019 408,1018 407,1018 406,1017 364,1018 363,1017 363,1014 364,1014 392,1014 393,1012 393,1011 392,1010 385,1010 384,1009 384,1007 383,1006 383,1004 382,1003 382,1002 381,1002 363,1002 362,1001 327,1001 327,999 325,997 271,998 271,1001 270,1002 258,1002 258,1003 258,1007 259,1008 259,1009 260,1009 260,1011 261,1012 261,1013 262,1014 309,1013 310,1014 321,1014 321,1015 321,1019 322,1019 359,1019 360,1020"/><TextEquiv index="1"><Unicode>virtus jugum.</Unicode></TextEquiv></TextLine><TextLine id="r0_l051"><Coords points="612,1042 614,1042 614,1041 614,1040 613,1040 612,1039 596,1039 595,1039 595,1034 594,1032 593,1032 592,1031 588,1031 587,1031 587,1026 587,1025 585,1025 584,1025 584,1022 582,1019 580,1020 579,1019 553,1019 552,1018 537,1018 536,1019 529,1019 528,1020 528,1023 487,1024 486,1023 480,1023 479,1022 479,1017 478,1017 477,1016 475,1016 474,1016 474,1022 474,1023 432,1023 431,1024 409,1024 408,1024 408,1020 408,1019 404,1019 403,1020 403,1024 382,1025 381,1024 364,1024 363,1023 363,1020 356,1020 355,1019 341,1019 340,1018 339,1019 335,1019 334,1020 334,1021 332,1023 332,1024 303,1025 302,1024 301,1025 271,1025 270,1024 244,1024 243,1023 242,1023 241,1024 214,1024 213,1024 192,1024 191,1023 191,1021 190,1020 183,1020 182,1019 177,1019 176,1020 175,1020 173,1021 173,1022 174,1023 174,1024 175,1025 176,1025 177,1026 177,1035 178,1036 223,1035 224,1036 243,1036 244,1037 254,1037 255,1036 283,1036 283,1040 285,1042 307,1041 308,1042 310,1042 312,1040 321,1040 322,1039 322,1038 324,1036 347,1036 347,1037 347,1043 348,1043 351,1043 351,1042 351,1036 352,1036 385,1036 386,1037 411,1036 412,1035 443,1035 444,1036 446,1036 447,1035 493,1034 494,1035 515,1035 516,1036 574,1036 575,1037 581,1036 582,1037 589,1037 589,1038 589,1041 590,1041 611,1041 612,1042"/><TextEquiv index="1"><Unicode>Tu verte regna, ſolium in occulto mihl eſt,</Unicode></TextEquiv></TextLine><TextLine id="r0_l052"><Coords points="246,1064 249,1064 250,1064 250,1061 250,1060 394,1059 395,1059 395,1061 395,1062 396,1061 397,1061 398,1059 519,1058 520,1059 552,1059 553,1060 554,1059 563,1059 565,1057 565,1056 574,1056 575,1055 574,1054 575,1053 574,1053 573,1052 567,1052 566,1051 566,1048 565,1047 544,1047 543,1046 538,1046 537,1045 537,1043 536,1042 417,1043 415,1041 412,1041 411,1042 348,1043 347,1044 347,1045 227,1046 226,1046 226,1044 225,1042 209,1043 207,1041 191,1041 190,1042 173,1042 172,1042 172,1044 173,1045 173,1046 174,1047 175,1047 175,1048 176,1049 176,1051 177,1052 177,1053 178,1054 179,1058 179,1059 232,1058 233,1059 244,1059 245,1060 245,1063 246,1064"/><TextEquiv index="1"><Unicode>Vbi Imperator animus, &amp; rerum arbiter.</Unicode></TextEquiv></TextLine><TextLine id="r0_l053"><Coords points="524,1088 530,1088 531,1087 533,1087 535,1085 535,1084 557,1084 559,1082 559,1079 557,1078 552,1078 552,1077 552,1071 551,1071 548,1071 547,1070 541,1070 541,1069 541,1065 540,1065 413,1066 413,1064 411,1062 410,1063 408,1063 407,1064 360,1065 359,1066 359,1067 358,1068 211,1070 210,1069 198,1069 198,1068 198,1067 195,1065 168,1065 167,1064 143,1064 142,1063 138,1063 136,1066 136,1073 135,1074 135,1076 136,1077 146,1077 147,1078 147,1081 206,1081 207,1081 207,1084 208,1086 324,1084 325,1085 356,1085 357,1086 360,1086 361,1085 361,1084 362,1083 362,1082 490,1080 491,1081 523,1081 524,1082 524,1088"/><TextEquiv index="1"><Unicode>240 Æquato utranque jure fortunam regit.</Unicode></TextEquiv></TextLine><TextLine id="r0_l054"><Coords points="542,1108 543,1108 544,1106 544,1105 545,1104 545,1101 538,1101 537,1100 537,1094 536,1094 535,1094 534,1093 533,1093 532,1092 527,1092 527,1089 526,1088 519,1088 518,1087 515,1087 515,1088 515,1091 514,1091 482,1092 481,1091 471,1091 470,1092 446,1092 445,1091 442,1091 442,1088 439,1085 438,1087 438,1092 437,1092 408,1092 407,1091 405,1091 404,1092 356,1093 355,1092 345,1092 344,1091 325,1091 325,1090 324,1089 324,1088 323,1087 321,1087 321,1088 321,1090 320,1090 296,1091 295,1092 270,1092 270,1091 270,1087 269,1087 268,1087 267,1086 255,1086 254,1085 251,1085 250,1086 227,1086 226,1088 226,1092 225,1092 214,1092 212,1091 192,1091 192,1090 192,1088 190,1087 175,1087 174,1088 174,1089 175,1090 175,1101 177,1103 181,1103 181,1102 212,1102 215,1103 275,1103 276,1104 278,1104 279,1103 302,1103 302,1109 303,1110 305,1110 305,1109 305,1104 306,1104 322,1103 322,1104 322,1110 323,1110 325,1110 325,1105 326,1104 412,1103 412,1104 412,1109 413,1109 416,1109 417,1108 428,1108 428,1104 430,1102 448,1102 448,1108 449,1109 450,1109 450,1108 450,1102 451,1102 471,1102 472,1103 488,1103 489,1104 503,1103 504,1104 506,1104 507,1105 508,1104 541,1104 541,1107 542,1108"/><TextEquiv index="1"><Unicode>Non inſolente læta me typho extulit,</Unicode></TextEquiv></TextLine><TextLine id="r0_l055"><Coords points="1,1094 1,1140 30,1140 29,1094 1,1094"/><TextEquiv index="1"><Unicode>5</Unicode></TextEquiv></TextLine><TextLine id="r0_l056"><Coords points="592,1133 596,1133 596,1132 597,1131 597,1130 598,1129 598,1125 597,1123 590,1123 589,1123 589,1119 588,1117 581,1118 580,1117 570,1117 569,1116 569,1111 568,1110 553,1110 552,1110 552,1115 552,1116 531,1116 530,1115 514,1115 513,1115 513,1111 513,1110 497,1110 496,1109 474,1110 473,1109 473,1108 470,1108 469,1109 448,1109 447,1109 447,1113 447,1114 417,1114 416,1114 416,1110 416,1109 406,1109 405,1110 386,1111 384,1112 384,1121 384,1122 362,1122 361,1121 361,1117 360,1116 360,1115 326,1115 325,1115 325,1111 325,1110 306,1111 305,1110 303,1110 302,1110 302,1113 302,1114 288,1114 287,1115 261,1115 260,1114 214,1115 213,1114 213,1113 193,1113 192,1112 192,1110 191,1109 174,1109 173,1109 173,1111 174,1112 174,1124 175,1125 225,1124 225,1125 225,1130 226,1130 228,1130 228,1127 230,1125 258,1125 259,1126 309,1125 310,1126 334,1126 334,1127 334,1131 335,1131 337,1131 337,1128 338,1127 370,1127 371,1126 434,1125 434,1126 434,1129 436,1130 437,1130 438,1131 448,1131 448,1130 448,1125 449,1125 484,1125 485,1126 488,1126 489,1127 509,1126 510,1127 536,1127 537,1128 577,1128 578,1129 580,1129 581,1130 591,1129 591,1130 591,1133 592,1133"/><TextEquiv index="1"><Unicode>Non premet iniqua. Nil agis belli artifex,</Unicode></TextEquiv></TextLine><TextLine id="r0_l057"><Coords points="570,1158 573,1158 574,1157 574,1155 577,1155 579,1153 579,1152 580,1151 580,1149 579,1148 579,1147 578,1147 576,1147 575,1146 572,1146 571,1145 571,1139 549,1139 548,1138 548,1134 528,1134 526,1132 524,1132 522,1134 522,1138 496,1138 495,1137 489,1138 488,1137 479,1137 478,1136 463,1136 462,1135 462,1131 447,1131 446,1131 446,1135 446,1136 415,1136 414,1135 409,1135 408,1135 408,1132 408,1131 385,1132 384,1131 382,1131 381,1132 379,1132 377,1133 377,1134 376,1135 376,1136 376,1137 316,1137 315,1136 292,1137 291,1136 291,1133 290,1132 289,1132 288,1131 274,1131 273,1131 273,1135 273,1136 236,1136 235,1136 235,1131 235,1130 233,1130 232,1131 232,1134 187,1135 186,1134 186,1132 185,1131 185,1130 179,1130 178,1131 176,1131 174,1132 174,1140 173,1141 173,1142 177,1146 199,1146 200,1150 200,1151 203,1151 204,1150 204,1148 216,1147 280,1147 281,1148 317,1147 318,1148 318,1151 320,1151 321,1151 321,1150 322,1148 346,1148 347,1149 349,1149 350,1148 361,1148 396,1148 397,1149 486,1148 487,1149 491,1148 492,1149 498,1149 499,1150 534,1150 535,1151 569,1151 570,1151 570,1157 570,1158"/><TextEquiv index="1"><Unicode>Superbe victor, non facit miſerum dolor,</Unicode></TextEquiv></TextLine><TextLine id="r0_l058"><Coords points="203,1182 234,1183 234,1182 598,1178 599,1178 598,1177 471,1179 471,1178 472,1178 473,1177 549,1176 550,1175 573,1175 575,1173 575,1164 574,1163 574,1158 573,1158 557,1158 557,1157 557,1156 556,1156 450,1157 450,1156 450,1154 449,1154 395,1155 394,1154 296,1155 296,1154 296,1153 294,1152 206,1153 205,1152 185,1152 184,1153 178,1153 177,1154 173,1154 173,1167 173,1168 174,1168 175,1169 202,1169 203,1169 203,1182"/><TextEquiv index="1"><Unicode>Non vincla ſervum: liberp &amp; porens ſui</Unicode></TextEquiv></TextLine><TextLine id="r0_l059"><Coords points="629,1169 630,1210 691,1210 690,1169 629,1169"/><TextEquiv index="1"><Unicode>5o!</Unicode></TextEquiv></TextLine></TextRegion></Page></PcGts>