686 1306
100 54 662 89 APOR ADONITVS TRAG. 12!
77 102 583 139 ACTVS SECVNDVS.
149 157 537 191 A R..V ME NT VM.
266 229 577 262 V hæc agerentur, in-
265 263 580 295 tentus crat venationi
267 291 576 327 Sapor cum Aſtyage ma-
264 322 575 357 jore natu filio: â quâ re-
265 355 577 389 tractus rem geſtam â
78 386 573 421 Roxane Satraparum fideliſſimo edo-
76 418 573 453 cetur. Hicille enimverò futere, dira
76 451 576 485 0mnia urbi, Satrapis, exercitui minari:
76 481 573 509 Sed tum maximè cùm fictum ſe & lu-
73 513 573 549 dicrum Saporem appellari, ſibique ur-
74 545 574 580 bis portas occludi videt. In eo motu
74 577 568 604 Artavaſdem ſibi forte obvium in vin-
73 610 570 644 cula conjicit, & Proceres dimittit qui
74 641 568 675 diſſipatos milites colligant, ad urbem
72 672 572 707 ferro flammâque delendam. Sed
74 704 572 740 Aſtyages paterno furori tempeſtivè,
72 735 573 771 fapienterque moderatus, jubet acciri
73 769 569 802 Amyntam Chriſtianum militem ca-
71 798 572 834 pivum, ut ejus facundiâ ferox animus
71 832 565 858 emolliatur. Interim utin urbano ma-
71 864 571 891 Io cautus Roxanem ficto habitu in
71 895 570 929 urbem mittit, ut Magos omnes noctis
70 927 564 961 in caſtra perducat. Diſputat ergo A-
70 959 564 998 myntas deunius Dei providentiâ, po-
71 990 568 1024 rentiâ, in ſuperbos ſeveritate. Verum
70 1021 564 1059 ſuperbo canit, & adhuc felici. Hao
69 1051 565 1087 enm occaſione totum ſuperbiæ virus
69 1084 580 1118 effundit Sapor, ſeque ulli alteri quàm.
69 1115 564 1150 ſibi regnum debere, aut ab ullo Deo
70 1146 562 1183 efipi poſſæ negat. Blaſphemiam hane
491 1181 567 1205 intcx-
