675 1278
18 16 530 52 256 LVDOVrCI CELLOTII
94 46 546 70 o SAP. Mihi incruentus fluxit hic. fli. dies.
124 69 582 94 AST. En illa palmas tendit innocuas phalanx.
125 84 668 126 SAP. Quæ? ASrYA. Nam coegi. SAP. Cur
209 115 475 133 AST. Malo ut finem daret.
75 132 667 175 SP. id ills poſcis t Ar. uod petat ſraſias,.
193 167 268 183 pater.
126 173 668 216 SAP. Eloquere. AST. vitam. SAP. Vivat. AST.
209 206 386 230 In flammis jubes?
92 221 668 260 SAP. Quos loq́ueris ignes? AST. Nam quid hoc
209 252 360 275 fimulas. pater?
124 264 670 305 SAP. Perplexa remove verba. AST. Cùi nnlla!
207 299 291 317 eſt ſalus.
91 307 670 344 SAP. Cogere. AST. Aduſtos nne ſpectaſti Magos?
94 340 670 368 SAP. Quando? unde? nam quis caſus in flamms
207 366 312 385 dedit?
124 384 635 413 AST. Quis illud ante Regis imnperium audeat?
64 410 575 434 10o SAP. Non imperavi: Mithra ſic ſalvum velit.
124 433 590 459 AST. Non Artavaſdes juſſus hæc buſta excitat?
124 453 620 483 SAP. Quis Artavaſdes?quâ ſpecu & vinclis premol
123 479 556 504 AST. Qui vincla blandâ fratris evaſit prece.
91 503 518 530 SAP. Sapore liber proditor vlvo exeat?
65 523 671 562 1os AST. Etiam jubente. SaP. Somnas. AST. Vtdi,
209 555 290 573 pater.
62 564 577 597 SAP, Aſtyage mentemmugicuseripnit furor.
202 614 499 650 2 ÆNA Qt
202 617 274 632 0
426 619 543 643 1mN2 A.
106 668 672 709 Ghriſtianus miles apori viſum refert e
162 705 555 738 Deo ejus ſuperbiam penitùs do-
279 737 448 766 mari jubente,
106 779 621 812 ATNTAS. SAPOR. ASTT AGBS.
106 817 663 872 Reââ:e5ti.
106 870 522 895 Nutus Tonantis aure famulanti accipe.
61 889 597 919 t10 SAP. Sacrilege miles, Numen alienum ingerms?
121 915 672 940 AM. Mortale n eſt quod loquor, Cœlû imperat.
120 938 672 966 SAP. Terræ propago. AST. Quicquid eſt, audi pa-
120 961 622 984 Spreviſſe nocuit: magna non magni ferunt. (ter:
122 983 672 1023 SAP.Loquere: ſed audi, per ſacrum Mithræ jnbar,
62 1003 473 1030 215 Malè ominatum ſi quid effutls, lues.
92 1029 624 1054 AMYNT. Minare verò ſi qua vox hominem ſonat:
121 1050 527 1077 Divina veſtros verba non capiunt metus;
93 1072 514 1099 Vbi varia in auras verba confilians dedi,
120 1094 503 1121 Et vix tonantes ſalvus effugi minas:
57 1111 512 1146 20 Placae ſummi Numen aggreſſus patris,
588 1140 670 1174 2a
