<PcGts xmlns="http://schema.primaresearch.org/PAGE/gts/pagecontent/2019-07-15" xmlns:xsi="http://www.w3.org/2001/XMLSchema-instance" xsi:schemaLocation="http://schema.primaresearch.org/PAGE/gts/pagecontent/2019-07-15 http://schema.primaresearch.org/PAGE/gts/pagecontent/2019-07-15/pagecontent.xsd"><Metadata><Creator>User123</Creator><Created>2022-01-24T09:06:09</Created><LastChange>2022-01-24T09:06:09</LastChange></Metadata><Page imageFilename="0264.png" imageHeight="1289" imageWidth="669"><TextRegion id="r0" type="paragraph" orientation="0.375"><Coords points="1,1 667,1 667,1287 1,1287"/><TextLine id="r0_l001"><Coords points="1,36 1,37 21,37 21,38 21,51 22,52 25,65 26,64 234,63 234,62 234,58 235,58 261,57 262,56 303,56 304,55 511,54 513,51 512,50 512,37 511,36 474,36 473,35 24,38 23,38 23,37 23,36 1,36"/><TextEquiv index="1"><Unicode>264 LVDOVICI CELLOTII</Unicode></TextEquiv></TextLine><TextLine id="r0_l002"><Coords points="196,85 203,85 203,84 203,83 205,82 271,81 273,79 300,79 301,78 325,78 326,77 487,76 488,74 488,73 486,71 480,71 478,70 478,66 478,65 405,66 404,65 382,65 381,64 381,63 380,62 380,61 379,60 377,60 376,59 338,59 337,58 334,61 299,61 298,62 128,63 127,62 124,62 122,64 106,64 105,65 105,68 107,70 107,71 108,72 108,73 109,74 109,76 110,77 110,78 111,79 111,80 113,81 181,81 181,82 182,83 194,83 196,85"/><TextEquiv index="1"><Unicode>Virtute, genitor, eſt tuâ factus nocens.</Unicode></TextEquiv></TextLine><TextLine id="r0_l003"><Coords points="321,107 322,107 322,101 323,100 344,100 345,99 371,99 371,105 372,106 373,106 373,105 373,99 374,99 400,99 400,105 401,106 402,106 402,105 402,99 403,99 407,99 408,100 420,99 420,100 420,103 422,104 424,104 424,100 425,99 482,99 483,98 482,97 482,84 482,83 479,83 478,84 478,85 477,86 477,87 438,87 437,88 399,89 398,88 378,88 377,87 376,87 375,88 342,88 341,87 341,86 340,85 336,85 335,84 331,84 329,86 329,89 305,89 304,89 304,85 303,83 302,83 301,84 259,84 258,85 258,88 227,89 226,88 226,86 225,85 223,85 222,86 218,86 217,87 214,87 212,88 212,89 212,90 198,90 197,91 136,91 135,90 122,90 120,88 118,88 117,87 113,87 112,88 110,88 106,92 106,95 105,96 105,98 111,103 119,103 120,102 159,102 160,103 168,103 168,104 168,108 169,108 171,108 172,107 172,103 173,102 215,102 216,101 235,101 259,100 260,101 290,101 290,102 290,106 291,106 293,106 293,105 295,103 295,101 296,100 321,100 321,101 321,107"/><TextEquiv index="1"><Unicode>O temperaſſet c halybe Roxanes paterl</Unicode></TextEquiv></TextLine><TextLine id="r0_l004"><Coords points="255,131 256,130 257,130 257,126 257,125 289,125 290,124 308,124 309,123 322,123 323,122 349,122 350,123 352,123 353,122 407,122 408,123 429,122 430,123 431,122 432,122 433,122 433,120 431,118 423,118 422,107 421,105 409,105 407,104 405,106 401,106 400,106 401,109 400,110 391,110 390,111 374,111 374,110 373,106 366,106 365,105 362,105 361,106 352,106 350,107 351,110 350,111 324,111 323,108 323,107 321,107 320,108 321,112 320,112 287,112 287,110 286,109 285,109 284,108 280,108 279,109 278,109 277,111 277,112 276,112 213,113 213,112 212,107 211,107 210,108 197,108 196,109 193,109 192,110 192,112 190,114 145,114 144,113 143,114 120,114 120,112 117,109 107,109 106,111 106,125 107,126 199,126 200,125 251,125 252,125 252,129 252,130 254,130 255,131"/><TextEquiv index="1"><Unicode>Fortuna fidum pectus invidit tibi.</Unicode></TextEquiv></TextLine><TextLine id="r0_l005"><Coords points="269,185 270,185 270,178 270,177 273,177 274,176 309,176 310,175 496,174 497,175 525,175 526,176 529,176 532,173 532,170 530,169 516,169 515,167 515,165 513,163 513,162 512,161 512,160 511,159 511,155 510,154 510,153 509,153 482,153 481,152 476,152 475,153 474,153 474,154 474,156 473,157 473,158 472,159 472,161 471,161 467,161 466,162 465,162 464,163 305,164 305,162 302,159 302,155 301,154 278,154 277,153 144,154 141,151 140,151 139,150 136,150 134,148 132,148 131,150 133,152 134,152 135,153 136,153 137,154 140,154 141,155 180,155 181,155 178,159 178,175 179,175 180,176 181,176 182,177 268,176 269,177 269,185"/><TextEquiv index="1"><Unicode>SCENA EIA.</Unicode></TextEquiv></TextLine><TextLine id="r0_l006"><Coords points="438,164 461,164 462,164 462,163 462,162 466,162 468,161 467,160 467,159 465,157 465,144 464,143 463,143 463,144 463,153 462,153 421,153 420,152 344,153 344,155 345,157 346,157 348,158 348,163 348,164 363,164 364,165 407,165 408,164 408,161 408,160 437,160 438,161 438,164"/><TextEquiv index="1"><Unicode>455</Unicode></TextEquiv></TextLine><TextLine id="r0_l007"><Coords points="524,238 525,238 526,237 652,236 653,235 659,235 659,234 659,225 660,224 660,202 649,202 648,202 648,211 648,212 480,213 479,212 420,212 419,212 419,208 418,206 402,207 401,206 398,206 397,207 311,207 308,210 308,213 162,214 161,214 161,211 160,209 158,209 157,210 117,210 116,211 115,211 113,213 113,228 111,230 112,231 112,232 113,232 252,232 252,236 254,238 255,238 256,238 351,238 352,236 352,231 353,230 353,229 354,229 518,228 518,235 520,237 523,237 524,238"/><TextEquiv index="1"><Unicode>Ptolemæum gratias pro libertate agentem</Unicode></TextEquiv></TextLine><TextLine id="r0_l008"><Coords points="477,276 478,275 652,274 653,273 658,273 659,272 658,259 659,258 659,235 653,235 652,236 650,236 649,237 332,239 331,240 300,240 299,241 226,242 224,243 224,244 223,245 223,246 223,247 204,247 203,248 147,248 146,249 145,249 142,252 142,259 128,259 127,260 128,260 130,260 131,261 141,261 143,263 165,263 166,264 166,270 167,270 168,271 169,271 170,272 476,270 477,271 477,276"/><TextEquiv index="1"><Unicode>negat Sapor ſe liberaſſe, &amp; jacenti ad!</Unicode></TextEquiv></TextLine><TextLine id="r0_l009"><Coords points="137,273 137,306 404,304 404,271 137,273"/><TextEquiv index="1"><Unicode>pedes ſuperbe inſultat.</Unicode></TextEquiv></TextLine><TextLine id="r0_l010"><Coords points="131,314 132,346 588,343 587,311 131,314"/><TextEquiv index="1"><Unicode>EGABIÆVS. SAPOR. PTOLEMÆVS.</Unicode></TextEquiv></TextLine><TextLine id="r0_l011"><Coords points="479,380 480,380 480,378 481,377 481,376 482,375 533,375 533,374 533,372 532,371 526,371 525,370 525,365 524,364 522,364 521,363 515,363 514,362 514,360 515,359 515,358 512,358 511,358 511,362 511,363 504,363 503,364 439,364 438,363 437,363 436,364 410,364 409,364 401,364 400,363 400,361 401,360 401,359 400,358 398,358 396,360 370,360 369,359 361,359 359,360 360,361 361,361 361,363 361,364 290,364 289,364 289,361 289,360 288,360 287,359 283,359 282,360 257,360 256,360 245,360 244,359 242,359 241,360 220,360 218,361 219,362 237,362 236,363 236,364 235,366 192,366 191,365 191,364 190,363 189,363 188,362 147,362 146,363 113,363 112,364 112,372 114,373 124,373 124,374 124,381 125,381 127,381 128,382 130,382 130,379 131,378 222,378 222,379 223,380 224,380 225,378 225,377 226,377 273,376 274,377 291,377 292,376 312,376 313,375 329,375 409,375 410,375 445,375 446,374 479,374 479,375 479,380"/><TextEquiv index="1"><Unicode>Va Rex, ſubactus ora Ptolemæus perit.</Unicode></TextEquiv></TextLine><TextLine id="r0_l012"><Coords points="653,411 657,411 658,410 660,410 660,409 660,391 661,390 661,373 653,373 652,373 652,379 652,380 371,382 370,381 128,382 127,381 125,381 124,382 124,389 78,390 76,392 75,392 72,394 72,395 71,396 71,397 71,398 70,398 68,399 68,400 68,401 62,401 61,401 63,403 74,403 74,407 76,409 78,409 79,408 96,408 98,406 99,406 99,405 99,404 101,403 171,402 172,401 652,398 652,410 653,411"/><TextEquiv index="1"><Unicode>41i5SAP Ptolemæus? unde? ME. Carceris diro</Unicode></TextEquiv></TextLine><TextLine id="r0_l013"><Coords points="201,406 201,429 262,429 262,406 201,406"/><TextEquiv index="1"><Unicode>ſpecu.</Unicode></TextEquiv></TextLine><TextLine id="r0_l014"><Coords points="652,461 660,461 661,460 661,428 660,427 660,425 659,425 653,425 652,424 440,425 439,426 360,427 359,428 262,428 261,429 198,430 197,431 184,431 184,432 183,433 114,433 112,435 111,435 111,436 111,445 110,446 110,448 111,449 113,449 114,450 229,450 230,450 230,451 230,452 233,452 234,451 239,451 604,448 605,449 651,449 652,449 652,460 652,461"/><TextEquiv index="1"><Unicode>SA.Dudâ expetitus ? ME. Squallor, illuvies,ftas,</Unicode></TextEquiv></TextLine><TextLine id="r0_l015"><Coords points="141,477 145,477 146,476 149,476 151,475 151,473 151,472 157,472 158,471 184,471 185,470 223,470 224,469 445,467 446,468 446,473 448,473 449,473 449,470 449,469 495,469 497,467 497,465 495,464 488,464 488,463 488,458 571,457 575,454 574,453 573,453 572,452 562,452 561,452 557,452 556,453 384,454 384,453 384,451 382,450 381,451 264,451 263,452 222,453 221,454 154,454 152,456 112,456 111,458 111,462 110,462 103,463 103,468 102,469 96,469 96,470 111,469 112,470 112,472 139,472 140,473 140,476 141,477"/><TextEquiv index="1"><Unicode>Negleca triſte fecerat monſtrum coma,</Unicode></TextEquiv></TextLine><TextLine id="r0_l016"><Coords points="236,499 237,500 238,499 248,499 250,497 441,495 442,496 443,495 524,495 526,493 574,492 575,491 576,491 577,490 577,482 574,479 573,479 572,478 546,479 546,478 546,475 544,474 464,474 463,473 403,474 403,473 403,472 401,471 400,472 352,472 350,474 259,474 258,475 205,476 205,477 204,478 120,478 119,479 118,479 117,480 116,480 115,481 114,481 113,482 98,483 98,484 98,485 112,484 113,485 113,488 112,488 86,489 86,490 112,489 113,490 113,494 115,495 118,495 120,497 236,497 236,499"/><TextEquiv index="1"><Unicode>SAP. Et hoc placebat: ſquallor, illuvies, ſitus</Unicode></TextEquiv></TextLine><TextLine id="r0_l017"><Coords points="171,524 184,524 184,523 184,517 185,517 212,517 213,516 227,516 228,515 317,514 318,515 320,513 382,513 382,519 383,520 386,520 386,519 386,513 387,513 416,512 417,513 418,513 419,512 446,512 447,513 483,513 484,514 550,514 551,515 552,514 559,514 561,511 561,504 560,503 517,503 516,502 516,497 513,497 511,498 511,502 511,503 478,503 477,502 458,502 457,502 457,498 456,496 441,496 440,497 440,501 410,501 409,501 396,501 395,502 364,502 363,501 341,501 340,500 340,496 337,496 336,496 336,498 336,499 332,499 331,500 331,502 296,502 295,502 295,501 294,500 294,499 294,498 293,498 292,497 291,497 289,499 265,499 264,499 264,498 264,497 263,497 262,498 238,499 236,500 236,503 236,504 197,504 196,503 196,499 194,499 192,500 192,505 192,506 156,506 155,505 154,506 126,506 125,506 125,504 124,502 120,502 118,504 116,504 115,505 115,516 116,517 116,518 118,519 122,519 123,518 168,518 168,519 168,522 171,524"/><TextEquiv index="1"><Unicode>Sunt pulcra in hoſte: da meum videam decus</Unicode></TextEquiv></TextLine><TextLine id="r0_l018"><Coords points="147,547 155,547 155,545 156,544 156,541 157,540 214,540 215,539 301,538 302,537 314,537 315,536 349,536 349,537 350,538 356,538 356,540 357,541 358,541 359,542 361,542 362,541 363,541 364,540 365,540 365,539 366,538 366,536 367,536 392,536 392,539 395,542 402,542 403,543 406,543 406,542 406,536 407,536 441,535 442,536 480,536 481,537 543,537 544,538 581,537 582,536 582,522 581,520 553,521 552,520 522,520 521,520 521,525 521,526 493,526 491,524 491,522 490,521 488,521 487,520 475,520 474,521 474,525 448,525 447,524 437,524 436,523 435,524 410,524 409,524 386,524 385,523 385,520 383,520 382,520 382,523 382,524 342,524 341,523 341,521 331,521 330,520 329,520 328,521 296,521 295,522 257,523 256,522 248,522 247,523 226,523 224,524 224,527 224,528 186,528 185,527 185,524 171,524 170,525 170,528 162,528 161,529 133,529 132,529 132,526 132,525 80,526 78,528 77,528 75,529 75,530 72,533 72,537 74,539 77,539 77,543 78,544 80,544 81,543 82,543 83,541 83,539 84,539 115,538 115,539 115,540 116,540 128,540 129,541 145,541 145,542 145,546 147,547"/><TextEquiv index="1"><Unicode>420 Megabite. MEGAB. Magni genua victoris ſubi</Unicode></TextEquiv></TextLine><TextLine id="r0_l019"><Coords points="653,574 657,574 659,572 660,572 661,571 660,565 661,564 661,544 660,543 660,538 659,538 657,536 655,536 654,536 654,538 653,539 653,540 653,541 403,543 402,544 232,545 231,545 231,546 231,547 116,547 115,548 115,550 116,551 116,564 117,564 153,564 153,565 153,567 154,567 239,567 240,568 241,568 242,567 518,565 519,566 521,566 522,567 569,566 570,567 652,567 653,567 653,573 653,574"/><TextEquiv index="1"><Unicode>Ptoleme. PToL. Regna, vive Rex Reg Sapor.!</Unicode></TextEquiv></TextLine><TextLine id="r0_l020"><Coords points="582,589 583,590 584,589 585,589 586,589 586,586 587,585 587,583 588,582 588,578 587,577 557,578 557,577 558,577 560,575 560,573 559,572 559,571 557,570 556,570 555,569 438,569 438,567 436,565 379,566 378,565 256,566 255,567 247,567 246,568 197,568 196,569 112,569 112,570 114,572 114,584 116,586 164,586 165,587 330,586 332,588 334,588 335,588 335,590 335,591 582,589"/><TextEquiv index="1"><Unicode>SAP. T ne ille victæ gentis attritum caput?</Unicode></TextEquiv></TextLine><TextLine id="r0_l021"><Coords points="161,616 162,616 162,610 162,609 191,609 192,608 192,607 217,607 218,608 219,607 245,607 246,607 246,610 247,612 254,612 255,611 256,611 256,613 256,614 277,613 278,613 278,607 278,606 298,606 299,607 300,607 301,606 337,606 338,606 338,611 338,612 339,611 339,606 344,606 345,605 389,605 390,605 390,606 390,607 391,606 486,605 487,605 487,610 487,611 490,611 491,610 491,606 504,606 521,606 522,607 527,607 528,607 528,609 529,611 530,611 531,610 532,610 534,608 534,607 535,606 535,605 534,604 534,603 533,603 532,603 531,602 525,602 525,601 525,596 522,594 513,594 513,593 513,590 512,590 502,590 502,594 501,595 478,595 477,594 450,594 449,593 443,593 442,594 412,594 412,589 411,588 410,588 409,588 407,588 406,589 405,589 404,590 404,592 402,594 374,594 374,593 374,588 373,588 363,588 362,589 356,589 356,593 355,594 330,594 330,590 329,589 322,589 321,588 320,589 296,589 296,590 296,594 295,594 280,594 279,595 254,596 253,595 244,595 244,594 244,593 241,591 233,591 232,592 199,592 198,593 115,593 114,595 115,596 116,596 117,597 117,607 115,609 115,610 120,610 121,609 127,609 151,609 152,610 156,610 157,609 160,609 161,610 161,616"/><TextEquiv index="1"><Unicode>PTOLEM. Ego rebellis ille. fortunæ pila,</Unicode></TextEquiv></TextLine><TextLine id="r0_l022"><Coords points="200,638 202,638 203,637 203,631 225,631 226,630 265,629 266,630 282,630 283,631 283,634 295,634 297,636 300,636 301,635 303,635 305,634 305,630 305,629 368,629 369,628 411,627 412,628 432,628 433,629 450,629 451,630 451,632 452,633 455,633 456,632 460,632 462,631 462,629 462,628 492,628 493,629 495,629 496,628 496,622 497,621 497,618 496,618 482,618 481,617 443,617 443,613 442,612 438,612 436,614 435,614 435,615 435,616 434,616 410,616 409,616 398,616 397,614 397,613 396,613 395,612 394,612 393,611 392,612 391,612 389,614 389,616 388,617 365,617 364,618 363,618 363,617 363,612 362,612 336,612 335,613 311,613 310,612 308,612 308,613 308,618 307,618 278,618 278,614 277,613 251,614 250,613 248,613 247,614 247,618 246,619 219,619 219,618 219,615 217,614 214,614 213,615 210,615 209,616 207,616 206,617 206,618 205,619 205,620 204,621 164,621 164,617 163,616 156,616 155,615 153,615 153,616 153,621 152,621 125,621 125,619 123,617 122,617 121,616 119,616 118,617 116,617 116,618 116,619 115,620 115,628 114,629 115,630 115,631 116,631 117,632 127,632 128,633 128,637 129,637 130,638 132,637 132,633 132,632 193,632 194,631 199,631 200,631 200,637 200,638"/><TextEquiv index="1"><Unicode>Spoliom Gradivi, gloriæ veſtræ ſeges:</Unicode></TextEquiv></TextLine><TextLine id="r0_l023"><Coords points="193,662 199,662 199,661 199,655 200,655 207,655 207,659 208,660 209,660 210,661 213,661 214,660 215,660 216,658 216,657 217,656 217,654 218,654 291,653 292,652 329,652 330,654 330,658 331,658 333,658 333,653 334,652 365,652 365,656 366,657 369,657 369,656 369,651 370,651 381,651 381,657 382,658 382,657 382,651 383,651 415,650 416,651 490,651 491,652 512,652 512,654 513,655 516,655 518,652 518,649 516,647 511,647 510,646 510,643 509,643 508,643 506,641 505,641 504,640 472,640 471,639 455,639 455,635 454,634 451,634 451,635 451,639 450,639 442,639 441,640 406,641 404,639 400,639 400,638 400,635 398,634 396,634 395,635 394,635 392,637 392,639 391,640 344,640 344,639 344,636 342,635 341,635 341,639 340,640 307,640 306,641 271,641 271,637 269,635 266,635 266,636 266,637 265,638 265,640 264,640 249,641 248,642 233,642 232,643 204,643 204,642 204,638 203,638 199,638 199,642 198,643 176,643 176,644 131,644 130,644 130,641 128,639 106,639 105,638 103,639 102,638 84,638 84,637 84,634 83,634 81,634 79,636 78,636 78,637 76,639 76,640 75,641 75,643 74,644 75,645 75,646 76,647 78,647 78,649 79,650 79,651 80,652 96,652 96,653 98,655 118,654 120,656 124,656 125,655 150,655 151,656 180,656 181,655 192,655 192,661 193,662"/><TextEquiv index="1"><Unicode>Tuna ut vigeret dextera impoſitus throno,</Unicode></TextEquiv></TextLine><TextLine id="r0_l024"><Coords points="256,683 257,683 257,682 257,677 258,676 303,676 304,675 400,675 401,674 430,673 430,674 430,677 431,677 436,677 436,675 437,674 484,674 485,675 486,675 487,673 487,672 486,671 480,671 479,671 479,667 478,665 477,665 476,664 465,664 464,663 458,663 457,662 425,662 424,662 424,658 424,657 421,657 420,658 420,662 386,663 385,662 385,659 384,658 379,658 378,659 358,659 356,660 356,663 356,664 328,664 327,664 327,660 327,659 326,660 326,664 290,664 289,663 287,663 286,664 247,665 246,664 244,666 200,666 199,665 199,662 197,662 196,662 196,666 196,667 152,667 151,666 138,666 137,666 137,663 137,662 135,662 134,663 117,663 116,664 115,664 114,665 114,667 115,667 116,667 117,669 117,672 118,673 118,675 119,676 119,677 122,679 123,678 161,678 162,679 173,679 174,678 202,678 202,681 203,682 205,682 205,681 205,680 206,680 212,680 212,679 212,677 213,677 255,677 255,682 256,683"/><TextEquiv index="1"><Unicode>Virrus vigeret ut tua excluſus throno.</Unicode></TextEquiv></TextLine><TextLine id="r0_l025"><Coords points="652,708 653,709 655,707 656,707 659,703 659,680 660,679 660,678 659,677 659,676 657,674 656,674 654,672 653,672 652,672 652,673 650,675 650,677 650,678 468,679 467,680 203,682 202,682 202,683 202,684 122,684 121,685 120,685 119,686 118,686 116,688 116,690 115,691 115,694 93,695 91,696 91,697 92,698 93,698 94,699 114,698 114,699 114,700 116,701 117,701 118,702 296,701 296,702 296,704 297,704 298,704 299,705 339,705 339,704 339,700 340,700 594,698 595,699 651,699 651,703 652,704 652,708"/><TextEquiv index="1"><Unicode>SAPOR.Vbi ille quondam vocis effrenæ tumor?!</Unicode></TextEquiv></TextLine><TextLine id="r0_l026"><Coords points="96,730 421,727 423,726 423,725 423,724 590,723 591,722 592,722 593,722 592,719 593,718 593,717 586,717 585,717 585,711 585,710 570,710 569,710 569,705 569,704 517,705 516,704 444,704 443,703 325,704 324,703 323,704 322,704 321,705 228,706 227,707 217,707 216,708 115,708 114,709 114,720 63,721 63,722 95,722 96,722 96,729 96,730"/><TextEquiv index="1"><Unicode>PTOL. Miſer eſſe neſcit poſſe, qui non eſt miſes.</Unicode></TextEquiv></TextLine><TextLine id="r0_l027"><Coords points="227,753 230,753 231,752 353,751 354,750 427,749 428,749 428,748 428,747 458,747 461,745 461,742 459,740 454,740 454,734 453,733 449,733 449,732 448,731 442,731 442,728 441,727 383,728 381,726 377,726 376,727 95,729 95,730 114,729 115,730 115,733 116,734 116,746 117,747 120,747 121,748 226,748 227,748 227,752 227,753"/><TextEquiv index="1"><Unicode>Fortuna non ſi Regibus ſe ſe eripit,</Unicode></TextEquiv></TextLine><TextLine id="r0_l028"><Coords points="252,776 254,776 255,775 255,774 266,773 268,772 268,771 269,769 280,769 281,768 331,768 332,769 332,771 352,771 353,772 355,772 356,771 356,767 457,766 458,767 459,766 496,766 497,766 497,771 498,773 501,773 503,771 503,767 530,767 531,768 534,768 536,766 536,765 533,763 527,763 527,762 527,756 525,755 522,755 522,754 522,753 521,753 516,753 516,752 516,749 515,749 510,749 510,748 510,744 508,743 508,748 507,749 491,749 491,753 490,754 471,754 470,755 443,755 442,756 412,756 411,755 410,756 410,755 410,749 409,749 405,749 402,752 402,754 401,755 355,755 355,754 355,750 354,750 353,751 348,751 347,752 347,753 346,754 346,755 345,756 310,756 310,752 309,751 307,751 307,752 307,756 306,756 291,756 290,757 239,758 238,757 231,757 231,756 231,753 230,753 227,753 227,756 226,757 223,757 222,758 199,758 199,757 199,754 197,753 197,757 196,758 178,758 177,759 147,759 147,754 146,753 144,753 144,754 144,755 143,755 107,755 106,754 106,753 103,751 81,751 80,752 78,752 74,756 74,757 73,758 73,759 72,760 71,760 70,761 70,762 71,762 72,763 73,763 73,764 73,765 76,765 77,765 77,768 78,770 79,769 82,769 83,768 91,768 93,766 93,765 95,763 116,762 117,763 117,769 119,771 124,771 125,770 172,770 173,769 223,769 224,769 224,775 224,776 226,776 227,775 227,769 251,769 252,769 252,775 252,776"/><TextEquiv index="1"><Unicode>4P ui memoriam, verba, ſpem ſecum eripit.</Unicode></TextEquiv></TextLine><TextLine id="r0_l029"><Coords points="184,799 185,799 185,798 185,793 200,793 201,793 201,796 203,798 205,798 205,797 205,796 222,796 223,795 223,792 259,791 260,792 262,792 263,791 291,791 292,792 296,792 297,791 329,791 330,790 348,790 349,789 354,789 355,789 355,796 356,797 365,797 365,796 365,789 383,789 384,790 390,790 391,789 413,788 414,789 428,789 429,790 484,790 485,791 485,793 486,794 487,794 488,793 489,793 490,792 490,791 491,790 491,788 492,787 489,785 482,785 482,780 480,778 437,778 437,775 436,774 435,774 434,773 400,774 399,773 389,773 388,772 369,772 368,773 345,773 345,778 344,779 313,779 313,776 311,774 310,774 309,776 309,779 308,779 305,779 304,780 256,781 256,780 256,776 255,776 252,776 252,779 251,780 227,780 227,779 227,776 226,776 223,776 223,779 222,780 218,780 217,781 201,781 200,782 173,782 172,781 163,781 163,778 162,777 148,777 147,776 144,776 143,777 120,777 119,778 118,778 117,780 117,788 115,790 116,791 116,792 117,793 119,793 120,794 121,794 122,793 155,793 156,794 156,797 158,798 160,798 161,797 161,796 162,795 162,794 162,793 182,793 183,793 183,798 184,799"/><TextEquiv index="1"><Unicode>Sed jam prioris verba dedidici ſtatus,</Unicode></TextEquiv></TextLine><TextLine id="r0_l030"><Coords points="323,819 403,819 403,818 403,816 404,815 404,814 405,814 428,813 429,812 429,806 430,805 430,803 430,802 414,802 413,801 412,801 411,800 379,801 378,800 378,797 234,798 233,799 184,799 183,800 116,800 114,802 114,803 92,804 91,804 92,805 117,804 117,805 117,816 118,816 322,815 322,816 322,819 323,819"/><TextEquiv index="1"><Unicode>Potentiore doctus imperii jugo:</Unicode></TextEquiv></TextLine><TextLine id="r0_l031"><Coords points="339,843 340,843 340,842 340,836 341,836 464,835 464,836 464,839 466,840 467,840 467,836 468,835 491,835 492,836 506,836 506,835 506,833 505,832 500,832 499,831 499,824 452,824 451,824 451,821 450,819 446,819 445,820 444,820 443,821 442,821 441,822 441,823 412,823 411,823 411,819 411,818 401,819 400,819 400,823 400,824 370,824 368,822 368,819 365,819 364,819 364,824 364,825 310,825 309,825 309,823 308,821 305,821 304,822 299,822 295,826 262,826 261,826 261,822 261,821 255,822 253,820 251,820 250,821 239,821 238,821 238,825 238,826 214,826 213,825 213,822 212,821 211,821 210,822 203,822 202,823 201,823 199,824 199,826 199,827 156,827 155,827 155,823 155,822 153,822 152,823 115,823 114,824 114,825 115,826 115,836 113,838 115,839 119,839 120,838 151,838 151,839 151,842 152,842 155,842 156,841 156,840 157,839 175,839 176,838 206,838 207,837 258,836 259,837 270,837 270,838 270,843 271,843 273,843 273,839 274,838 297,838 298,837 328,837 328,838 328,841 329,841 331,841 331,837 332,836 338,836 338,842 339,843"/><TextEquiv index="1"><Unicode>Meq́ue eſſe vidi poſſe quod vellet Sapor.</Unicode></TextEquiv></TextLine><TextLine id="r0_l032"><Coords points="649,878 655,878 656,877 655,870 656,869 656,842 655,841 652,841 651,841 651,845 651,846 484,847 483,847 483,843 482,841 400,842 399,841 397,841 396,842 204,843 203,844 146,844 145,845 117,845 116,846 108,846 107,847 107,848 108,848 115,848 115,849 115,850 117,851 119,851 119,852 119,861 120,861 216,861 216,865 217,866 231,866 232,867 353,866 354,865 384,865 384,864 384,861 385,861 597,859 597,860 597,861 599,863 599,864 601,865 648,865 649,877 649,878"/><TextEquiv index="1"><Unicode>Tollis? ſuperbum verticem Cœlo inſeram: !</Unicode></TextEquiv></TextLine><TextLine id="r0_l033"><Coords points="257,890 259,889 260,888 265,888 266,888 266,884 266,883 315,883 316,884 316,888 320,888 321,888 321,884 321,883 337,883 338,882 363,882 364,881 415,880 416,881 418,881 419,880 464,880 465,881 472,881 473,882 473,886 474,887 492,887 495,884 495,882 513,882 515,880 515,879 513,878 506,878 505,876 505,872 503,871 475,871 474,870 469,870 468,870 468,869 467,868 467,866 466,864 463,864 462,865 437,865 436,866 436,870 403,871 402,870 400,870 399,869 387,869 386,868 386,867 384,865 383,865 382,865 382,869 382,870 354,870 353,869 353,866 351,866 350,866 350,869 350,870 341,870 340,871 319,871 318,872 287,872 286,871 285,872 255,873 254,872 254,867 232,867 231,868 197,868 196,867 167,867 166,868 166,872 132,872 130,870 129,870 128,869 110,869 109,869 109,866 107,863 83,864 81,866 80,866 77,868 77,869 75,871 75,872 74,873 75,875 75,876 79,876 80,876 80,881 80,882 82,882 83,881 93,881 94,880 94,879 117,878 118,879 118,884 143,884 144,885 144,889 145,890 147,890 148,890 148,884 148,883 175,883 213,883 214,884 215,883 256,883 257,883 257,889 257,890"/><TextEquiv index="1"><Unicode>4â5 Deprimis? iniquam patiar è terris ſtyga.</Unicode></TextEquiv></TextLine><TextLine id="r0_l034"><Coords points="568,912 570,912 571,912 571,910 570,909 346,911 346,910 346,907 523,906 524,905 524,904 525,903 525,898 526,898 527,897 527,896 528,895 528,892 527,892 526,892 524,890 523,890 522,889 421,889 420,888 301,889 300,888 298,888 297,889 172,890 171,891 119,891 118,892 117,892 117,893 117,907 118,908 151,908 152,909 152,912 328,911 329,912 567,910 568,911 568,912"/><TextEquiv index="1"><Unicode>Et quis tyrannim ſceptra non timeat tua?</Unicode></TextEquiv></TextLine><TextLine id="r0_l035"><Coords points="233,936 235,936 236,935 236,929 271,928 272,929 299,929 300,928 364,928 365,928 365,930 365,931 366,931 369,928 369,927 394,927 395,928 426,927 427,928 428,928 429,927 470,927 471,928 472,927 481,927 484,925 484,924 483,923 483,918 481,916 469,916 468,915 444,915 444,912 442,910 402,911 401,910 400,910 399,911 394,911 393,912 392,912 391,913 390,913 390,915 389,916 380,916 379,917 354,917 353,916 347,916 347,915 347,912 346,912 340,912 339,911 336,911 335,912 329,912 329,913 329,916 328,916 310,916 309,917 296,917 295,918 270,918 269,917 256,918 255,917 225,917 224,918 152,918 151,917 129,917 128,916 127,916 126,915 115,915 115,916 115,918 116,918 117,919 117,931 122,931 123,930 141,930 142,929 171,929 172,930 177,930 178,931 178,935 182,935 183,934 183,932 187,932 188,931 188,929 225,929 226,929 226,933 226,934 227,934 228,933 228,932 229,931 229,929 232,929 233,929 233,935 233,936"/><TextEquiv index="1"><Unicode>Das regna qnæ non tollis; effusè beas</Unicode></TextEquiv></TextLine><TextLine id="r0_l036"><Coords points="586,959 590,959 590,930 591,929 591,926 590,925 586,925 586,926 586,931 585,931 244,934 242,936 194,936 193,937 123,937 122,938 120,938 119,939 118,939 117,941 117,942 116,943 116,948 117,949 117,951 118,951 119,951 122,954 125,954 126,955 128,955 129,956 132,956 133,957 135,957 136,958 138,958 139,959 586,956 586,957 585,958 585,959 586,959"/><TextEquiv index="1"><Unicode>Quos eſſe miſeros non jubes. Potui bounm</Unicode></TextEquiv></TextLine><TextLine id="r0_l037"><Coords points="444,979 466,979 466,974 467,973 518,973 521,976 524,976 524,975 524,974 525,973 525,972 523,970 516,970 515,969 515,963 513,961 492,961 491,960 490,961 465,961 464,962 431,962 430,962 430,957 430,956 414,956 413,955 410,956 408,957 408,959 407,961 389,961 388,962 366,962 365,963 322,963 321,964 297,964 296,963 293,963 292,963 292,959 292,958 291,958 290,957 287,957 283,961 283,963 259,963 258,963 236,963 235,962 210,962 209,961 209,959 196,959 195,958 194,959 193,959 192,959 192,963 192,964 133,964 129,960 123,960 122,961 121,961 117,965 117,971 118,972 118,973 119,974 119,975 120,975 121,975 122,976 136,976 136,977 136,980 137,980 139,980 139,976 140,975 182,975 183,974 258,974 259,974 271,974 271,975 271,977 272,977 274,975 298,975 299,974 353,974 353,978 354,979 355,979 356,977 356,974 357,974 368,974 369,973 417,972 418,973 443,973 443,974 443,979 444,979"/><TextEquiv index="1"><Unicode>Optare Martem, facere quem ſolus potes,</Unicode></TextEquiv></TextLine><TextLine id="r0_l038"><Coords points="333,1003 334,1003 334,998 335,997 339,997 340,996 389,996 390,995 410,995 410,997 412,998 412,996 413,995 452,995 453,996 455,996 456,995 461,995 462,994 462,993 462,992 461,992 460,991 458,991 457,991 457,986 456,984 454,984 453,983 448,983 447,983 447,980 447,979 444,979 443,980 443,984 422,984 421,984 421,980 420,978 417,978 416,979 415,979 413,981 413,982 412,983 366,984 365,985 323,985 322,985 322,981 322,980 319,980 318,981 318,986 286,986 285,986 285,983 284,982 284,981 284,980 267,980 266,981 266,984 237,985 236,986 214,986 213,985 212,985 211,986 181,986 180,986 180,982 179,980 177,980 176,981 165,981 164,982 164,983 163,984 163,987 138,987 137,987 137,982 137,981 136,981 135,982 107,982 106,981 80,982 74,988 73,988 72,988 72,989 71,990 71,993 72,994 76,994 76,999 78,1001 79,1001 80,1000 94,1000 94,999 94,998 95,997 95,994 96,994 120,993 121,995 121,997 123,998 124,998 125,997 143,997 154,997 155,998 158,998 159,997 180,997 181,998 182,997 206,997 207,998 208,997 227,997 228,996 258,996 259,996 275,996 276,997 307,997 308,996 332,996 332,997 332,1003 333,1003"/><TextEquiv index="1"><Unicode>440 Vinci beatum victor humanus facit.</Unicode></TextEquiv></TextLine><TextLine id="r0_l039"><Coords points="334,1026 335,1026 336,1025 335,1020 336,1020 341,1020 342,1019 364,1019 364,1024 365,1025 367,1025 367,1024 367,1018 368,1018 397,1018 398,1019 519,1018 520,1019 538,1019 538,1022 539,1023 543,1023 545,1020 545,1019 546,1018 545,1017 545,1014 544,1013 538,1013 537,1012 537,1008 536,1007 534,1007 533,1006 503,1006 502,1005 502,1001 501,1000 496,1000 495,1001 467,1001 466,1002 466,1006 434,1006 433,1006 433,1002 433,1001 412,1001 411,1001 408,1001 407,1001 407,1002 407,1003 406,1003 405,1003 405,1005 405,1006 382,1006 381,1007 335,1007 334,1007 334,1004 334,1003 327,1003 326,1002 325,1003 299,1003 298,1004 298,1008 262,1008 261,1008 261,1004 260,1002 233,1003 232,1002 230,1002 229,1002 229,1003 229,1004 187,1004 186,1005 151,1005 150,1004 124,1004 123,1005 120,1005 117,1008 117,1016 116,1017 116,1019 118,1020 119,1020 120,1021 125,1021 126,1020 130,1020 167,1020 168,1021 202,1021 203,1020 297,1019 298,1020 333,1020 333,1021 334,1026"/><TextEquiv index="1"><Unicode>SAPOR. Fict ne ludit vox adulatrix ſono,</Unicode></TextEquiv></TextLine><TextLine id="r0_l040"><Coords points="299,1048 301,1048 302,1048 302,1042 302,1041 317,1041 318,1042 321,1042 322,1041 424,1040 425,1041 425,1045 426,1046 430,1046 431,1046 431,1045 431,1044 434,1044 435,1044 435,1041 435,1040 446,1040 448,1039 448,1037 449,1036 449,1035 448,1034 448,1033 445,1030 432,1030 431,1029 394,1030 394,1029 393,1024 391,1024 389,1025 390,1026 389,1027 368,1027 368,1026 367,1025 363,1025 361,1027 361,1029 360,1030 350,1030 349,1031 337,1031 337,1030 337,1026 336,1026 328,1026 327,1025 325,1025 324,1027 324,1028 323,1028 302,1028 302,1029 302,1030 301,1030 284,1030 284,1026 283,1025 280,1025 279,1026 268,1026 266,1029 266,1030 265,1030 232,1031 232,1030 232,1027 230,1026 209,1026 208,1025 207,1026 204,1026 204,1027 201,1030 180,1030 179,1031 136,1031 135,1030 127,1030 127,1028 126,1027 122,1027 122,1028 122,1029 121,1030 121,1031 120,1032 120,1034 119,1035 119,1037 118,1038 118,1039 117,1039 115,1039 114,1041 114,1042 126,1042 127,1043 128,1042 155,1042 156,1043 157,1042 235,1042 236,1042 236,1048 236,1049 239,1049 240,1048 247,1048 248,1047 249,1047 250,1046 251,1045 251,1044 252,1043 259,1042 260,1041 298,1041 299,1042 299,1048"/><TextEquiv index="1"><Unicode>An vera fari geſtit? alienâ abnego</Unicode></TextEquiv></TextLine><TextLine id="r0_l041"><Coords points="378,1070 380,1070 381,1069 381,1063 398,1063 399,1063 399,1067 399,1068 421,1067 422,1068 423,1068 424,1068 424,1064 424,1063 482,1063 483,1064 515,1064 516,1063 516,1061 515,1060 515,1046 514,1046 513,1046 512,1045 511,1046 483,1046 483,1047 483,1052 482,1052 459,1052 459,1049 457,1047 455,1047 455,1048 455,1052 454,1052 403,1053 402,1052 387,1052 387,1051 387,1050 386,1049 386,1048 384,1047 343,1047 342,1048 341,1048 341,1052 340,1053 303,1053 303,1049 302,1048 299,1048 298,1050 298,1053 297,1053 252,1054 251,1053 240,1053 240,1052 240,1049 239,1049 236,1049 236,1052 235,1053 205,1053 205,1052 205,1048 204,1048 202,1048 201,1047 200,1048 165,1048 165,1049 165,1053 164,1053 141,1053 140,1052 131,1052 131,1049 130,1048 126,1048 125,1047 123,1047 122,1048 119,1048 116,1052 116,1053 115,1054 115,1060 118,1063 120,1063 121,1064 224,1064 225,1065 227,1065 228,1064 260,1063 261,1064 277,1064 278,1065 278,1069 281,1069 283,1068 283,1066 283,1065 294,1065 295,1064 320,1064 321,1065 321,1070 322,1070 324,1069 324,1067 324,1066 327,1066 328,1066 328,1065 328,1064 353,1064 354,1065 355,1065 357,1063 377,1063 378,1063 378,1069 378,1070"/><TextEquiv index="1"><Unicode>Creviſe laude: quicquid eſt peperi mihi</Unicode></TextEquiv></TextLine><TextLine id="r0_l042"><Coords points="462,1092 464,1092 465,1092 465,1087 465,1086 506,1086 507,1085 507,1083 506,1082 506,1077 503,1075 468,1075 467,1074 435,1074 435,1071 434,1070 433,1070 432,1069 394,1070 393,1069 389,1069 388,1070 378,1070 378,1074 377,1075 319,1075 318,1076 292,1076 292,1071 291,1070 287,1070 287,1071 287,1075 286,1075 258,1076 257,1075 248,1075 248,1074 248,1071 247,1071 215,1071 214,1070 213,1071 211,1071 210,1072 209,1072 207,1074 182,1074 181,1075 160,1075 160,1071 159,1070 158,1070 157,1071 132,1071 131,1070 128,1070 127,1069 126,1069 125,1070 120,1070 118,1072 105,1073 106,1074 106,1079 107,1080 114,1080 116,1082 116,1083 120,1087 153,1087 154,1086 168,1086 169,1087 169,1092 170,1092 170,1087 170,1086 210,1086 211,1087 238,1087 239,1086 270,1085 271,1086 287,1086 288,1087 307,1087 308,1086 341,1086 342,1087 344,1087 345,1087 345,1089 345,1090 346,1090 347,1089 347,1087 358,1087 359,1087 359,1088 359,1089 360,1088 360,1086 437,1085 438,1086 461,1086 462,1087 462,1092"/><TextEquiv index="1"><Unicode>Ceſante Cœlo: decora quid vitias mea</Unicode></TextEquiv></TextLine><TextLine id="r0_l043"><Coords points="642,1123 660,1123 660,1122 660,1117 661,1116 661,1110 662,1109 662,1103 661,1102 661,1098 660,1097 660,1083 659,1083 641,1083 640,1085 640,1086 639,1087 639,1089 638,1090 638,1093 637,1094 637,1095 636,1095 635,1095 634,1096 608,1096 607,1095 606,1095 605,1094 602,1094 602,1091 601,1090 599,1090 598,1091 597,1091 596,1092 564,1092 563,1092 557,1092 556,1093 556,1095 555,1096 548,1096 547,1097 495,1097 494,1095 494,1093 493,1093 492,1093 491,1092 461,1092 461,1093 461,1097 460,1097 413,1097 412,1096 412,1095 410,1094 408,1094 407,1093 348,1093 348,1092 348,1090 347,1090 345,1090 345,1092 344,1093 284,1093 283,1092 247,1093 245,1091 243,1091 242,1092 219,1092 217,1094 217,1096 216,1097 184,1097 184,1096 184,1092 183,1092 182,1092 181,1091 179,1091 178,1092 167,1092 167,1093 167,1097 166,1097 137,1097 136,1096 131,1096 131,1094 130,1093 126,1093 125,1092 108,1092 108,1091 106,1089 90,1090 90,1089 90,1086 89,1086 88,1086 87,1085 86,1085 86,1086 85,1087 85,1089 84,1090 80,1090 79,1091 78,1091 78,1092 75,1095 74,1095 72,1097 72,1102 72,1103 75,1103 76,1103 76,1107 78,1109 81,1109 82,1108 97,1108 97,1112 98,1113 98,1112 98,1108 99,1108 118,1107 118,1108 118,1109 119,1109 125,1109 126,1108 203,1108 203,1110 204,1111 205,1111 205,1110 205,1109 206,1109 222,1109 223,1108 232,1108 233,1107 257,1107 258,1108 259,1108 260,1108 284,1108 285,1109 307,1109 308,1108 337,1108 338,1109 390,1109 391,1108 418,1107 419,1108 424,1108 424,1109 424,1114 425,1114 426,1114 426,1109 427,1108 487,1108 488,1109 512,1109 512,1113 514,1115 515,1114 517,1114 517,1113 517,1109 518,1109 570,1108 572,1110 594,1110 595,1109 609,1109 610,1108 634,1108 634,1109 634,1111 637,1114 637,1117 638,1117 639,1117 640,1119 640,1120 641,1120 641,1122 642,1123"/><TextEquiv index="1"><Unicode>s Et miſer, &amp; honi ProL. Decoris &amp; part fcit</Unicode></TextEquiv></TextLine><TextLine id="r0_l044"><Coords points="114,1114 116,1141 117,1140 511,1138 511,1137 511,1132 512,1132 557,1132 557,1131 557,1128 556,1127 550,1127 549,1126 549,1122 548,1121 525,1121 524,1120 524,1119 442,1119 441,1119 441,1116 440,1114 328,1115 327,1114 237,1115 235,1113 117,1113 116,1112 98,1113 97,1113 98,1114 114,1113 114,1114"/><TextEquiv index="1"><Unicode>Ptolemæus hoſtis, eſſe quem miſerum vetas.</Unicode></TextEquiv></TextLine><TextLine id="r0_l045"><Coords points="276,1160 281,1160 282,1159 282,1157 283,1156 353,1156 354,1157 357,1157 359,1155 419,1154 420,1155 428,1155 429,1156 430,1156 431,1155 447,1155 460,1155 461,1156 464,1156 465,1155 499,1155 500,1156 501,1156 502,1155 520,1155 520,1154 520,1153 521,1152 521,1151 522,1150 521,1149 521,1143 520,1142 512,1142 511,1141 511,1138 486,1138 484,1136 478,1136 476,1138 476,1139 475,1140 475,1142 423,1142 422,1141 399,1142 398,1141 398,1136 397,1135 396,1135 395,1136 394,1136 392,1138 391,1138 390,1138 390,1139 390,1140 365,1140 363,1142 332,1142 331,1142 331,1138 330,1136 329,1136 328,1137 300,1137 299,1138 299,1141 255,1142 254,1141 248,1141 247,1140 238,1140 237,1139 237,1137 220,1137 219,1136 185,1136 184,1135 183,1135 182,1136 121,1136 120,1137 119,1137 118,1138 118,1139 116,1141 116,1143 115,1144 115,1148 114,1149 114,1150 116,1152 116,1153 117,1153 120,1153 121,1154 129,1154 129,1155 129,1158 130,1158 131,1158 131,1155 132,1154 178,1154 179,1155 197,1155 198,1156 201,1156 201,1155 201,1154 202,1154 259,1153 260,1154 274,1154 274,1155 274,1159 276,1160"/><TextEquiv index="1"><Unicode>APO. Etiam priorl vota fortunæ facis</Unicode></TextEquiv></TextLine><TextLine id="r0_l046"><Coords points="530,1153 530,1191 662,1190 662,1152 530,1153"/><TextEquiv index="1"><Unicode>cu</Unicode></TextEquiv></TextLine></TextRegion></Page></PcGts>