667 1289
1 49 519 100 3276 LVDOVICI CELLOTII
116 63 657 113 Angeli formâ & habitu videndum ſe!
66 106 658 145 præbet, & increpitâ homuli arrogan-!
114 135 657 176 tiâ, revocatis Satrapis bonum dolum
113 168 658 207 reique totius ſeriem aperit : verum il-!
73 199 658 238 lum Saporem eſſe, ſic à Deo Admo-!
102 229 658 269 nitum ut ſeipſum noſſe inciperet. Eo!
116 262 659 298 diſcedente regia ornamenta SaporiI
117 293 658 327 reſtituunt Ptoceres; illis Sapor veniam!
117 325 659 365 corum quæ mente bon peccaverant:!
71 356 659 395 Amyntam honoribus cumulat: deni-!
118 387 660 426 que uni Chriſtianorum Deo tiaram
48 419 660 458 ſubmittit, regnum devovet, fidem
60 457 253 492 profitetur.
108 474 660 522 Epiſodicum eſt hoc drama, quod in!
57 514 660 561 atumento implexo neceſſatium fuit:!
104 547 659 585 ſed id vitii compenſabit, ut opinor,!
122 579 659 617 non injucunda peripetiarum varietas.!
83 608 658 649 Veritatis autem hiſtoricæ fides penes!
93 641 658 675 auctorem eſto D. Antonin. 2. p. ſum-
124 671 658 711 mæ Theolog. tit. . c.2. Cujus tamen!
84 704 658 738 natrationem ſecuti ſumus ut tragicum!
123 735 659 773 foret argumentum: quia poètic!
111 766 660 805 ſictioni locum aliquem imn eâ patabolâ
105 803 396 841 futurum ſperavimus.
217 842 528 893 SCENAPRIMA.
103 902 660 944 De veri Sapori agnitione ſeptem Sa-!
271 942 472 978 trapæ deliberant.
108 980 662 1026 SVRRNA. ASrYACES. ARTAvVASDES. 0.
94 1018 652 1050 nRrAs, sisrrvs, Enivs,
199 1040 583 1070 PHARNAbAÆVS. PRÆXASPES.
87 1068 657 1113 Vdum inſolentem ludere haud vana artiſer
138 1102 541 1128 ! Natura, quondam ſolis æſtiferos polo
111 1113 553 1149 minavit ignes, nubis adverſæ Deuut
110 1144 522 1174 Radioſq́ue lævor qoâ repercuſſus dedit.
512 1159 656 1200 rpidue!
