708 1328
98 107 589 139 SAPOR ADMONIIVS TRAG. 259
79 130 454 158 Supplicia dextrâ, civium verè pater,
78 152 464 181 Teq́ue Artavaſde facilis exſolvit pece.
78 175 585 207 PRAÆ. At hæx Saporem ſigna non verum probant.
75 198 432 228 Experta novit Perſis ingenium viri
30 222 538 250 05 Arrox, ſuperbum, gloriæ, imperii impotens:
80 243 488 273 Cui onera Regni levia, ſydereos quoque
79 266 483 295 Niſi flectat orbes, pondus Alcidæ grave.
79 288 474 319 Nil de Sapore monſtrat urbanus Sapor.
77 311 582 343 MEG De Rege nam quid moſtrat immanis Sapor?
1 335 580 365 o AST. Compeſce linguam Satrapa: me coram patri
80 356 581 389 Convicieris? MEG. Et patrem, princeps, putas?
76 380 566 411 AST&. Sacer eſt, putari quandiu in dubio poteſt.
78 402 578 434 PHAR. Mihi alia, Proceres, ſuggerit mentis calor
78 426 471 455 Probanda vobis. Inrimi ad cordis finus
1 444 454 478 5 Cœcum latebris ducit implexis iter
80 471 474 496 Monſtroſa quantùm tecta Creræi Bovis.
80 495 424 520 Externa parent ora prudenti fidem
1 506 422 546 Factura nulli: mille ſocaram dolis
81 540 501 570 Ars verſat animum: qualis in ſcenâ hiſtrio
1 562 481 594 10 Illi ſerenat, huic minis frontem aſperat,
81 587 487 614 Et mente vultum ſobriâ indecorem ſacit,
1 609 493 658 ââeeâ,
83 655 469 685 Quoties poceta juſſit. Ira regni appetens
40 677 462 706 25 Vultum Saporis moribus quidni augeat
83 701 509 729 Saporis idem? falſa cum occupant. placent,
82 723 470 753 Et vera jures. Melior arbitrium regat
15 743 492 775 Libella, Proceres. Nec ſemel quæri velim
83 769 442 797 Quid huic auid iſti dixerit. quæ regii
1 787 447 819 130 Secreta thalami, cui data arcani fides.
84 815 441 840 Tam Regibus latere quâm ſoli nefas.
82 838 483 868 Tentandus aliter: fraudis incurrat plagas
2 847 432 889 Inopinus, improviſus, ignarus peti:
86 884 444 912 Sæpe occupatus abiit in ventos dolus.
1 900 403 935 135 qualis oculos fallat aſpectus rei
1 930 483 959 4 Candyn, tiaram vel quod Imperii decus
84 952 535 978 Simulate. SVR. Tamen eſt credita arcami des
42 975 452 1004 Quam nullus Otacuſta, non ulla magus
43 998 470 1028 Recludat herbs : cumq́ue Niligenas jugo
14 1021 469 1052 140 Premeret rebelles, gravia Romulei ducis
86 1044 474 1071 Mandata precibus juncta Niſibenæ attulit
85 1067 454 1095 Præfectus arcis. mente quæ turâ oculo.
85 1088 462 1114 Simul & fidelis teſſeræ partem dedit
1 1104 479 1140 Regi exhibendam: parte ſi inſtructus pari
1 1124 515 1162 155 Componit ambas, pignus & fidei ſacrum
61 1158 411 1185 Oſtentat invitatus, ingenuum nefas
84 1182 455 1207 Regem negare. Quid quod atcanâ penu
1 1204 458 1239 Regum duorum ſceptra ſervantur mihi?
469 1230 551 1256 (Scle
322 1230 358 1254 S4
