706 1309
131 62 615 89 S55OR ADMONIYVS TRAG. N5
65 85 615 112 0 GOBR Tibi noſtra cedunt regna, tu verus Sapor.
124 108 614 133 MSIST. Ita vive. regna magnus ut verè es Sapor.
126 130 614 157 PR PER Quæ verba. Proceres eſtne ui Regc ne-
126 152 614 179 Qui me Saporem? ſceptra qui poſcat mea? get,
126 176 613 200 OMNES. Sapor es. Saporem credimus. SVREN.
1 192 26 213 5
212 198 379 217 Dobium hactenùs
1 220 512 248 5, Tenuit Senatum (pace quod dicam tuâ)
127 243 530 268 Et caſtra, & urbem terruit magicus apor
126 264 561 291 Quàm gutta guttæ. membra tam ſimilis tibi.
126 289 528 315 Dum pruvidemus ne quid incautus trahat
127 311 509 338 Etror pericli. Parribus mens hæc ſtetit,
1 332 496 360 ao Ambigua certo tollere iodicio omnia:
126 357 550 383 Hæc cauſa, Princeps, inſoleus: liceat ſemel
125 379 526 406 Dubitaſſe. tutus ſemper in magnis metus,
124 402 483 427 Secura longum culra in exitium ruit.
124 425 613 451 PR PES. Probo quod agitur. Satrapæ: ſed quæ
1 448 521 475 1 p Formare vultus artifex potuit manus,
552 453 614 477 (mueos
126 471 523 497 Etimne mentis decora? divinam ingeni
123 493 538 518 Vim perſpicacis, omnia potentem manum,
124 518 539 541 Oculum videntem cuncta, virtutum choros
124 539 565 566 Et hinc, & illinc quæ meum obvallant latus?
1 562 508 587 5 90, Mortale non eſt fi quid optavit. Deum
124 586 479 612 Fingere lahorat ultimus terræ nepos
124 609 612 635 OCHVS Hæc proridebam, genitor, & nemo meis
122 631 521 658 Illuſit oculis: ſolus ego mentis potens
123 654 511 680 Dubitas cohortes inter, attonita agmim
1 674 479 703 295 Certam Sapori junctus inſtitui viam.
123 701 496 725 Sic cautus inter mille balantum greges
73 724 526 748 Revocantis agnus matris agnoſcit ſonum.
123 746 610 771 PRPER.O Patris amores. creſce quò cœl vocat.
124 767 591 793 VREN. Nunc ergo ficto Rege quid fieri iubes?
72 792 611 816 00 PR PER. Quod jura legû, jura quod Regû jubent.
124 815 564 838 SVREN. Os intueri nunouid & larvæ placet?
122 837 612 863 PR PERMe cemnat hominû dedecus.terræ pudor,
117 860 532 885 Odium Tonantis: ſumma votorum attigit
122 883 502 907 Cui me reducto cognitum velo obtuli:
50 903 510 943 3o5 Et mea cadaver ora proſcriptum beent?
123 930 582 954 SVVREN. Abſente dirum Rege torquebo caput.
123 952 599 977 PR PERS. Surena. ſi te Regis exſtimulat dolos,
122 975 467 1000 Pectore Sapores ſi quid aſpitat tuo.
118 996 528 1021 Omitte Niſibim. maius exſurgit nefas:
78 1018 549 1044 10 Hoc age, ſine modo quære tormenri modum
124 1042 526 1064 Quem nulla taceat. omnis horreſcat dies:
122 1066 524 1091 Rogun ſidelem commodas Regi manum:
122 1087 496 1113 Quis vindicetur cogita. Obſervaſmul
103 1110 516 1135 Profugum paterno Mithrobarranem lare
80 1133 495 1160 115 Duiſſe cures. Numen offendit meum,
103 1156 452 1183 Et hos tumultus impiâ juvit ſide,
561 1174 612 1193 Hunc
