698 1307
152 73 631 104 C ARTHAGIN. TRAGOEDIA. 59
116 95 631 129 Decus: hæc tot annos robore, atque opibus vigens
124 121 497 146 Tota in ruinas abiit: hic operis labor
125 143 458 169 Ingentis illæ turrium eductæ polo
85 166 493 193 560 Cecidere moles: illa tectorum vapor
126 189 605 219 Fumificus ambit culmina: hæc Superum flagrant
126 212 521 241 Delubra, & ædes: illa tot ſæclis potens
125 234 601 269 Carthago inanis campus, atque ingens ſolum eſt
125 259 572 286 Atque aliquis illam vomere exercens humum,
69 278 515 304 565 Hîc Tyria dicet mœnia. hîc arces erant.
126 304 631 335 Quod fuerat, hoc es Roma: quodq́ue illa eſt modò,
127 328 561 355 Potes eſſe, eriſq́ue. Veuiet hæc forſan dies,
126 351 544 379 Qua te ſuperbam (pace ego patriæ loquar)
129 374 563 402 Fors ſimilis alto excutiat, & lapſam quoque
86 396 501 423 570 Hoſticus adurat ignis. Hoc felix time.
128 421 577 446 ,Ego timeo. Ventis ſæva momento tument;
126 444 550 470 ,,Vertuntq́ue maria: quæque ludentes ſalo
126 467 560 493 ,Lux vidit, eadem naufragas puppes videt.
127 489 621 516 Tantùm minantur fata, quantum homini favent.
87 512 515 540 555 Sed tarda veniat. fi ua ventura eſt tibi,
128 534 584 571 Aut nulla veniat peſtis; hoc potiâs precot,
127 558 519 583 Poriuſq́ue Divûm numine aſfirmet ſator.
126 581 533 611 Vos hunc honeſtâ morte perfunctum rogo
128 605 532 633 Exttuite, & oſſa Libycus abſcondat lapis.
