674 1296
3 30 502 78 62 A VENT V.
3 54 652 115 I de conſtantiâ deiicitur, atque ad
2 112 653 155 I Chriſtiani nominis deteſtationem
1 149 653 201 !ſacrilegam Ignis ac Mithræ vene-!
1 190 653 234 rationem aojicit. Non cumdem in
1 231 654 276 .Simeone tentando ſucceſſum Sapo-
1 269 656 317 ris conatus habuit. Cujus ille non!
1 310 659 361 minùs ſæviiam, quàm blanditias
1 350 662 400 ! promiſſaque contempſit, ac deſer-
1 387 662 437 tori inſuper ſalutem attulit. Nam
1 430 662 482 cùm ad ſeſe venientem, illum, ac
8 471 662 516 pro veteri neceſſitudine officiosè
1 512 662 562 ſalutantem probris ac conviciis re-
4 549 663 599 !jeciſſet, negaretque quidquam ſibi
1 591 663 677 !âie
1 673 664 719 ſione, ac ſceleris ſui horrore per-
1 713 664 759 culſus ad Regem adit, ac Chriftia-
2 754 664 801 num ſe eſſe coram o profitetur.
86 793 664 836 Quâ repentinâ mutatione vehe-
3 831 664 879 mentem non in ſe modo, ſed & in
8 874 665 914 Chriſtianos omnes lrincipis ira-
3 910 664 958 !cundiam convertit. Itaque capitis
2 953 662 998 damnatus eodâ die glorioſiſſimam
87 993 661 1038 pro Chriſto mortem ſuſtinuit. Ve- j
84 1028 662 1082 rùm antequam ad ſupplicium tra-
3 1074 662 1123 heretur, agnopere hoc ab Rege
442 1116 661 1162 poſtâ-
