644 1277
187 50 514 71 DIONYSII PETAVII
26 57 98 77 0
77 74 538 101 225 Procul & fugaces petere, ſi facinus palam
119 97 635 127 Tutum i0 propinquo patimur: & Regni in ſinn
119 121 635 149 Mauiſeſtus hæret hoſtis? S. Haud nohis quidem.
121 143 636 172 Quis ille tandem exprome. P. Chriſticolſim capuſ!
122 167 638 202 Columenque. S. Népe hunc capite damnat reſers;!
80 189 498 215 20 Qui C eſiphonte vinctus Aſſyrii ſenex
123 211 636 247 Huc me imperante trahitur. P. Imò alius magè
125 236 509 260 Illo rimendus, opibus. & longâ potens
124 258 636 292 Târâ ciientm. S. Iuris an noſtri eſt? P. Tui.!
128 282 578 306 S. Auibage miſsâ fare quem memores virum.
86 301 635 337 25 P. Qui te te alumnum jactat. S. Ergo etiam miſer!
129 328 530 353 Galilæus ille eſt, & cruci affixum colit?
131 348 637 384 P Solum hoc adorat Numen, inq́ue oculis gerit:!
132 374 513 400 Et vana credit reliqua. Nil cœli jubar
133 397 530 424 Radiaptis illum tangit. aut advtis ſacer
91 421 548 446 230 Repoſtus ignis. Quin ſuos furtim excipit,
135 444 554 470 Conditque tectis, atque ope afflictos levat.
136 463 637 498 S. Vbinam eſt? P. Pedt iſtinc retulit.S. An mecu!
203 496 262 508 comes
112 512 543 539 Delubra Solis adiit? P. Hæc Erebo fugit
113 536 543 561 Oditq́ue gravius. Quippe Tartarei ſpecus
96 555 635 585 a35 Simulac râ, & Orci ſtabula, & Eumenidum lares
137 582 634 614 Hæc fana vocitat. S. Regiâ hunc aliquis vocet.!
138 605 544 631 Ine eſt? Deorum ſacra me vivo abnuit?
142 628 561 652 Ego præſidem almæ lucis, & gemino Denm
135 648 634 683 Comu minacem teſtor, aut Chriſtum abnegans
100 674 508 697 240 Ritus priores repetet, aut letho diem
143 697 568 723 Clauſum antevertet. Nec meâ fi nunc foret
142 721 552 746 De ſtirpe: non fi frater, aut conſors thori,
143 740 633 770 Aut gnatus, aut, quod graviùs eſt dictu, parens,
144 767 633 794 ,,Effugeret umquam. Regium hac ſi quis manu!
103 790 632 816 245,, Eripere ſceptrum, pellerè aut regno velit:
146 813 631 838 ,,Parcam atque inultum patiar Haud leviùs nocet,
146 836 631 862 ,Sceleriſue in æquo eſt, qui mihi longo Patrum
146 859 635 893 Tranſmiſſa ab ævo jura ſacrilegus tapit, 4
148 882 585 907 ,, Legeſq́ue patrias. Nec pari in culpâ tamen
106 897 634 931 50,, Ego utrumque ſtatuo. Graviâs haud paulo neſai
148 928 628 954 ,5, Inferre ſacris bella, qum ſceptris, reor.
148 951 628 977 ,P. Par ille cœlo eſt animus, ac ſtabili loco!
150 973 631 1002 ,Quicumque ſcepiro & Regiis opibus potens
150 996 626 1027 ,,Ds ſe miorem ſentit. Hc culmen fupra eſt!
67 1019 626 1049 255,. Mortale. quem non aula, non auri nitor,
150 1042 626 1069 ,,Non veſtis iterum murice Aſſyrio rubens,!
152 1063 626 1098 ,,Non arma, non ſatelles, aut q́uidquid foris!
153 1086 558 1115 ,,Altum, & ſuperbum cingit, oblitum ſui
154 1108 563 1136 ,,Nimiùm & ferocem ſorre regali extulit.
95 1124 624 1164 20,, Rarum hoc decus, tuumq́ue. Sed prodit dom
151 1153 312 1178 Loagævus altor,
567 1164 626 1207 M
