<PcGts xmlns="http://schema.primaresearch.org/PAGE/gts/pagecontent/2019-07-15" xmlns:xsi="http://www.w3.org/2001/XMLSchema-instance" xsi:schemaLocation="http://schema.primaresearch.org/PAGE/gts/pagecontent/2019-07-15 http://schema.primaresearch.org/PAGE/gts/pagecontent/2019-07-15/pagecontent.xsd"><Metadata><Creator>User123</Creator><Created>2022-01-24T09:06:09</Created><LastChange>2022-01-24T09:06:09</LastChange></Metadata><Page imageFilename="0071.png" imageHeight="1300" imageWidth="684"><TextRegion id="r0" type="paragraph" orientation="0.625"><Coords points="1,1 682,1 682,1298 1,1298"/><TextLine id="r0_l001"><Coords points="24,1 1,1 1,16 25,16 24,1"/><TextEquiv index="1"><Unicode>2mn</Unicode></TextEquiv></TextLine><TextLine id="r0_l002"><Coords points="120,68 120,93 609,88 609,63 120,68"/><TextEquiv index="1"><Unicode>STHAANES TRAOEDIA. 1</Unicode></TextEquiv></TextLine><TextLine id="r0_l003"><Coords points="108,115 108,149 610,144 610,110 108,115"/><TextEquiv index="1"><Unicode>ſthaanem fruſtra blanditiis à fide ca-</Unicode></TextEquiv></TextLine><TextLine id="r0_l004"><Coords points="159,148 159,179 563,175 563,144 159,148"/><TextEquiv index="1"><Unicode>tholic apores avocare tentat:</Unicode></TextEquiv></TextLine><TextLine id="r0_l005"><Coords points="1,178 1,198 114,197 113,177 1,178"/><TextEquiv index="1"><Unicode></Unicode></TextEquiv></TextLine><TextLine id="r0_l006"><Coords points="240,180 241,210 485,207 484,177 240,180"/><TextEquiv index="1"><Unicode>minis tandem terret.</Unicode></TextEquiv></TextLine><TextLine id="r0_l007"><Coords points="160,223 160,249 603,245 603,219 160,223"/><TextEquiv index="1"><Unicode>SAPORES. VSTHAANES.</Unicode></TextEquiv></TextLine><TextLine id="r0_l008"><Coords points="324,250 324,264 352,263 352,249 324,250"/><TextEquiv index="1"><Unicode>5</Unicode></TextEquiv></TextLine><TextLine id="r0_l009"><Coords points="1,253 1,268 23,268 23,253 1,253"/><TextEquiv index="1"><Unicode>i</Unicode></TextEquiv></TextLine><TextLine id="r0_l010"><Coords points="453,289 454,290 455,289 558,288 558,287 558,283 559,283 567,283 567,282 567,281 568,280 568,278 568,277 572,277 573,277 573,276 572,275 567,276 567,275 567,271 566,271 560,271 559,270 526,270 526,269 526,266 524,265 472,266 471,265 470,265 469,266 345,267 345,266 345,263 344,263 331,263 331,264 331,268 330,268 275,269 274,270 271,270 269,272 269,280 268,281 268,283 269,284 271,286 273,286 274,287 318,286 319,285 453,284 453,289"/><TextEquiv index="1"><Unicode>SAP.V Erne hæc de te ſenex</Unicode></TextEquiv></TextLine><TextLine id="r0_l011"><Coords points="160,317 163,317 163,316 163,310 164,310 216,309 217,310 219,310 220,309 271,309 272,308 296,307 296,308 296,309 298,310 299,309 333,309 334,308 468,307 468,308 470,310 473,307 529,306 530,304 530,303 531,302 531,296 530,295 506,295 505,294 457,295 456,294 456,290 451,290 447,293 447,294 447,295 438,295 437,296 400,296 399,296 399,295 397,293 397,292 397,291 387,291 386,292 386,296 353,297 352,296 350,296 349,297 335,297 334,297 334,295 333,294 333,292 332,290 330,290 328,292 328,293 279,294 278,293 278,292 270,292 269,291 268,291 266,292 266,295 266,296 248,296 247,297 184,298 183,297 183,293 182,292 177,292 176,293 140,293 139,294 117,294 116,295 115,295 114,296 114,312 115,312 121,312 122,311 159,311 159,316 160,317"/><TextEquiv index="1"><Unicode>M4ihi fama retulit? Dis modo exoſis, vetus</Unicode></TextEquiv></TextLine><TextLine id="r0_l012"><Coords points="338,338 343,338 344,337 344,333 368,333 370,331 415,330 416,329 453,329 454,329 454,334 454,335 456,335 457,334 457,330 482,329 483,330 484,329 508,329 509,330 531,330 532,329 555,329 556,328 559,328 560,327 562,327 562,326 562,325 559,325 558,324 558,318 557,318 555,316 543,316 542,315 542,313 540,313 539,312 539,311 538,311 537,312 536,312 535,312 535,317 535,318 477,318 476,318 451,318 450,319 427,319 426,319 426,315 425,313 412,313 411,312 409,312 408,313 407,313 406,314 406,315 404,317 404,318 351,319 350,318 350,315 349,314 348,314 348,315 347,316 347,319 347,320 285,321 284,320 263,320 262,321 231,321 230,321 230,317 230,316 215,316 214,315 211,315 207,319 207,321 165,322 164,321 164,318 163,317 160,317 157,319 157,322 157,323 134,323 131,320 126,320 125,319 120,319 116,323 116,328 115,329 116,329 117,329 118,330 118,331 119,331 121,333 123,333 124,334 127,334 128,335 129,335 130,336 132,336 133,337 144,337 145,337 145,335 145,334 150,334 151,333 180,333 181,333 181,337 181,338 182,338 183,339 185,337 185,333 215,332 216,333 229,333 230,332 298,331 299,332 333,332 334,333 334,336 335,337 337,337 338,338"/><TextEquiv index="1"><Unicode>Queis poſuit ætas templa, neſcio quem trabe</Unicode></TextEquiv></TextLine><TextLine id="r0_l013"><Coords points="85,353 115,364 115,363 291,362 292,361 292,360 539,357 540,356 539,356 292,359 292,358 414,356 415,356 415,355 415,354 492,353 494,352 494,347 494,346 495,346 498,344 498,342 497,341 497,340 494,337 431,338 430,337 365,338 364,337 259,338 258,337 66,339 66,340 83,340 84,340 84,352 85,353"/><TextEquiv index="1"><Unicode>Fixum cruentâ colere ſallacem Deum.?</Unicode></TextEquiv></TextLine><TextLine id="r0_l014"><Coords points="102,388 105,388 106,387 270,385 270,384 270,383 271,383 305,382 305,381 307,379 331,379 332,378 517,376 517,377 517,380 519,381 520,380 563,380 563,379 521,379 520,379 520,378 521,377 547,377 549,374 549,372 552,372 553,371 553,370 552,370 541,370 541,369 541,357 540,357 536,357 535,358 170,362 169,363 169,364 168,365 118,365 117,367 117,369 116,369 92,370 89,373 72,373 71,374 71,385 73,387 101,387 102,388"/><TextEquiv index="1"><Unicode>5 Nec ſacra, ut antè, ſolita nobiſcum exequi.</Unicode></TextEquiv></TextLine><TextLine id="r0_l015"><Coords points="381,408 383,408 383,407 383,401 384,401 390,400 391,401 392,401 393,402 395,402 396,403 402,403 403,404 404,404 405,403 405,401 406,400 437,400 437,404 438,405 442,405 442,404 442,399 443,399 483,398 484,399 493,399 493,400 493,404 494,404 496,404 496,399 497,398 515,398 516,397 554,397 555,398 569,398 570,398 576,398 577,397 578,397 578,395 579,394 579,392 580,391 589,391 589,390 579,390 578,390 578,387 577,385 566,386 565,385 565,380 553,380 552,380 552,385 552,386 536,386 535,387 513,387 512,388 483,388 482,387 477,388 476,387 452,387 451,388 436,388 435,389 397,389 393,385 386,385 385,385 384,385 382,386 382,388 381,389 381,390 381,391 357,391 355,389 336,389 335,389 335,387 334,386 334,385 334,384 330,384 327,387 327,389 326,390 282,391 280,389 271,389 270,388 270,385 254,385 253,385 253,390 253,391 230,391 229,390 221,390 220,390 220,386 220,385 218,385 217,386 217,390 171,391 170,390 168,390 167,391 138,391 137,391 137,390 136,388 119,388 118,389 118,391 119,392 119,404 120,404 122,404 123,403 154,403 155,402 204,401 204,402 204,407 205,407 207,407 207,403 208,402 260,402 261,401 285,401 285,407 286,408 286,407 286,401 287,401 301,400 302,401 380,401 380,407 381,408"/><TextEquiv index="1"><Unicode>Nec templa obire noſtra. Quæ quamquam din</Unicode></TextEquiv></TextLine><TextLine id="r0_l016"><Coords points="270,432 340,431 341,430 341,428 431,427 432,426 549,425 550,424 550,423 552,421 551,416 545,416 544,415 544,414 545,414 568,414 568,413 545,413 544,412 544,410 541,410 540,409 540,408 510,408 509,408 509,405 509,404 457,405 456,404 455,404 455,405 455,406 199,409 198,410 123,410 122,411 121,411 119,413 119,421 118,423 118,425 119,425 120,426 146,426 147,427 147,431 269,430 270,430 270,431 270,432"/><TextEquiv index="1"><Unicode>Suppreſſa conſtans rumor in populum ferat,</Unicode></TextEquiv></TextLine><TextLine id="r0_l017"><Coords points="290,455 291,455 292,454 293,454 294,452 295,452 297,451 297,449 297,448 341,448 342,447 366,447 367,446 384,446 385,447 417,446 418,445 478,444 479,445 488,445 489,444 490,444 491,444 491,442 490,441 483,441 483,435 482,434 480,434 478,432 456,433 456,432 456,427 455,427 453,427 452,428 423,428 422,429 389,429 389,430 389,434 388,434 367,435 367,434 367,430 366,430 364,430 364,435 363,436 344,436 344,435 344,433 343,432 343,431 342,431 331,431 331,432 331,437 330,437 314,437 313,436 289,437 288,438 275,438 275,437 275,432 274,432 270,432 268,434 268,436 267,437 241,437 240,436 239,437 207,437 206,436 171,437 171,436 171,433 170,433 150,433 150,432 149,431 147,431 146,432 141,432 141,433 141,434 140,434 120,434 119,435 117,435 117,436 117,438 118,438 119,439 119,450 124,450 126,448 146,448 147,449 150,449 151,448 201,448 202,449 241,448 242,449 243,448 263,448 264,447 265,447 265,454 265,455 267,455 268,454 268,447 286,447 287,447 287,452 287,453 288,453 290,455"/><TextEquiv index="1"><Unicode>Nil facere caus graviùs indictâ libet.</Unicode></TextEquiv></TextLine><TextLine id="r0_l018"><Coords points="305,478 306,478 306,472 307,471 353,471 354,470 424,469 425,468 473,468 473,472 474,473 475,473 476,474 477,474 478,474 480,474 480,473 481,472 483,472 484,471 484,472 484,475 485,475 486,475 486,470 487,469 511,469 512,468 512,465 510,463 504,463 504,458 502,456 458,457 457,456 446,456 446,455 446,452 445,452 430,452 429,451 428,452 420,452 419,453 418,453 416,456 416,458 415,458 369,459 368,458 359,458 358,457 356,459 335,459 334,460 293,461 292,460 280,460 280,459 280,454 279,454 277,454 276,455 265,455 265,459 264,460 199,461 198,460 163,460 163,459 163,455 161,454 160,454 159,455 159,458 158,459 134,459 134,458 133,457 132,457 131,456 119,456 119,457 119,458 121,460 121,471 123,472 183,472 183,476 185,478 188,478 188,477 188,472 189,472 243,471 243,472 243,477 244,477 248,477 248,472 249,471 273,471 274,472 300,471 301,472 305,472 305,473 305,478"/><TextEquiv index="1"><Unicode>Proloquere quid tu mente conſlii tegas.</Unicode></TextEquiv></TextLine><TextLine id="r0_l019"><Coords points="1,498 1,499 74,498 74,500 76,502 88,502 88,503 16,504 15,504 16,505 22,504 23,505 24,505 25,504 93,504 94,503 475,499 476,498 540,497 541,495 541,490 542,490 613,489 614,488 615,488 615,487 615,482 616,482 619,482 619,481 615,481 614,481 614,478 614,477 613,477 612,476 487,477 486,477 486,476 486,475 433,476 432,475 5,480 4,479 4,474 3,474 2,474 2,489 2,490 1,490 1,498"/><TextEquiv index="1"><Unicode>ao VS. Quid pectore imo conditâ &amp; tacitum premam</Unicode></TextEquiv></TextLine><TextLine id="r0_l020"><Coords points="225,524 226,524 226,522 226,521 234,521 235,520 441,518 442,518 442,519 443,521 444,521 446,519 446,515 486,514 489,512 489,511 489,510 489,504 489,503 487,503 486,502 478,502 477,502 477,499 343,500 342,499 145,501 144,502 125,502 124,503 121,503 120,504 121,516 120,517 120,519 182,519 183,519 183,522 183,523 224,522 225,523 225,524"/><TextEquiv index="1"><Unicode>Iubes profari? Fas ſit hoc unum prius</Unicode></TextEquiv></TextLine><TextLine id="r0_l021"><Coords points="156,548 280,547 281,546 281,542 390,540 391,539 482,538 483,537 654,536 656,534 656,532 655,532 607,532 607,526 607,525 624,525 625,524 621,521 572,521 572,520 570,518 569,519 568,518 532,518 531,517 530,518 524,518 523,520 523,521 522,521 224,524 223,525 122,526 121,527 120,527 120,528 120,542 121,543 153,543 154,544 154,546 156,548"/><TextEquiv index="1"><Unicode>Rogare princeps. SAP. ſare. VS. Gentiles feros</Unicode></TextEquiv></TextLine><TextLine id="r0_l022"><Coords points="254,571 255,571 255,570 255,564 256,564 294,564 295,565 339,564 340,563 460,562 461,561 496,560 496,561 496,563 498,564 499,563 499,562 501,560 520,560 521,559 557,559 558,557 558,551 559,550 559,549 556,547 553,547 552,548 525,548 522,545 521,545 520,544 483,544 481,547 481,548 480,548 457,549 456,550 434,550 433,551 403,551 403,546 402,545 401,545 400,544 399,545 398,545 397,547 397,548 396,549 396,551 395,551 358,552 357,551 353,551 353,550 353,546 352,546 350,546 349,547 304,547 303,546 275,547 274,548 274,549 273,550 273,551 271,553 219,553 219,548 218,547 192,548 191,547 187,547 186,548 181,548 177,552 140,552 140,550 139,549 120,549 120,550 120,565 121,565 122,565 123,566 124,566 125,565 155,565 156,564 216,563 217,564 253,564 253,570 254,571"/><TextEquiv index="1"><Unicode>Mutaſſe ritus: ſceleris hæc ſumma eſt, Deos</Unicode></TextEquiv></TextLine><TextLine id="r0_l023"><Coords points="462,592 464,592 464,591 464,590 465,590 474,590 474,589 474,585 475,585 497,584 498,583 531,583 532,582 569,582 570,583 579,582 579,583 579,587 580,587 583,587 583,582 584,581 611,581 612,582 614,582 615,581 615,575 616,574 617,574 618,572 618,569 617,568 617,567 615,565 611,565 610,566 610,569 597,569 596,570 569,571 568,570 568,566 567,565 543,565 539,568 539,569 538,570 538,571 538,572 453,573 452,572 452,568 449,568 448,568 448,573 448,574 399,574 398,574 398,572 397,570 395,570 394,571 394,572 393,573 377,574 376,575 350,575 349,576 295,577 294,576 280,576 279,575 257,575 256,574 256,571 254,571 253,571 253,574 253,575 248,575 247,576 215,576 214,575 189,576 188,575 177,575 176,574 176,570 173,570 172,570 172,575 172,576 141,576 137,572 130,572 129,573 128,573 127,574 126,574 124,576 124,578 123,579 123,580 124,581 124,583 127,585 128,585 130,587 132,587 134,589 138,589 139,590 140,590 141,591 145,591 146,592 149,592 149,588 150,587 202,587 203,588 230,587 230,588 230,593 231,593 233,593 234,592 234,588 235,587 294,587 295,588 350,587 351,586 382,586 383,587 399,586 400,585 429,585 429,586 429,590 430,590 432,590 432,589 432,586 433,585 461,585 461,591 462,592"/><TextEquiv index="1"><Unicode>Quod. non priores veneroreAn quicquam eſt ſuper?</Unicode></TextEquiv></TextLine><TextLine id="r0_l024"><Coords points="1,613 1,614 79,613 80,614 92,614 93,614 93,615 93,616 187,615 188,615 188,616 188,617 189,617 190,616 190,612 400,609 401,610 401,613 455,613 456,613 456,614 456,615 502,614 503,614 503,613 503,612 508,612 509,611 597,610 598,610 597,609 510,610 510,608 510,607 577,606 579,605 579,603 578,602 572,602 571,596 569,594 544,594 543,593 543,589 541,589 540,590 435,591 434,592 259,594 257,592 203,593 202,592 201,592 201,593 201,594 167,594 166,595 130,595 127,598 12,600 11,599 6,599 5,598 4,598 4,604 4,605 1,605 1,613"/><TextEquiv index="1"><Unicode>2755 S. Vna hæc ahundè eſt noxa, ſi facinus probas.</Unicode></TextEquiv></TextLine><TextLine id="r0_l025"><Coords points="279,639 281,639 282,638 282,634 332,633 333,634 334,633 418,632 419,633 419,635 423,635 424,635 424,633 424,632 441,632 442,631 521,630 522,629 542,629 569,629 570,629 577,629 578,628 614,628 615,628 615,627 616,626 616,621 616,620 617,620 618,619 618,614 617,613 617,612 616,612 615,612 614,611 598,611 597,610 582,610 581,612 581,616 580,616 554,617 553,618 528,618 527,619 503,619 503,615 502,614 500,614 500,615 500,618 499,618 495,618 494,619 459,620 459,619 459,615 458,615 455,615 455,619 454,620 424,620 424,617 423,616 400,616 399,615 386,616 385,615 384,615 383,616 363,616 362,617 362,621 361,622 337,622 337,620 334,617 333,617 332,616 315,616 315,617 315,622 314,622 295,622 294,622 253,622 252,621 251,621 250,622 203,623 203,622 203,616 202,616 199,616 198,617 166,617 165,618 129,618 129,616 128,615 128,614 127,613 126,615 126,616 125,616 124,616 124,617 124,619 123,620 123,621 126,624 126,625 127,626 127,628 128,629 128,630 129,631 129,634 131,636 133,634 167,634 168,635 169,635 170,636 177,636 178,637 180,637 181,636 181,633 202,633 203,634 222,633 223,634 223,639 225,639 226,639 226,634 226,633 276,633 277,633 277,636 277,637 278,637 279,637 279,638 279,639"/><TextEquiv index="1"><Unicode>V. Quid operra penitùs dubiaq́ue in crimen trahis?</Unicode></TextEquiv></TextLine><TextLine id="r0_l026"><Coords points="382,663 384,663 384,662 384,656 385,656 437,655 439,657 441,655 512,654 513,653 541,653 541,659 542,660 544,660 544,659 544,653 545,653 571,652 571,653 571,657 572,657 574,657 574,653 575,652 601,652 602,651 605,651 606,650 606,649 605,648 605,641 603,639 595,639 594,640 533,641 533,640 533,637 531,636 521,636 521,637 521,642 520,642 485,642 485,638 483,636 455,637 454,638 453,638 452,639 452,642 451,643 402,643 402,640 400,638 399,638 399,639 399,643 398,643 381,644 380,645 333,645 332,644 331,645 315,645 315,640 314,639 299,639 299,640 299,644 298,644 248,645 248,643 247,642 247,641 246,640 245,640 244,639 243,640 241,640 239,643 239,645 238,645 200,646 199,645 163,645 163,644 163,641 161,640 154,640 153,641 152,641 151,642 150,642 148,645 148,646 147,647 147,648 146,649 146,652 128,652 127,653 126,653 124,655 124,662 125,662 143,662 143,659 144,658 157,658 158,657 262,656 262,661 263,662 266,662 266,661 266,660 267,660 287,660 289,658 302,657 303,656 367,656 367,659 368,660 369,660 370,661 381,661 381,662 382,663"/><TextEquiv index="1"><Unicode>,,Cæcum eſt quod intus geritur, &amp; fraudis capax</Unicode></TextEquiv></TextLine><TextLine id="r0_l027"><Coords points="570,683 571,682 572,681 572,677 573,676 589,676 590,675 615,675 616,674 617,674 617,673 617,672 618,671 618,670 619,670 676,669 676,664 676,663 619,664 618,663 618,662 617,661 545,662 544,661 544,660 503,660 502,659 500,659 499,660 499,661 314,663 313,662 253,663 252,662 202,663 201,662 197,662 196,662 196,663 196,664 155,664 154,665 153,665 151,667 151,668 150,669 150,671 149,672 149,676 129,676 128,677 127,677 126,678 126,685 127,685 216,684 217,685 243,685 244,686 245,685 260,685 260,684 260,681 261,681 463,679 463,682 464,683 569,682 570,683"/><TextEquiv index="1"><Unicode>,,Quod quiſque ſolus novit. Hoc quod tu imputas</Unicode></TextEquiv></TextLine><TextLine id="r0_l028"><Coords points="304,709 308,709 309,708 537,706 538,705 537,705 501,705 501,701 501,700 513,700 514,699 533,699 534,698 533,691 532,690 532,689 531,688 478,689 477,688 415,688 414,688 414,685 413,683 284,685 283,686 199,687 198,687 198,688 198,689 126,689 125,690 125,692 126,692 127,692 127,693 128,704 130,704 131,705 156,705 157,706 157,707 158,708 158,709 198,709 199,710 303,708 304,709"/><TextEquiv index="1"><Unicode>Negare crimen finge; quem damnas reum</Unicode></TextEquiv></TextLine><TextLine id="r0_l029"><Coords points="313,732 321,732 322,732 322,730 322,729 333,729 334,729 334,727 334,726 341,726 343,724 366,724 367,725 401,724 402,723 458,723 459,723 459,727 459,728 461,728 462,727 462,722 483,721 484,722 564,722 565,722 565,724 565,725 568,725 570,723 570,716 569,716 568,716 567,715 564,715 564,714 564,711 563,711 562,711 560,709 551,709 551,708 551,705 549,704 546,704 544,706 534,706 534,710 533,711 504,711 504,709 501,706 491,706 491,707 491,710 490,710 483,710 482,711 422,712 422,708 420,706 419,706 418,707 395,707 394,706 393,706 392,707 384,708 384,713 383,714 342,714 342,713 342,709 341,709 315,709 314,710 312,710 311,711 297,711 297,712 297,713 296,713 277,714 277,713 277,709 276,709 273,709 273,713 272,714 246,714 246,710 245,709 243,709 243,710 243,715 242,715 219,715 218,714 204,714 204,710 203,710 198,710 198,714 197,715 138,715 138,713 136,711 134,711 133,712 106,713 106,712 106,711 103,709 101,709 100,708 99,709 97,709 96,710 84,710 83,711 83,712 82,713 82,714 83,715 83,725 83,726 100,726 101,727 103,725 127,724 128,725 128,727 129,728 145,728 146,729 146,732 152,732 153,732 153,731 153,730 155,730 156,730 156,727 156,726 178,726 179,726 179,731 179,732 182,732 183,731 183,726 221,725 222,726 225,726 226,725 275,725 276,726 296,725 297,726 312,726 313,727 313,732"/><TextEquiv index="1"><Unicode>2o Age qui revincis? Quin mihi hoc potius vide,</Unicode></TextEquiv></TextLine><TextLine id="r0_l030"><Coords points="272,754 275,754 275,753 275,749 276,749 304,748 305,749 306,749 307,748 372,748 373,747 398,746 399,747 405,747 406,746 451,746 452,745 476,745 477,746 487,745 488,746 500,746 500,747 500,750 501,750 502,750 502,746 503,745 541,745 541,747 542,748 543,748 544,746 544,741 538,741 537,740 537,733 536,733 532,733 531,734 485,734 485,730 483,728 455,729 454,730 454,733 453,734 428,734 428,730 427,729 422,729 421,730 401,730 401,731 401,735 400,735 351,736 351,735 351,731 350,731 346,731 345,732 312,732 312,733 312,737 311,737 290,738 289,737 251,737 251,736 251,732 250,732 233,732 233,733 233,738 232,738 203,739 201,737 200,737 199,738 166,738 166,737 166,733 165,733 152,733 151,732 148,732 148,733 148,735 147,735 133,735 132,734 128,734 127,736 129,738 129,748 128,748 125,751 125,752 126,752 128,752 129,751 135,751 136,750 151,750 152,749 177,749 177,754 178,755 179,755 180,753 180,750 181,750 271,749 271,753 272,754"/><TextEquiv index="1"><Unicode>Poſtquam illa patriis ſacra deſertis ſequor,</Unicode></TextEquiv></TextLine><TextLine id="r0_l031"><Coords points="471,776 473,776 473,775 473,769 474,769 545,768 545,770 546,771 548,769 587,768 588,769 589,768 612,768 612,769 612,771 613,771 617,771 617,770 617,769 618,768 618,763 617,762 617,761 610,761 609,761 609,758 609,757 608,757 607,757 607,756 607,755 595,755 594,756 567,757 565,755 565,754 564,753 563,753 562,752 535,752 534,751 533,751 532,752 496,752 495,751 493,751 491,753 491,756 459,757 458,756 457,756 456,756 456,757 456,758 436,758 435,757 435,753 399,753 398,754 374,755 373,754 373,753 370,753 369,754 358,754 357,754 357,759 357,760 294,761 293,760 279,760 278,761 244,761 243,760 242,760 241,761 212,761 211,761 211,758 210,756 209,756 205,760 144,761 143,761 143,760 142,758 141,759 125,759 124,760 124,761 126,763 126,774 128,775 129,775 130,774 133,774 134,773 154,773 155,772 206,771 206,772 206,776 207,776 209,776 210,775 210,774 211,773 216,773 217,772 319,771 319,772 319,774 320,774 340,774 340,772 341,771 377,771 377,775 378,776 381,776 381,775 381,772 382,772 388,771 389,770 408,770 409,769 470,769 470,775 471,776"/><TextEquiv index="1"><Unicode>Novumq́ue veneror, quiſquis hic tandâ eſt, Deum,</Unicode></TextEquiv></TextLine><TextLine id="r0_l032"><Coords points="446,799 448,799 449,798 449,792 450,792 451,792 451,797 451,798 452,797 453,797 454,796 454,792 535,791 536,792 538,792 541,789 540,783 541,783 542,783 542,782 541,781 541,780 521,780 520,780 520,775 520,774 505,774 504,775 471,776 470,776 470,780 470,781 438,781 437,780 437,776 436,775 433,775 432,776 416,776 415,777 415,782 382,783 381,782 371,782 370,783 341,783 340,783 340,779 340,778 338,778 337,779 337,783 305,783 304,783 304,782 303,781 303,780 303,779 300,779 299,778 298,779 297,779 295,781 295,782 295,783 263,783 262,782 260,784 238,784 237,784 237,779 237,778 235,778 234,779 234,783 205,783 204,783 204,781 202,779 199,779 196,781 196,783 196,784 161,784 160,783 160,779 158,779 157,780 157,784 140,784 139,784 139,783 139,782 138,782 137,781 130,781 129,782 128,782 127,783 127,784 125,786 125,787 125,788 125,792 127,794 128,794 129,795 131,795 132,796 132,797 134,797 135,798 137,798 138,799 141,799 142,800 150,800 151,800 151,797 151,796 159,796 160,795 203,795 204,796 301,794 302,795 345,795 346,794 414,793 415,794 416,793 419,793 420,792 445,792 446,792 446,798 446,799"/><TextEquiv index="1"><Unicode>Qui noſter in te eſt animus : ohſequiis fides</Unicode></TextEquiv></TextLine><TextLine id="r0_l033"><Coords points="458,822 462,822 463,821 463,815 490,814 491,815 492,814 518,814 535,814 536,815 577,814 578,815 578,816 580,816 582,815 582,810 584,808 584,806 585,805 584,804 584,802 582,800 581,800 580,799 579,799 578,801 578,802 577,802 554,803 554,802 554,798 553,798 547,798 547,799 545,801 545,803 544,804 502,804 502,799 500,797 492,797 491,798 484,798 484,799 484,803 483,803 449,804 449,803 449,799 448,799 435,799 434,798 432,798 431,799 425,799 425,800 425,805 424,805 393,805 393,802 392,801 391,801 390,800 389,800 389,801 389,805 388,805 356,806 356,805 356,804 353,802 346,802 345,803 344,803 344,804 342,806 300,806 300,804 298,802 296,802 295,802 294,802 293,803 293,804 292,805 292,806 291,807 234,807 233,806 228,806 228,803 227,802 219,802 218,801 204,802 203,801 201,801 198,804 198,806 196,808 167,808 167,807 167,804 166,803 166,802 165,802 163,802 163,803 162,804 138,804 137,803 136,803 135,804 132,804 131,805 130,805 130,806 130,807 128,809 128,814 130,816 130,817 131,817 132,818 133,818 134,819 135,819 138,822 144,822 145,823 154,823 155,823 155,819 155,818 173,818 174,819 297,817 298,818 352,818 353,819 354,819 355,820 359,820 360,821 366,821 367,820 367,816 386,816 387,817 389,816 390,817 390,822 391,822 391,818 392,816 420,816 421,815 457,815 458,815 458,821 458,822"/><TextEquiv index="1"><Unicode>Quam ſolita conſtet: Quod mihi ex illo nefas?</Unicode></TextEquiv></TextLine><TextLine id="r0_l034"><Coords points="1,840 1,841 86,840 87,841 107,841 108,842 110,842 111,843 112,843 113,844 140,843 141,844 142,844 144,846 151,846 151,845 152,844 371,842 371,846 372,847 373,846 441,845 441,844 441,841 442,841 585,839 586,838 618,838 619,836 619,832 620,832 632,832 632,831 623,831 622,830 622,823 619,821 618,821 617,820 197,825 196,824 108,825 106,823 100,823 98,825 98,826 97,827 91,827 90,828 87,828 85,830 1,831 1,832 1,840"/><TextEquiv index="1"><Unicode>2 5 Quod facinus actâ eſt? Fraude quâ teneor nocens?</Unicode></TextEquiv></TextLine><TextLine id="r0_l035"><Coords points="492,868 493,868 493,867 494,866 509,866 509,863 510,862 555,862 555,861 555,859 554,858 554,851 552,851 551,850 550,850 549,849 489,849 488,849 488,845 488,844 466,845 465,844 464,844 463,845 156,848 155,849 132,849 131,850 129,850 127,852 128,853 128,866 129,866 236,865 236,866 236,867 237,867 259,867 259,870 260,871 260,870 260,866 261,866 302,865 303,864 469,863 469,867 470,868 491,867 492,868"/><TextEquiv index="1"><Unicode>Palam hoc, nec ullis abditum tenebris patet</Unicode></TextEquiv></TextLine><TextLine id="r0_l036"><Coords points="87,897 89,897 90,896 230,894 231,894 231,892 231,891 234,891 236,890 236,889 236,888 400,886 401,887 436,887 437,887 437,891 437,892 438,892 439,891 439,886 544,885 546,883 546,878 561,878 562,877 560,876 560,873 549,873 547,871 547,870 546,870 545,869 494,869 493,868 472,869 471,868 442,868 441,869 172,872 171,871 169,871 168,872 136,872 135,873 134,873 133,874 132,874 130,876 130,877 129,878 128,878 127,879 128,881 127,882 127,884 128,885 128,886 132,890 135,890 136,891 180,891 181,891 181,892 180,893 87,894 87,896 87,897"/><TextEquiv index="1"><Unicode>Cœloiue geritur teſte. S. Cur fari times?</Unicode></TextEquiv></TextLine><TextLine id="r0_l037"><Coords points="415,914 419,914 420,914 420,909 420,908 451,908 452,907 482,906 483,907 518,907 519,908 528,908 529,907 529,905 527,904 522,904 522,898 521,897 518,897 518,896 517,895 516,895 515,896 487,896 487,892 485,890 484,892 484,896 483,896 452,897 452,896 452,891 451,891 448,891 447,892 437,892 437,896 436,897 429,897 428,898 395,898 395,893 394,892 388,893 387,892 371,892 369,894 369,896 367,898 345,898 344,899 320,899 320,895 319,894 316,894 316,895 316,898 315,898 194,900 193,899 184,899 184,898 184,895 183,895 170,895 169,894 168,894 168,899 167,900 142,900 140,898 140,897 139,896 136,896 136,897 136,898 135,899 135,901 134,902 134,903 132,905 132,908 131,908 130,908 129,910 130,911 130,912 132,912 133,911 187,911 188,911 188,915 188,916 191,916 192,917 194,917 195,916 196,915 196,914 197,913 197,912 256,911 257,911 257,915 257,916 260,916 261,915 261,910 287,910 298,909 299,910 300,910 301,911 322,911 323,910 337,910 338,909 369,909 370,910 414,909 415,910 415,914"/><TextEquiv index="1"><Unicode>Ambigua turpe verba neſcſo quid volunt,</Unicode></TextEquiv></TextLine><TextLine id="r0_l038"><Coords points="203,941 204,941 204,940 204,935 205,935 240,934 240,935 240,939 241,939 242,939 242,935 243,934 298,933 298,934 298,937 299,937 301,937 304,934 328,934 329,933 336,933 337,932 388,932 389,932 416,932 417,931 436,931 479,931 480,932 546,931 547,930 575,929 575,930 575,931 577,932 578,932 579,931 579,925 580,924 582,924 582,918 579,915 578,915 577,914 574,914 574,915 574,917 573,917 547,918 547,917 547,915 544,913 543,914 543,918 542,919 536,919 535,920 492,920 491,919 480,919 480,915 478,914 465,914 464,915 464,919 463,920 397,920 397,916 396,915 395,915 394,914 393,914 393,915 393,916 392,916 372,917 371,918 371,920 370,921 346,921 345,922 322,922 322,917 321,916 317,916 317,917 317,918 316,918 315,918 315,919 315,921 312,923 288,924 287,923 278,923 277,922 264,922 263,923 234,923 233,922 204,923 203,922 180,922 179,923 151,923 151,918 150,917 149,917 149,918 149,919 148,919 133,919 133,920 133,927 132,928 132,934 134,935 144,935 145,934 175,934 175,939 176,940 176,939 176,934 177,934 202,934 202,940 203,941"/><TextEquiv index="1"><Unicode>Eloouere aperte; ſacra Achæmenidum colas?</Unicode></TextEquiv></TextLine><TextLine id="r0_l039"><Coords points="1,955 1,956 89,955 89,959 91,961 102,961 104,963 119,962 120,963 120,960 121,959 435,956 435,960 436,961 537,960 537,959 537,954 538,954 548,954 549,953 568,953 569,951 569,950 568,949 561,949 560,948 560,942 472,943 471,942 460,942 459,941 459,937 458,936 441,936 440,937 396,937 395,938 177,941 176,940 8,942 7,941 7,939 5,939 4,938 4,937 3,937 3,942 2,944 1,944 1,955"/><TextEquiv index="1"><Unicode>5 a9oChriſicne nomen dederis? hoc ſolum moror.</Unicode></TextEquiv></TextLine><TextLine id="r0_l040"><Coords points="543,983 545,983 546,982 546,980 549,980 550,979 550,978 574,977 575,977 575,976 576,975 576,974 575,973 574,973 573,972 571,973 571,972 570,966 567,966 566,965 566,964 564,964 563,965 539,965 538,964 538,960 535,960 534,960 534,964 534,965 479,966 478,965 477,965 476,966 447,966 446,965 439,965 438,964 438,961 435,961 434,961 434,964 434,965 427,965 426,966 408,966 407,966 407,962 407,961 381,962 380,961 377,961 376,961 376,967 376,968 286,969 285,968 263,968 262,967 262,964 260,962 258,964 221,964 220,963 210,963 209,964 158,965 157,964 132,964 131,965 131,968 132,969 133,972 134,973 134,974 135,975 135,979 136,980 136,981 166,981 167,980 206,979 207,980 265,980 266,981 267,981 268,980 301,979 302,980 319,980 320,979 360,979 361,978 389,977 390,978 397,978 398,977 519,976 520,977 520,982 542,982 543,983"/><TextEquiv index="1"><Unicode>VS. Dediſſe fateor: nec dati eriamnum piget.</Unicode></TextEquiv></TextLine><TextLine id="r0_l041"><Coords points="364,1011 366,1011 367,1010 367,1008 368,1007 369,1007 371,1005 371,1002 430,1001 431,1002 431,1006 432,1005 433,1005 434,1005 434,1001 434,1000 479,1000 480,1001 481,999 490,999 527,999 528,1000 579,999 580,1000 580,1003 581,1004 582,1003 583,1003 585,1001 599,1001 600,1001 600,1000 599,999 593,999 593,995 589,991 577,991 577,989 575,987 564,988 563,987 545,987 544,988 500,988 499,987 453,988 452,989 388,990 387,989 386,989 385,990 348,990 348,989 348,985 347,985 342,985 340,988 340,990 338,991 298,991 298,987 297,986 297,985 296,985 295,986 295,991 294,992 250,992 250,987 249,986 184,987 183,988 153,988 152,987 137,987 136,988 134,988 132,991 132,999 131,999 130,999 129,1001 129,1002 130,1003 131,1003 132,1004 182,1004 183,1005 185,1005 186,1006 189,1006 190,1007 191,1007 192,1007 192,1010 192,1011 198,1011 199,1010 199,1004 220,1003 221,1004 222,1003 254,1003 255,1004 262,1004 263,1004 263,1008 263,1009 271,1009 273,1007 273,1003 308,1002 309,1003 329,1003 330,1002 356,1002 357,1003 361,1003 362,1003 362,1006 364,1008 364,1010 364,1011"/><TextEquiv index="1"><Unicode>SA. Quid hic polum flagrante percurrens rota,</Unicode></TextEquiv></TextLine><TextLine id="r0_l042"><Coords points="221,1031 222,1031 223,1030 223,1028 224,1027 256,1027 257,1026 299,1025 300,1026 355,1026 356,1025 366,1025 367,1024 391,1023 392,1024 412,1024 413,1023 455,1023 456,1022 463,1022 491,1021 492,1022 525,1022 526,1021 526,1016 527,1015 528,1015 529,1013 529,1012 530,1011 529,1010 529,1009 528,1008 527,1008 526,1008 525,1007 523,1007 523,1008 523,1010 522,1010 511,1010 510,1011 483,1011 483,1007 482,1006 476,1007 476,1006 476,1005 475,1005 472,1005 472,1010 471,1011 425,1011 424,1012 393,1012 393,1010 391,1008 388,1009 387,1008 386,1008 385,1009 385,1011 383,1013 371,1013 370,1014 324,1014 324,1011 322,1009 308,1009 308,1010 308,1014 307,1014 281,1015 281,1014 281,1009 280,1009 262,1009 261,1010 245,1010 245,1011 245,1015 244,1015 239,1015 238,1016 209,1016 207,1015 204,1016 202,1014 200,1014 200,1013 200,1011 199,1011 191,1011 190,1012 190,1014 189,1015 144,1015 144,1013 142,1011 131,1011 131,1012 131,1026 130,1027 132,1028 134,1028 135,1027 152,1027 153,1026 207,1025 208,1026 220,1026 220,1027 220,1031 221,1031"/><TextEquiv index="1"><Unicode>Et nocte pulsâ lucidum mnſtaurans diem.?</Unicode></TextEquiv></TextLine><TextLine id="r0_l043"><Coords points="203,1056 207,1055 208,1054 576,1050 576,1049 209,1053 208,1053 208,1052 209,1051 474,1049 475,1047 475,1046 476,1046 565,1045 566,1043 566,1034 565,1033 562,1033 561,1032 561,1031 534,1031 533,1030 533,1027 532,1026 531,1026 529,1028 278,1031 277,1032 222,1032 221,1033 133,1034 132,1035 132,1037 133,1038 133,1050 134,1050 136,1050 137,1051 150,1051 150,1052 150,1054 151,1054 202,1054 202,1055 203,1056"/><TextEquiv index="1"><Unicode>Deum eſſe Mithram credis? aut cujus calent</Unicode></TextEquiv></TextLine><TextLine id="r0_l044"><Coords points="243,1079 244,1079 245,1078 257,1078 258,1077 259,1077 261,1075 261,1072 287,1072 288,1073 297,1073 298,1073 298,1076 301,1076 303,1075 303,1073 303,1072 331,1072 332,1073 332,1075 334,1074 334,1073 334,1072 354,1072 355,1071 379,1071 380,1071 380,1075 380,1076 383,1076 384,1075 384,1072 396,1071 398,1069 443,1069 444,1068 539,1067 540,1066 548,1066 549,1065 548,1060 549,1059 549,1058 550,1057 550,1052 551,1052 576,1051 576,1050 551,1051 550,1050 523,1050 522,1049 521,1050 519,1050 518,1051 516,1051 514,1053 514,1056 477,1057 476,1056 473,1056 472,1057 447,1057 446,1056 446,1052 443,1052 442,1052 442,1056 442,1057 405,1057 404,1058 382,1059 381,1060 354,1060 353,1059 353,1055 352,1054 348,1054 344,1057 344,1059 344,1060 323,1060 322,1061 304,1061 303,1061 303,1058 302,1056 301,1056 300,1057 300,1058 299,1059 287,1060 286,1061 222,1061 221,1060 211,1060 210,1060 210,1058 208,1055 203,1056 201,1057 201,1058 200,1059 200,1060 200,1061 156,1061 155,1061 155,1057 154,1055 153,1055 152,1056 151,1056 150,1057 135,1057 134,1058 127,1058 126,1059 99,1060 98,1061 96,1061 95,1062 94,1062 93,1062 94,1069 93,1070 93,1073 93,1074 105,1074 106,1074 106,1075 107,1077 109,1077 110,1076 122,1075 124,1073 152,1073 153,1072 207,1071 208,1072 228,1072 229,1073 229,1074 242,1074 243,1075 243,1079"/><TextEquiv index="1"><Unicode>955Vi cuncta, egentq́ue, ſemper ardentem fci</Unicode></TextEquiv></TextLine><TextLine id="r0_l045"><Coords points="404,1099 405,1099 406,1099 406,1093 406,1092 452,1092 453,1091 456,1091 457,1091 457,1096 457,1097 458,1096 458,1091 479,1091 480,1092 481,1091 482,1090 578,1089 579,1090 579,1093 581,1093 583,1092 583,1091 584,1090 584,1087 582,1085 577,1085 577,1079 575,1077 538,1078 538,1077 538,1073 537,1073 511,1073 510,1075 510,1079 509,1079 483,1079 483,1075 481,1073 480,1074 479,1073 478,1073 477,1074 476,1074 475,1075 475,1076 474,1077 474,1079 473,1080 434,1080 434,1077 432,1075 430,1075 430,1076 430,1081 429,1081 382,1082 382,1081 382,1079 381,1079 348,1079 347,1078 342,1078 341,1079 321,1079 321,1080 321,1091 320,1091 300,1091 300,1089 299,1088 299,1087 296,1085 281,1085 280,1084 246,1084 246,1080 245,1079 223,1079 222,1078 215,1078 214,1077 213,1078 212,1078 212,1079 212,1082 211,1082 185,1083 184,1084 148,1084 148,1083 146,1081 145,1081 144,1080 136,1080 136,1081 136,1094 135,1095 135,1096 168,1096 169,1095 183,1095 184,1095 184,1101 184,1102 185,1102 186,1101 186,1095 205,1095 206,1095 248,1095 249,1096 249,1100 250,1101 256,1101 258,1099 258,1098 259,1097 259,1095 284,1095 285,1096 373,1095 374,1094 374,1093 403,1092 404,1093 404,1099"/><TextEquiv index="1"><Unicode>Penetralis ignem. VS. Verus hæc finxit ſator,</Unicode></TextEquiv></TextLine><TextLine id="r0_l046"><Coords points="357,1124 359,1124 360,1123 374,1123 374,1122 374,1117 375,1117 396,1116 397,1115 423,1115 424,1114 493,1113 494,1114 496,1114 497,1113 543,1113 544,1114 584,1113 585,1114 592,1114 592,1115 592,1117 593,1117 597,1117 599,1115 599,1112 600,1111 602,1111 602,1109 601,1107 592,1107 591,1107 591,1102 590,1101 589,1101 588,1100 587,1100 586,1099 585,1099 585,1100 585,1101 584,1101 558,1102 556,1099 556,1098 555,1098 554,1098 553,1097 543,1097 543,1100 542,1101 513,1101 513,1100 512,1099 512,1098 511,1097 482,1097 481,1096 480,1097 479,1096 477,1096 474,1099 447,1099 446,1100 446,1102 445,1103 445,1105 444,1106 444,1108 443,1109 443,1110 443,1111 417,1111 416,1111 416,1105 415,1104 407,1104 407,1100 406,1099 404,1099 404,1100 404,1104 403,1104 372,1105 371,1106 324,1106 324,1102 322,1100 291,1101 290,1102 289,1102 289,1106 288,1107 243,1107 243,1103 242,1102 241,1102 240,1101 239,1103 239,1104 238,1105 238,1106 237,1106 236,1106 235,1107 204,1108 203,1107 186,1107 186,1106 186,1102 185,1102 183,1102 183,1106 182,1107 175,1107 174,1108 148,1108 148,1105 146,1103 133,1103 132,1105 132,1119 134,1120 138,1120 139,1119 208,1118 209,1119 238,1119 238,1120 238,1122 239,1122 243,1122 244,1121 244,1120 245,1119 309,1118 310,1119 311,1118 348,1118 348,1121 350,1123 356,1123 357,1124"/><TextEquiv index="1"><Unicode>Hominumq́ue ad uſus peperit. At fruſtra Deos,</Unicode></TextEquiv></TextLine><TextLine id="r0_l047"><Coords points="376,1147 378,1147 378,1146 378,1140 379,1140 390,1139 391,1140 395,1140 395,1139 396,1138 428,1138 429,1137 456,1137 457,1138 496,1137 497,1136 496,1135 496,1126 496,1125 481,1126 480,1125 479,1125 478,1126 448,1126 447,1125 437,1125 436,1124 436,1120 434,1120 433,1121 407,1121 405,1123 336,1124 335,1125 335,1129 273,1130 271,1128 270,1128 268,1130 202,1131 201,1130 182,1130 181,1129 181,1128 180,1127 180,1126 179,1125 176,1125 173,1127 173,1129 173,1130 148,1130 147,1130 147,1127 147,1126 135,1126 134,1127 134,1142 133,1143 134,1143 141,1143 142,1142 168,1142 169,1141 200,1141 201,1142 204,1142 204,1148 205,1149 205,1148 205,1142 206,1142 213,1141 213,1142 213,1147 214,1147 215,1147 215,1143 217,1141 302,1140 303,1141 352,1141 353,1140 375,1140 375,1146 376,1147"/><TextEquiv index="1"><Unicode>Fruſtra potentes credula &amp; ficti tenax</Unicode></TextEquiv></TextLine><TextLine id="r0_l048"><Coords points="168,1172 170,1172 171,1171 171,1168 172,1168 173,1167 175,1167 176,1166 176,1165 227,1164 228,1165 297,1165 298,1165 323,1165 324,1166 324,1168 327,1168 330,1165 332,1165 333,1164 343,1164 344,1163 398,1162 399,1161 415,1161 416,1160 441,1160 442,1161 451,1161 452,1160 453,1160 455,1158 455,1157 456,1156 455,1151 453,1149 422,1149 420,1147 419,1147 418,1146 414,1146 413,1145 393,1145 392,1146 376,1147 375,1147 375,1151 375,1152 352,1152 351,1151 350,1151 348,1153 326,1153 325,1153 325,1148 325,1147 308,1147 307,1148 288,1149 287,1150 286,1150 285,1150 284,1151 284,1152 284,1153 240,1153 239,1152 238,1152 237,1153 212,1153 211,1152 205,1153 204,1152 204,1148 203,1148 201,1149 201,1153 201,1154 178,1154 177,1153 147,1153 146,1153 146,1151 146,1150 145,1150 144,1149 139,1149 134,1154 135,1162 136,1163 136,1165 137,1165 138,1166 142,1166 143,1165 167,1165 168,1165 168,1171 168,1172"/><TextEquiv index="1"><Unicode>Sac mvit ætas. Scilicet vitâ Deus</Unicode></TextEquiv></TextLine><TextLine id="r0_l049"><Coords points="1,1185 1,1186 95,1185 96,1185 96,1187 94,1189 94,1192 95,1194 206,1193 208,1194 256,1194 257,1195 259,1195 260,1194 300,1193 301,1192 375,1192 376,1191 376,1190 514,1188 516,1187 516,1186 516,1185 581,1184 584,1182 584,1169 585,1168 582,1165 496,1166 496,1165 495,1164 493,1164 492,1165 478,1166 476,1168 382,1169 382,1170 381,1171 171,1173 170,1172 8,1174 8,1173 8,1170 9,1169 7,1167 7,1165 6,1165 2,1165 2,1164 2,1161 1,1161 1,1185"/><TextEquiv index="1"><Unicode>30 Aimaq́ue, quam nos trahimus ex illo, caretſ</Unicode></TextEquiv></TextLine><TextLine id="r0_l050"><Coords points="603,1186 604,1207 631,1206 630,1185 603,1186"/><TextEquiv index="1"><Unicode>Er</Unicode></TextEquiv></TextLine><TextLine id="r0_l051"><Coords points="418,1191 419,1216 461,1215 460,1190 418,1191"/><TextEquiv index="1"><Unicode>Ee4</Unicode></TextEquiv></TextLine></TextRegion></Page></PcGts>