673 1290
192 44 519 71 DtONYSII PETAVII
60 41 105 65 6
124 68 444 93 O mneum ſi quod meritis piorum
124 91 477 116 Tempus adſcribatſ muea ſi quis aure
79 115 475 141 400 Proſperâ captans Supetum henignè
235 136 402 162 Vota ſecundet!
82 151 412 184 Non ego Eois opulenta terris
125 185 487 209 Scept a: non gaxas Arabum nitentes
125 207 452 234 Præſeram: nulli magis expetitus
80 231 116 250 95
234 230 365 254 Serviat orbis.
160 277 292 293 5I
357 279 620 298 C5V 5N5V o
121 277 661 322 A I V 0S E C V NIV V S.
125 340 663 381 Simeon Martyrii deſiderio accenditur: ex!
153 375 665 417 ngelo Vſtaani lapſum intelligit,
152 405 664 447 jubetuŕ eum ad martyrium animare.
208 449 581 473 SIMEON. ANGELVS.
124 483 524 510 S. meoſa rerum ſpatia qui nutu regis
153 506 604 533 Iominator orbis, toſlra quem patrio è ſinu
147 528 557 556 pelicis ævi comuotem in terras, ſalus
124 553 569 579 ietaſq́ue traxit: generi ut adſcriptus. neſas
103 577 547 602 5 Commune lueres: debitam & noſtro luem
124 600 574 625 Tuo expiares capite: qui clauſum poli-
123 622 530 651 Penetrale reſers: qui triumphatæ Stygis
121 645 482 672 Victr ſub axes ſpoſia ſidereos trahis
624 653 661 683 0
122 669 662 736 Quem mente, uem nos ore concipimus Deum:
88 692 478 718 40 Cui ſacra ſoli ferinus. En voti reus
120 715 522 742 Tibi ſancte grates geuitor vindex ago.
121 738 544 764 Haheo experitum tempus: ad pcnas vocor
121 761 485 788 Pro te cupitas. O meis ſero datum,
121 785 562 812 Ser imperratum prec.bus & lacrymis diem,
89 807 515 834 15 Quo te Deum conſeſſus, has pro te vices,
119 831 670 897 Hec vincla meruiſQaamquâ ego hic merit loquor?
119 854 560 881 Non eſt, nec illud merita conringunt decus.
119 876 575 904 Gratiſque conſtat omne. Quod ſupereſt, ades.
120 900 543 927 Fer opem labantem. ni tua auxilio manus
88 920 499 950 20 Succedat, ultrò robore immiſſo alleva.
119 946 571 974 Cœptum eſt: eatur: noſter in curſu eſt labor.
119 969 540 997 Imbelle pectus concute, atque animos ſeni,
118 992 521 1020 Sed non ſeniles ſubde Deeſt votis adhuc
117 1015 657 1058 Mors jam propinqua. Da mihi extremum hoc, mori
84 1033 508 1064 ! Liceat: vel ante mortis exitium, manet
117 1060 580 1093 Quodcumoue durum, atroxq́ue: per poonas eat
116 1083 550 1113 Intrepidus omnes animus Huic facilis ſpei,
116 1105 530 1135 Placidoque Chriſte numine aſpirans fave.
117 1129 543 1161 Non ille pelagus puppe longinquum ſecans,
84 1149 543 1182 QQemn tenera proles, caſta quem conjux diu
525 1183 654 1219 Epect.
