<PcGts xmlns="http://schema.primaresearch.org/PAGE/gts/pagecontent/2019-07-15" xmlns:xsi="http://www.w3.org/2001/XMLSchema-instance" xsi:schemaLocation="http://schema.primaresearch.org/PAGE/gts/pagecontent/2019-07-15 http://schema.primaresearch.org/PAGE/gts/pagecontent/2019-07-15/pagecontent.xsd"><Metadata><Creator>User123</Creator><Created>2022-01-24T09:06:09</Created><LastChange>2022-01-24T09:06:09</LastChange></Metadata><Page imageFilename="0077.png" imageHeight="1302" imageWidth="697"><TextRegion id="r0" type="paragraph" orientation="-0.25"><Coords points="1,1 695,1 695,1300 1,1300"/><TextLine id="r0_l001"><Coords points="305,76 308,76 309,75 309,74 370,74 371,74 371,71 371,70 527,71 528,72 555,72 556,72 556,75 556,76 559,76 560,75 570,75 572,73 572,72 573,71 573,70 574,69 574,68 576,66 576,64 578,62 578,60 577,60 576,60 575,59 518,59 518,58 518,56 517,55 517,54 516,54 495,54 494,53 419,52 418,51 416,51 415,50 285,50 284,49 137,48 136,47 134,47 133,48 87,48 87,50 86,51 87,52 87,53 90,56 90,57 91,58 91,60 92,61 92,63 93,64 93,65 94,67 95,67 96,66 298,67 302,70 302,71 305,74 305,75 305,76"/><TextEquiv index="1"><Unicode>STHAÆANE TRAGOEDIA. 37</Unicode></TextEquiv></TextLine><TextLine id="r0_l002"><Coords points="315,98 316,98 316,97 316,96 317,96 334,96 334,95 334,90 335,90 408,90 408,91 408,94 409,94 411,92 462,92 464,91 465,91 465,90 465,82 464,81 425,80 424,80 425,77 424,76 424,75 423,74 422,74 422,75 421,79 379,79 378,78 372,78 371,78 372,75 371,74 346,74 345,73 343,73 342,77 342,78 311,78 310,77 311,76 310,76 309,76 308,78 308,79 283,79 282,78 271,78 270,77 271,73 269,72 255,72 254,73 254,76 253,77 251,77 250,78 202,77 201,76 189,76 188,77 136,77 135,76 135,74 133,72 131,72 130,73 127,73 125,76 125,77 124,77 116,77 115,78 83,78 82,77 83,76 80,74 74,74 73,73 68,73 67,74 67,75 68,76 67,88 69,90 70,90 71,91 74,91 75,90 98,90 98,94 99,95 102,95 103,93 103,89 104,89 138,89 139,88 162,88 162,89 162,92 163,92 164,92 166,90 166,89 167,88 287,89 287,95 288,96 289,96 289,95 289,89 290,89 305,89 306,90 313,90 313,91 314,92 314,97 315,98"/><TextEquiv index="1"><Unicode>Expectat, atro turbine iiplicitus, lares</Unicode></TextEquiv></TextLine><TextLine id="r0_l003"><Coords points="239,119 240,120 240,119 240,113 241,113 247,113 247,115 249,117 250,117 251,118 255,118 258,114 258,112 259,112 295,112 296,113 303,113 303,116 304,117 305,117 306,115 306,113 307,113 411,113 412,114 443,114 444,115 457,115 458,114 485,115 486,113 486,112 482,112 481,111 481,105 480,104 478,104 477,103 476,103 475,104 467,104 466,105 432,104 431,103 412,103 411,102 387,102 386,101 380,101 379,101 379,98 379,97 372,97 371,96 369,96 368,97 368,102 321,102 320,101 317,101 316,100 315,100 314,101 290,101 289,100 289,96 278,96 277,97 273,97 272,97 272,99 272,100 254,100 253,101 127,100 126,101 82,101 81,100 81,98 77,98 76,97 69,97 68,97 68,112 69,113 76,113 77,112 100,112 100,117 101,118 105,118 105,117 105,112 106,112 174,112 175,111 222,111 223,112 239,113 239,119"/><TextEquiv index="1"><Unicode>Re petere tantum geſtit, nc reditum vovet.</Unicode></TextEquiv></TextLine><TextLine id="r0_l004"><Coords points="519,144 520,144 522,142 523,142 523,141 523,136 522,135 522,134 517,134 516,133 516,127 513,127 512,126 512,125 507,125 506,124 506,121 492,121 491,120 490,121 470,121 469,121 469,127 469,128 433,127 432,126 427,126 426,126 426,122 426,121 417,121 416,120 415,121 415,122 411,122 409,124 409,125 329,125 328,124 326,124 325,125 284,125 283,124 283,123 268,123 267,122 267,119 266,118 265,118 263,119 263,123 263,124 206,123 205,123 205,119 204,117 203,118 190,118 189,119 189,123 172,123 171,124 136,124 135,123 122,123 121,124 85,124 84,123 84,121 73,121 72,120 71,121 68,121 67,121 67,122 69,124 69,135 70,136 75,136 76,135 226,135 227,134 287,135 288,136 340,136 340,142 341,143 342,142 355,142 355,138 356,137 373,137 374,136 401,136 402,137 433,137 434,138 445,138 446,139 455,139 456,140 457,139 458,139 459,138 517,139 517,142 519,144"/><TextEquiv index="1"><Unicode>Non tam aridus imbres campus æſtivos bibit,</Unicode></TextEquiv></TextLine><TextLine id="r0_l005"><Coords points="354,166 355,166 355,160 356,159 373,159 374,160 409,160 411,158 411,154 412,153 412,152 409,148 384,148 383,148 383,145 382,143 379,143 378,144 377,144 374,147 374,148 343,148 342,147 342,143 341,143 340,143 340,147 340,148 307,148 306,147 306,143 300,143 299,143 299,146 299,147 272,147 271,146 271,142 269,142 267,143 267,146 267,147 245,147 244,148 209,147 208,147 208,146 207,144 206,144 205,145 205,147 166,147 165,147 165,142 165,141 123,141 122,142 121,142 120,143 120,144 119,144 119,145 118,147 79,147 78,146 78,143 77,143 76,142 69,142 68,142 68,144 69,145 71,145 71,154 69,156 69,157 71,159 72,159 73,158 117,158 118,159 119,159 120,158 195,158 195,159 195,163 196,163 226,163 227,164 229,164 229,159 230,158 242,159 243,158 286,158 286,161 287,162 288,162 291,159 354,159 354,160 354,166"/><TextEquiv index="1"><Unicode>Iam ſole longo putris, Icarius face</Unicode></TextEquiv></TextLine><TextLine id="r0_l006"><Coords points="395,190 413,190 413,184 414,183 433,183 433,184 433,185 435,186 438,186 439,185 439,183 437,180 431,180 430,180 430,173 430,172 429,172 428,171 420,171 419,171 419,167 419,166 418,166 416,168 416,172 398,172 397,171 390,171 389,171 389,169 388,167 385,167 384,166 383,166 382,167 357,167 356,166 326,166 325,165 323,165 322,166 319,166 316,168 316,170 316,171 288,171 287,170 287,167 286,167 285,166 284,166 283,166 283,170 283,171 262,171 261,170 237,170 236,171 183,170 182,169 181,170 149,170 148,169 147,169 146,170 113,170 112,169 112,165 110,163 108,165 89,165 88,166 70,166 69,166 69,168 69,169 42,169 41,170 40,170 39,170 39,181 37,183 37,185 39,187 43,187 44,188 45,188 46,187 47,187 47,186 47,185 48,185 55,185 58,182 104,182 105,181 210,181 211,182 212,181 315,182 316,183 318,183 319,182 348,182 349,183 350,182 379,182 380,183 394,183 394,184 394,190 395,190"/><TextEquiv index="1"><Unicode>5 Hiulca torrens arva cum ſindit Canis.</Unicode></TextEquiv></TextLine><TextLine id="r0_l007"><Coords points="386,212 387,212 388,212 388,207 388,206 413,206 414,206 414,204 413,203 413,191 413,190 395,190 394,191 391,191 389,193 389,194 387,195 363,195 363,190 363,189 338,189 337,188 336,188 334,190 333,190 332,191 308,191 307,191 307,193 306,194 263,194 263,193 263,191 260,188 259,188 258,189 256,189 253,191 253,192 252,193 244,193 243,194 241,194 240,195 202,194 202,189 202,188 194,188 193,189 193,193 192,193 137,193 137,188 137,187 128,187 127,188 120,188 119,188 119,193 118,194 93,194 92,193 86,193 86,192 86,191 85,190 70,190 68,191 69,193 70,193 71,193 71,202 70,203 70,204 70,205 92,205 93,204 124,204 125,205 127,205 128,204 161,204 162,205 162,211 163,211 163,205 163,204 168,204 179,204 180,205 229,205 230,204 282,205 283,206 291,206 292,206 292,208 292,209 294,207 319,207 320,206 385,206 386,207 386,212"/><TextEquiv index="1"><Unicode>Nec ille canibus actus, &amp; feſſus ſiti</Unicode></TextEquiv></TextLine><TextLine id="r0_l008"><Coords points="492,237 493,237 494,236 494,219 498,219 499,218 499,216 498,216 497,216 497,217 496,218 469,218 469,217 469,212 468,212 465,212 465,217 464,218 401,217 401,213 400,212 378,212 378,213 378,218 377,218 325,218 324,217 299,217 298,216 296,218 267,218 266,217 228,216 227,215 226,215 226,216 226,217 225,217 189,217 188,216 177,216 177,212 176,211 161,211 161,212 161,217 160,217 131,217 130,216 127,216 126,217 83,217 83,216 83,212 82,212 71,212 70,211 68,211 68,212 67,213 67,216 67,217 69,217 70,217 70,226 70,227 85,227 86,228 92,228 93,227 109,227 126,227 127,228 146,228 147,229 147,234 150,234 152,233 152,229 152,228 233,228 234,228 290,228 291,229 292,228 354,228 355,229 355,233 357,235 360,235 361,236 362,236 363,236 363,235 365,233 365,230 365,229 399,229 400,230 401,229 432,229 433,230 433,234 436,234 437,234 437,230 437,229 457,229 458,230 459,230 460,229 480,230 481,230 481,233 481,234 483,234 484,233 484,232 485,231 485,229 486,228 486,219 491,219 492,219 492,236 492,237"/><TextEquiv index="1"><Unicode>Tam cupidus amnes cervus egelidos petit,</Unicode></TextEquiv></TextLine><TextLine id="r0_l009"><Coords points="107,258 127,258 128,258 128,252 128,251 210,251 211,252 211,257 212,257 214,256 214,252 214,251 227,251 228,250 262,251 263,252 276,252 277,252 277,256 277,257 279,257 280,256 280,252 308,252 309,252 309,256 309,257 312,257 313,256 313,251 349,251 350,252 350,254 351,255 353,254 353,253 353,252 452,252 453,253 457,253 458,252 506,253 507,254 535,254 537,252 537,247 536,246 536,245 535,245 534,245 534,244 534,242 533,242 501,242 500,241 494,241 494,240 494,237 493,237 491,237 491,241 490,242 457,241 457,238 455,236 444,236 443,235 415,235 415,236 415,241 414,241 367,241 366,240 364,240 364,237 363,236 343,236 342,235 341,235 341,239 340,240 333,240 332,241 306,241 305,240 304,241 264,241 263,240 254,240 253,239 252,239 251,240 235,240 234,241 191,240 191,237 190,236 190,235 189,234 173,234 172,236 172,240 171,240 128,240 127,239 85,239 83,237 82,237 81,236 80,236 79,235 74,235 73,236 72,236 71,237 70,237 69,238 69,240 68,241 68,243 69,244 69,245 73,250 75,250 76,251 77,251 78,252 81,252 82,253 83,253 84,254 87,254 88,255 94,255 95,254 95,251 106,251 107,251 107,257 107,258"/><TextEquiv index="1"><Unicode>Quantum illa pro te perpeti, hunc lethi exitum</Unicode></TextEquiv></TextLine><TextLine id="r0_l010"><Coords points="202,281 203,281 204,281 204,275 204,274 231,274 232,275 233,275 234,275 278,275 280,277 282,275 348,275 349,274 373,274 374,275 436,275 438,274 438,269 439,268 439,267 436,264 428,264 427,263 407,263 407,260 405,258 403,258 403,259 403,264 402,264 368,264 368,260 366,258 347,258 345,260 345,262 343,264 306,264 306,263 306,261 305,260 305,259 304,259 292,259 291,258 269,258 269,263 268,264 238,264 237,263 227,262 227,259 226,258 215,258 214,259 213,259 213,260 213,271 212,271 190,271 190,267 187,264 186,264 185,263 128,263 128,259 127,258 101,258 100,257 99,257 98,258 70,258 70,259 71,260 71,273 71,274 109,274 110,274 110,280 110,281 112,281 113,280 113,274 141,274 158,274 159,275 159,280 161,280 162,280 162,279 163,278 163,275 163,274 194,274 195,275 196,275 197,274 201,274 202,275 202,281"/><TextEquiv index="1"><Unicode>Felicis opto. Tu mihi hoc ſolus dare</Unicode></TextEquiv></TextLine><TextLine id="r0_l011"><Coords points="317,305 319,305 320,304 320,298 338,298 339,299 357,299 358,298 388,298 389,299 389,304 392,304 393,304 393,300 393,299 506,300 507,299 508,299 509,298 509,289 507,288 506,288 505,287 504,288 477,288 474,285 471,285 470,284 467,284 466,283 463,283 462,284 462,288 461,288 439,288 438,287 369,287 369,283 367,281 366,281 365,282 338,282 337,283 301,283 300,282 267,282 266,281 264,281 263,282 262,282 261,283 260,283 260,284 259,285 258,285 258,286 257,287 225,286 225,283 224,282 218,282 217,281 214,281 213,280 212,281 202,281 201,282 174,282 172,280 170,280 169,282 169,286 168,286 113,286 113,285 113,281 112,281 109,281 109,284 108,285 84,285 84,284 84,283 82,282 81,282 80,281 71,281 70,282 54,282 53,283 44,283 43,284 42,284 42,285 39,288 39,289 37,291 37,292 38,293 38,294 38,295 42,295 43,295 43,299 43,300 47,300 49,298 76,298 77,297 142,297 143,298 151,298 152,299 152,301 153,301 154,301 154,300 155,298 166,298 221,298 222,299 222,301 223,301 225,300 225,299 225,298 233,298 234,298 264,298 265,299 269,299 270,299 270,304 270,305 272,305 273,304 273,299 285,299 286,298 316,298 317,298 317,304 317,305"/><TextEquiv index="1"><Unicode>40 Potis es, dabiſíue Cbriſte Sic præ te Deos</Unicode></TextEquiv></TextLine><TextLine id="r0_l012"><Coords points="1,310 1,329 2,328 8,329 8,328 8,325 9,324 9,321 10,321 257,322 257,327 258,328 464,329 465,330 468,330 468,329 468,323 469,323 491,323 493,320 493,317 492,316 492,312 491,311 404,310 403,310 404,306 403,305 402,305 401,304 99,303 98,304 6,304 5,309 5,310 1,309 1,310"/><TextEquiv index="1"><Unicode>Nihili orbe toto faciat hinc Phœbo tepens</Unicode></TextEquiv></TextLine><TextLine id="r0_l013"><Coords points="446,352 448,352 448,346 449,345 468,346 469,344 468,343 468,330 465,330 464,330 464,333 464,334 459,333 458,334 383,334 382,333 377,333 376,333 376,329 376,328 354,328 353,329 353,333 285,333 284,332 284,328 257,328 256,328 256,332 255,334 211,333 210,333 210,328 210,327 208,327 207,328 207,333 134,333 133,332 131,332 130,333 104,333 103,332 103,327 101,327 100,328 76,328 75,329 73,329 71,330 71,331 69,333 69,334 68,335 68,339 69,340 69,341 71,343 72,343 74,345 81,345 82,344 156,344 156,345 156,349 157,349 184,349 184,345 185,344 221,344 222,345 244,346 246,344 256,344 276,344 277,345 305,345 305,349 306,350 309,350 309,349 309,344 310,344 360,344 360,345 360,349 361,349 362,349 362,346 364,344 404,344 405,345 445,345 445,346 445,352 446,352"/><TextEquiv index="1"><Unicode>Oriente populus: inde præcipitem mari</Unicode></TextEquiv></TextLine><TextLine id="r0_l014"><Coords points="417,373 418,374 418,369 419,368 449,368 449,358 448,357 448,353 448,352 441,352 440,352 440,351 440,350 438,350 437,351 437,357 404,357 403,357 403,352 402,350 401,350 400,351 397,351 395,353 395,354 394,355 394,356 390,356 389,357 364,357 363,357 363,352 363,351 359,351 356,354 356,356 324,356 323,357 285,357 282,354 282,352 281,351 269,351 267,352 267,355 267,356 262,356 261,357 234,357 233,357 209,357 207,355 206,356 182,356 181,356 181,352 180,350 179,350 178,351 168,351 167,352 167,356 124,356 123,356 123,355 122,354 122,352 121,350 119,352 119,356 86,356 85,355 85,351 82,351 81,350 75,350 74,351 73,351 72,351 72,352 72,353 71,353 70,353 70,354 67,357 67,359 68,360 68,363 71,366 72,366 73,367 75,367 76,368 82,368 83,367 114,367 115,368 116,367 229,367 230,368 247,369 247,373 248,374 251,374 251,373 251,368 252,368 278,368 278,371 279,372 283,372 283,371 283,368 284,368 320,368 321,367 342,367 365,367 366,368 367,368 368,367 399,367 400,368 412,368 412,369 412,373 413,373 417,373"/><TextEquiv index="1"><Unicode>Condens Ibero: quique tranſverſi poli</Unicode></TextEquiv></TextLine><TextLine id="r0_l015"><Coords points="1,389 1,390 2,391 164,392 164,393 164,396 165,396 224,396 225,397 226,397 227,398 230,398 231,397 232,397 233,396 233,395 235,394 452,394 452,395 452,396 454,397 456,397 457,396 457,395 458,394 458,393 459,392 500,393 501,392 502,392 502,391 502,389 501,388 501,381 500,380 467,380 466,379 450,378 449,378 449,375 448,373 392,373 391,374 373,374 372,375 75,374 74,375 8,375 7,375 7,376 7,377 6,377 5,378 3,377 1,379 1,389"/><TextEquiv index="1"><Unicode>Sub utroque degunt axe; nec ſola inclytum</Unicode></TextEquiv></TextLine><TextLine id="r0_l016"><Coords points="1,421 1,422 6,423 7,423 7,428 7,429 8,429 9,428 9,422 44,422 45,421 103,421 104,420 104,419 105,419 255,420 256,419 257,419 259,417 495,418 497,415 497,411 496,410 496,406 495,405 483,405 482,404 481,404 480,403 388,402 387,402 387,398 386,396 310,396 309,397 105,396 103,398 76,398 74,399 74,400 73,401 73,402 73,403 5,403 4,403 4,413 2,413 1,414 1,420 1,421"/><TextEquiv index="1"><Unicode>45 Auſonia numen regna: ſed Perſæ tremant;</Unicode></TextEquiv></TextLine><TextLine id="r0_l017"><Coords points="449,445 450,445 450,438 450,437 458,437 459,438 459,443 460,444 461,444 463,443 463,442 464,441 464,439 510,439 511,440 512,439 517,439 519,437 519,436 520,435 520,427 518,426 512,426 511,427 464,427 464,426 464,422 463,422 430,421 430,420 415,420 414,421 414,426 413,426 383,426 383,423 382,422 366,422 365,421 363,421 361,424 361,426 360,426 321,426 320,425 300,425 300,424 300,422 298,421 276,421 276,420 274,420 272,421 271,421 269,423 269,425 268,426 254,426 253,427 182,426 181,425 172,425 171,426 104,426 104,425 104,421 103,421 100,421 100,420 77,420 74,422 71,422 69,424 69,425 68,426 68,431 69,432 69,433 70,435 73,435 74,435 74,436 74,437 77,437 78,438 79,438 81,440 88,440 89,441 93,441 94,440 95,440 96,439 96,437 103,437 104,437 104,443 104,444 108,444 109,443 109,437 186,437 187,438 187,441 188,442 188,443 194,443 197,441 197,438 197,437 222,437 223,438 226,438 227,437 290,438 291,437 313,437 338,437 339,437 339,442 339,443 342,443 343,442 343,438 432,438 433,437 448,437 449,438 449,445"/><TextEquiv index="1"><Unicode>Qui nuna regentum ſcelere prô! miſeri jacees</Unicode></TextEquiv></TextLine><TextLine id="r0_l018"><Coords points="427,468 430,468 431,468 431,462 431,461 443,461 444,462 449,462 450,463 451,463 451,446 450,445 447,445 447,446 447,449 446,449 416,449 416,445 414,443 412,443 412,444 412,450 411,450 379,450 378,449 355,449 354,450 327,450 326,449 316,449 316,448 316,445 315,445 285,445 284,444 283,444 282,445 273,445 272,446 271,446 271,447 270,448 270,456 268,458 245,458 245,457 245,452 243,451 242,451 241,450 231,449 231,447 229,445 228,445 227,444 226,444 225,445 223,445 221,448 221,449 220,449 184,449 184,445 183,444 167,444 166,443 165,443 165,444 165,449 164,449 131,449 131,444 129,442 126,442 124,444 89,444 87,442 86,442 84,444 75,444 74,445 73,445 72,446 72,447 71,448 71,450 70,451 70,452 68,454 68,455 67,456 67,457 66,458 66,460 66,461 68,461 71,463 71,464 71,465 72,464 72,460 138,460 139,461 139,465 141,465 142,465 142,461 142,460 195,460 196,461 219,461 220,462 233,462 234,462 250,462 251,461 310,461 311,461 311,467 311,468 312,468 313,467 313,461 330,461 331,461 331,465 331,466 334,466 335,465 335,461 372,461 373,460 403,460 404,461 426,461 427,462 427,468"/><TextEquiv index="1"><Unicode>Ale ſepulti nocte. Sic Superum chori</Unicode></TextEquiv></TextLine><TextLine id="r0_l019"><Coords points="379,491 381,491 382,491 382,485 382,484 446,484 447,485 447,490 448,490 451,488 451,486 452,484 506,485 507,486 508,486 510,484 510,483 511,483 512,482 511,481 511,472 510,471 510,469 509,469 506,469 506,471 505,472 497,472 496,473 472,473 472,472 472,468 470,467 469,467 467,469 427,468 427,469 427,472 426,472 399,472 398,473 364,473 364,471 363,470 363,469 361,467 360,467 358,470 358,471 357,472 357,473 356,473 313,473 313,472 313,468 312,468 311,468 311,472 310,473 254,473 253,472 252,473 239,473 238,474 210,473 210,469 209,468 193,468 192,467 190,467 190,468 190,469 189,469 147,469 145,467 141,467 140,468 139,468 138,470 138,472 137,472 115,472 115,471 115,465 113,464 110,464 108,466 107,466 106,467 73,467 72,466 71,466 70,467 66,467 66,468 65,469 66,470 66,471 66,472 68,472 69,472 69,482 70,484 89,484 90,483 129,483 130,484 145,484 146,485 147,484 165,484 219,484 220,485 222,485 223,484 233,484 234,484 271,484 272,485 277,485 278,485 278,488 280,491 282,491 283,490 284,490 285,489 286,489 287,488 287,487 288,486 288,484 358,484 359,485 360,485 361,484 378,484 379,485 379,491"/><TextEquiv index="1"><Unicode>Te ſancta celebrent agmiua. ! mentis jubar!</Unicode></TextEquiv></TextLine><TextLine id="r0_l020"><Coords points="163,514 165,514 166,514 166,508 166,507 179,507 180,508 181,507 224,507 225,508 232,508 233,507 263,508 264,509 265,509 266,508 279,508 280,507 281,507 318,507 319,508 340,508 341,507 434,507 435,508 462,508 463,508 469,508 471,506 471,505 470,504 470,499 469,498 469,497 468,497 465,497 464,498 436,497 435,496 428,496 427,495 418,495 417,496 384,496 384,494 383,493 383,492 382,491 379,491 379,492 379,495 378,495 349,495 348,496 301,496 300,495 296,495 296,494 296,490 295,490 293,490 293,496 292,497 259,497 258,496 246,496 246,495 246,491 245,491 243,491 242,492 206,491 205,490 203,490 203,491 203,496 202,496 134,496 134,492 132,490 110,490 109,489 107,489 107,490 106,491 82,491 81,490 78,490 77,489 76,489 75,490 72,490 71,491 70,491 65,496 66,497 66,498 67,499 67,503 69,506 71,506 72,507 76,507 77,508 79,508 80,507 162,507 163,508 163,514"/><TextEquiv index="1"><Unicode>Cœleſte mundi ſidus: hoc tantùm ratum</Unicode></TextEquiv></TextLine><TextLine id="r0_l021"><Coords points="6,536 7,537 7,536 8,514 16,522 17,522 31,536 527,538 527,537 528,535 548,535 549,534 550,534 551,533 551,532 553,532 554,531 553,530 553,528 552,527 552,526 551,525 551,524 550,524 544,524 544,523 544,519 542,518 502,518 502,517 502,513 501,513 7,511 7,512 6,536"/><TextEquiv index="1"><Unicode>50 Quod petimus eſſe, patere. A. Ne dubita, ſenex,</Unicode></TextEquiv></TextLine><TextLine id="r0_l022"><Coords points="313,561 445,561 446,560 496,561 496,560 496,559 497,559 532,559 533,558 535,558 537,555 537,551 536,550 536,549 529,549 528,548 528,543 527,542 527,538 521,538 520,537 517,537 516,538 234,537 233,537 7,537 6,537 6,539 6,540 3,539 2,540 2,554 3,554 4,553 175,554 175,555 175,557 176,557 193,557 193,558 193,559 194,559 312,560 313,561"/><TextEquiv index="1"><Unicode>c Ratum eſt, quod optas. En ego interpres poli,</Unicode></TextEquiv></TextLine><TextLine id="r0_l023"><Coords points="146,583 149,583 149,578 150,577 228,577 229,578 230,577 263,578 263,580 264,581 265,581 265,580 265,579 267,578 295,578 296,577 321,577 322,578 324,578 325,577 352,577 352,578 352,583 353,583 355,583 355,578 356,577 411,577 412,576 412,575 413,574 412,573 412,572 411,571 411,567 411,566 322,566 321,565 317,565 316,564 316,561 309,561 308,560 308,559 306,559 303,561 303,565 303,566 237,566 236,565 236,560 234,560 233,560 219,560 216,563 216,565 186,565 184,564 184,563 182,560 181,561 178,561 177,562 177,563 176,564 176,565 131,565 130,565 130,560 130,559 126,559 125,560 108,560 107,561 77,561 76,560 68,560 67,560 67,563 68,564 69,564 69,566 70,567 70,568 71,569 71,572 72,573 72,574 74,576 131,576 132,577 144,577 144,578 144,582 146,583"/><TextEquiv index="1"><Unicode>Voti ſequeſter fidus, auditas preces</Unicode></TextEquiv></TextLine><TextLine id="r0_l024"><Coords points="1,586 1,602 4,602 4,601 6,600 150,600 150,601 150,604 152,605 154,605 154,602 155,601 288,602 288,606 289,607 291,607 292,605 292,601 293,601 440,601 440,602 440,607 441,607 487,608 487,607 487,606 451,605 450,605 451,604 452,604 452,603 453,602 479,603 480,601 480,596 473,596 472,595 472,588 410,587 409,587 409,584 409,583 373,583 372,582 371,582 370,583 364,583 363,584 361,584 357,588 357,589 242,589 241,588 241,585 240,585 239,586 229,585 228,586 227,586 226,587 97,587 96,586 96,583 67,583 65,584 66,585 66,586 1,585 1,586"/><TextEquiv index="1"><Unicode>5 Illinc reporto. Voce quam aſſidu rogas,</Unicode></TextEquiv></TextLine><TextLine id="r0_l025"><Coords points="375,631 376,631 376,625 377,624 428,624 428,625 428,626 429,626 430,626 430,625 431,624 442,624 443,623 484,624 485,625 486,624 489,624 489,623 489,615 488,615 487,614 487,608 484,608 483,608 483,610 483,611 472,611 470,613 443,612 442,612 442,608 442,607 440,607 439,608 439,612 398,612 397,612 397,608 396,606 395,606 394,607 377,607 376,608 359,608 358,609 358,613 312,613 311,612 311,610 310,609 310,608 309,607 303,607 302,607 302,608 301,609 301,612 301,613 238,613 237,612 237,610 236,609 236,608 235,607 234,607 233,607 232,607 230,609 229,610 229,611 228,612 148,612 147,612 147,608 146,607 146,606 142,606 141,607 138,607 137,608 135,608 133,610 133,611 124,611 123,612 84,612 83,611 83,609 82,608 80,608 79,607 72,607 71,608 70,608 69,608 69,609 66,612 66,617 67,618 67,620 68,621 69,621 71,623 72,623 73,624 80,624 81,623 137,623 137,624 137,630 138,630 139,630 139,624 140,623 167,623 227,623 228,624 232,624 233,623 375,624 375,625 375,631"/><TextEquiv index="1"><Unicode>Canceſſa mors eſt: cuncta cui debes,. brevi</Unicode></TextEquiv></TextLine><TextLine id="r0_l026"><Coords points="307,654 308,654 309,653 323,653 324,652 324,648 325,648 349,648 350,647 495,648 496,646 496,643 489,643 488,642 488,636 487,635 486,635 485,634 485,632 483,630 480,630 479,631 86,629 85,629 85,630 85,631 70,631 69,632 42,632 40,633 40,634 39,635 39,638 39,639 5,639 4,639 4,641 5,642 39,642 39,643 38,644 38,645 37,646 37,648 38,649 162,649 162,650 162,652 306,653 307,654"/><TextEquiv index="1"><Unicode>55 Vitam imputobis: Nulla promiſſi mora eſt.</Unicode></TextEquiv></TextLine><TextLine id="r0_l027"><Coords points="373,677 374,677 375,677 375,671 375,670 420,670 421,671 421,675 422,676 423,676 425,675 425,671 425,670 461,670 462,670 492,670 493,670 493,673 493,674 494,674 495,673 495,672 496,672 498,670 497,669 497,667 495,666 490,666 490,665 490,659 489,659 486,659 485,658 484,658 483,659 475,659 474,660 440,659 439,658 438,659 383,659 383,654 382,653 380,653 378,655 357,655 354,659 354,660 353,660 321,660 320,659 309,659 309,658 309,654 308,654 294,654 294,655 293,656 293,657 291,659 229,658 228,659 202,659 202,653 201,652 197,652 196,653 173,653 173,654 173,658 172,658 88,658 88,657 88,653 87,653 76,653 75,652 74,653 71,653 70,654 69,654 68,655 68,656 66,658 66,659 65,660 65,665 67,667 67,668 67,669 68,669 69,670 98,670 99,669 150,669 151,670 151,675 153,675 154,675 154,671 154,670 206,670 207,671 207,672 208,672 208,671 208,670 232,670 233,670 285,670 286,671 287,671 288,670 327,670 328,671 372,671 373,672 373,677"/><TextEquiv index="1"><Unicode>Clarum priuſ uam craſtinus Solem premat,</Unicode></TextEquiv></TextLine><TextLine id="r0_l028"><Coords points="116,700 118,700 119,700 119,694 119,693 150,693 151,694 151,696 154,696 155,696 155,694 155,693 193,693 194,694 213,694 214,695 214,699 215,699 218,697 218,696 219,695 219,694 219,693 243,694 244,694 244,698 244,699 246,699 247,698 247,694 322,694 323,694 323,699 323,700 324,700 325,699 326,699 327,698 327,694 355,694 356,695 356,697 357,697 359,696 359,695 360,693 402,693 403,694 403,697 404,698 404,699 405,699 406,700 408,700 409,699 410,699 411,699 411,698 411,697 412,697 413,697 413,694 413,693 450,693 451,694 454,694 455,693 483,694 484,695 505,695 507,693 507,691 506,690 506,679 505,678 505,677 502,675 500,675 497,678 473,678 473,677 473,676 472,676 471,676 470,677 470,682 469,683 400,682 400,678 399,677 372,677 372,678 372,682 371,682 350,682 349,683 324,683 324,682 324,676 322,675 321,676 319,676 317,678 317,679 316,680 316,681 315,682 293,682 292,683 265,683 264,682 245,682 244,683 210,682 210,678 208,676 207,676 206,677 194,677 193,678 192,678 191,679 190,679 189,681 189,682 188,682 155,682 155,678 153,676 151,679 151,680 149,681 124,681 124,677 123,676 120,676 120,677 120,681 119,681 88,681 88,680 88,677 86,676 74,676 73,677 70,677 69,678 68,678 64,682 64,684 63,685 63,686 64,687 64,688 65,689 65,690 68,694 98,694 99,693 115,693 116,693 116,699 116,700"/><TextEquiv index="1"><Unicode>Claudatque Olympum veſper, inſignem datâ</Unicode></TextEquiv></TextLine><TextLine id="r0_l029"><Coords points="1,710 1,719 120,720 122,722 450,723 451,723 450,722 316,722 316,721 317,720 426,720 427,719 428,719 429,719 429,714 427,712 422,712 422,708 420,706 402,706 401,705 386,705 386,701 385,700 72,699 71,700 69,700 67,702 66,702 66,703 65,704 65,705 64,706 4,706 4,707 3,707 2,707 1,710"/><TextEquiv index="1"><Unicode>Cervice titulum mortis optatæ feres,</Unicode></TextEquiv></TextLine><TextLine id="r0_l030"><Coords points="271,747 272,747 273,746 273,745 277,745 278,744 282,744 283,743 283,740 359,740 360,741 360,745 362,745 364,744 364,743 365,742 365,741 365,740 390,740 391,739 394,739 437,739 438,740 462,741 463,740 482,740 484,738 484,737 485,736 485,730 484,729 484,728 483,728 467,728 466,727 463,727 463,726 463,723 462,723 460,722 459,723 448,723 448,724 448,728 447,728 397,728 397,724 396,723 392,723 391,724 362,724 362,725 362,729 361,729 332,729 332,728 332,726 330,725 316,725 316,735 315,736 293,736 293,735 293,730 290,728 289,728 288,729 256,729 256,728 256,727 255,726 255,725 254,725 253,725 252,724 245,724 245,727 244,728 234,728 233,729 231,728 230,729 202,729 202,728 201,727 198,727 198,726 196,724 195,724 195,725 195,727 194,728 194,729 193,729 158,729 157,728 146,728 146,724 145,723 144,723 144,724 144,728 143,728 101,728 101,727 101,726 100,725 100,724 98,723 82,723 81,724 63,724 62,725 66,729 66,732 68,734 68,736 69,737 69,739 69,740 89,740 90,741 91,741 92,740 102,740 103,739 104,739 143,739 144,740 180,740 181,741 181,745 183,745 184,745 184,741 185,739 199,739 200,740 200,746 201,746 202,746 202,740 202,739 210,739 211,740 212,740 213,739 270,740 271,740 271,746 271,747"/><TextEquiv index="1"><Unicode>Victo rriumpnans Rege. Nec juſſu occides</Unicode></TextEquiv></TextLine><TextLine id="r0_l031"><Coords points="213,770 215,770 216,764 216,763 217,764 216,766 217,766 229,766 229,767 229,768 230,768 231,768 232,763 232,762 369,763 370,764 369,770 370,770 371,770 372,764 372,763 382,763 383,762 396,762 429,762 430,763 432,763 435,761 435,753 433,751 430,751 429,752 358,752 358,746 357,745 355,745 354,746 332,746 331,747 326,747 325,748 325,749 323,751 300,751 299,752 274,752 274,751 274,747 273,747 271,747 271,751 270,752 244,752 244,751 244,746 243,746 241,746 241,751 240,752 234,752 233,753 229,752 228,753 203,753 203,747 202,746 200,746 200,747 200,752 199,752 161,752 160,751 159,752 142,752 142,750 141,749 141,748 139,746 127,746 126,748 126,751 125,751 97,751 97,750 97,747 96,747 71,747 70,748 69,748 68,749 68,751 67,752 40,752 39,753 38,753 36,755 36,757 35,758 35,763 35,764 35,765 36,766 36,767 38,769 40,769 41,768 42,768 44,766 55,766 56,764 57,763 144,763 145,764 144,769 145,769 147,769 148,768 148,766 149,765 150,764 150,763 212,763 213,764 212,770 213,770"/><TextEquiv index="1"><Unicode>5o Solus Tyrauni; plurima effuſo comes</Unicode></TextEquiv></TextLine><TextLine id="r0_l032"><Coords points="263,793 264,793 265,791 265,786 266,786 305,786 306,787 320,787 320,791 321,792 323,792 323,791 323,786 324,786 420,786 421,785 421,777 420,775 410,775 409,774 408,774 407,775 372,775 371,775 371,771 371,770 364,770 363,769 362,769 361,770 355,770 354,771 354,775 287,775 286,774 285,775 277,775 276,776 249,776 246,773 245,773 244,772 240,776 216,775 215,775 215,771 215,770 213,770 212,771 212,774 209,774 208,775 164,775 163,774 162,775 130,775 129,774 128,774 127,775 94,775 93,774 93,770 79,770 78,769 77,770 66,770 65,770 65,784 64,785 65,786 79,786 80,787 81,787 82,786 169,786 170,787 171,786 242,787 242,788 243,789 262,789 262,792 263,793"/><TextEquiv index="1"><Unicode>Ibit cruore tura quam parili nece</Unicode></TextEquiv></TextLine><TextLine id="r0_l033"><Coords points="315,817 316,817 316,816 316,810 317,810 395,810 396,809 492,810 493,809 494,809 494,808 494,806 493,806 492,805 487,805 486,804 486,798 485,797 483,797 482,796 461,795 460,795 460,793 459,791 457,791 456,792 413,792 412,793 412,797 407,797 406,798 156,797 155,797 155,795 155,794 68,794 64,797 64,808 65,809 65,810 66,811 90,811 90,815 91,816 130,816 130,811 131,810 253,811 253,814 254,815 297,815 298,816 300,816 301,814 301,811 303,810 310,810 314,810 314,816 315,817"/><TextEquiv index="1"><Unicode>Super Aſtra tecum pompa cotmunis vehet.</Unicode></TextEquiv></TextLine><TextLine id="r0_l034"><Coords points="159,840 161,840 161,834 162,833 162,834 162,838 163,838 164,838 165,839 167,839 168,838 170,838 171,837 172,836 172,834 173,833 210,833 211,832 275,833 275,835 276,836 291,836 291,837 293,839 296,839 296,838 296,833 297,833 332,833 332,838 333,839 335,839 335,838 335,837 336,836 336,833 337,833 425,833 425,834 425,837 426,837 428,837 428,833 429,832 462,833 463,832 488,832 488,834 489,835 490,835 492,833 547,833 548,834 557,834 557,837 558,838 560,838 561,837 562,837 562,836 562,835 564,834 565,834 565,833 564,832 564,831 563,830 563,829 562,829 561,828 555,828 554,827 554,822 553,821 536,821 535,820 535,817 534,816 530,816 528,814 524,814 521,816 521,817 520,818 520,820 520,821 505,821 504,822 481,822 480,821 463,821 462,820 462,816 461,815 460,814 459,814 456,817 456,818 455,819 455,820 453,820 452,821 409,821 408,821 408,817 408,816 404,816 403,817 402,817 401,818 401,819 400,820 400,822 358,822 357,822 357,817 357,816 355,816 353,818 353,822 326,822 325,821 325,816 324,816 323,817 314,817 313,817 313,821 313,822 261,822 260,821 260,817 259,817 258,818 246,818 245,818 245,821 245,822 180,821 179,822 134,822 133,822 133,819 131,816 129,816 128,817 128,818 108,818 107,817 106,817 106,818 106,819 99,819 98,820 77,820 76,819 76,818 75,817 70,817 66,820 66,827 65,828 65,830 66,831 66,832 67,833 82,833 83,834 108,834 109,835 111,835 112,836 116,836 117,837 120,837 121,836 121,834 122,833 158,833 158,834 158,840 159,840"/><TextEquiv index="1"><Unicode>S. Quàm grata nobis, qeiſquis es Superſm, reſers,</Unicode></TextEquiv></TextLine><TextLine id="r0_l035"><Coords points="218,863 220,863 220,857 221,856 233,857 234,856 406,856 407,855 424,855 432,855 433,856 434,856 435,855 507,856 507,859 508,860 509,860 511,857 511,853 510,852 505,852 504,851 504,845 503,844 479,844 478,843 463,843 462,842 462,841 462,840 461,840 460,839 444,839 443,838 433,838 431,840 431,844 416,844 415,845 372,845 371,845 371,840 371,839 370,839 369,840 332,840 330,841 330,851 330,852 307,852 306,851 306,847 305,846 305,845 285,845 284,844 284,842 282,840 280,840 279,841 277,841 276,841 276,843 275,845 238,845 237,844 236,844 235,845 224,844 223,845 199,845 198,845 198,840 198,839 196,839 195,840 193,840 190,843 190,845 162,845 161,845 161,841 161,840 159,840 158,841 158,844 154,844 153,845 80,845 79,844 79,841 78,840 64,840 62,841 62,844 63,845 67,845 67,854 69,856 209,856 209,857 209,862 210,862 211,862 211,861 212,860 212,857 213,856 217,856 217,857 217,863 218,863"/><TextEquiv index="1"><Unicode>Tam merita ſupra noſtra. Tibi mundi Sator,</Unicode></TextEquiv></TextLine><TextLine id="r0_l036"><Coords points="1,871 1,882 2,882 3,883 3,886 3,887 4,886 195,886 196,886 196,884 196,883 393,884 394,885 395,885 396,884 399,884 400,883 517,884 518,883 519,883 520,882 520,877 519,876 519,875 513,875 512,874 512,869 511,868 486,868 485,867 485,862 460,861 459,862 459,863 260,863 259,862 258,862 257,863 92,862 91,863 64,863 62,864 62,865 62,866 41,866 40,867 7,867 6,868 5,868 2,870 1,870 1,871"/><TextEquiv index="1"><Unicode>5 6t Trinum atque fimplox numen &amp; grates habet,</Unicode></TextEquiv></TextLine><TextLine id="r0_l037"><Coords points="418,909 419,909 420,909 420,904 420,903 427,903 428,902 437,902 438,902 438,900 436,898 430,898 430,894 431,893 430,892 427,892 427,891 426,890 424,890 423,891 420,891 420,888 421,887 421,886 420,885 418,885 418,886 418,891 417,891 373,891 373,888 372,887 370,885 367,885 364,889 364,891 363,891 319,891 318,892 292,892 291,891 277,891 277,890 277,886 275,885 274,885 273,886 274,887 274,890 273,891 242,891 242,890 242,886 240,885 239,886 239,890 238,891 234,891 233,892 192,891 192,889 192,888 196,888 197,888 197,887 196,886 193,886 192,887 190,887 190,888 190,889 189,890 189,891 188,891 153,891 153,887 151,885 149,885 148,886 147,886 145,889 145,890 143,891 76,891 76,890 76,889 77,888 77,887 76,887 64,887 64,888 65,889 65,899 62,902 63,904 68,904 69,903 95,903 96,902 143,902 144,903 149,903 150,904 151,903 203,903 204,902 220,902 228,902 229,903 230,902 254,903 255,902 287,902 288,903 318,903 319,903 319,905 318,906 318,908 318,909 319,909 320,908 321,908 322,907 322,903 360,903 361,902 404,902 405,903 405,906 404,907 404,908 406,908 407,908 407,904 407,903 417,903 418,904 418,909"/><TextEquiv index="1"><Unicode>Et aure ſata famulus hæc pronâ capit.</Unicode></TextEquiv></TextLine><TextLine id="r0_l038"><Coords points="127,931 128,932 130,931 130,929 132,926 158,926 159,927 160,927 161,926 190,926 191,927 191,931 193,931 194,931 194,928 194,927 198,927 199,926 232,926 233,926 302,926 303,927 304,926 331,926 332,926 332,929 332,930 333,929 334,929 335,928 335,926 391,926 392,925 426,925 428,927 429,927 429,926 429,925 461,925 462,925 489,925 491,927 511,927 513,928 513,929 513,930 517,926 517,923 516,923 514,923 513,922 508,922 508,921 508,916 507,916 506,916 505,915 504,915 503,914 462,914 461,914 420,914 420,910 419,909 389,909 389,910 389,915 388,915 314,915 313,914 304,914 303,915 260,915 258,913 256,915 223,914 223,912 222,911 219,911 218,910 217,911 182,911 182,912 182,913 181,914 181,915 180,916 180,919 179,920 179,921 178,922 178,923 177,923 154,923 154,916 153,915 118,915 117,914 107,914 107,913 107,909 106,909 104,909 104,913 103,914 74,914 74,913 74,912 72,911 70,911 68,913 68,914 67,915 67,917 66,918 66,919 65,920 65,922 64,923 63,923 62,924 62,925 62,926 121,926 122,927 122,931 127,931"/><TextEquiv index="1"><Unicode>Accingor. A. Hæc te certa, ceu dixi, manent,</Unicode></TextEquiv></TextLine><TextLine id="r0_l039"><Coords points="246,955 248,955 249,954 249,949 300,949 301,950 320,950 321,950 321,951 321,952 322,952 323,951 323,950 348,950 349,949 389,949 390,948 438,948 439,949 461,949 462,949 486,949 487,950 488,950 489,951 490,951 491,950 491,949 492,948 492,947 491,947 483,947 483,946 483,943 482,942 482,938 481,938 472,938 472,937 472,933 471,933 458,932 457,931 438,931 438,932 438,938 437,938 411,938 410,937 395,937 395,933 393,931 392,932 380,932 380,933 380,938 379,938 341,938 341,937 341,933 340,933 338,933 337,934 335,934 334,935 334,939 333,940 310,940 309,939 301,939 300,938 294,938 294,937 294,933 293,933 286,933 285,932 283,932 283,937 282,938 260,938 259,939 235,939 234,938 233,938 232,938 194,938 193,937 192,938 167,938 166,937 166,933 165,932 141,932 140,934 140,937 139,937 98,937 98,936 98,932 97,932 94,932 93,933 66,933 64,935 64,944 63,945 63,947 64,949 65,949 66,950 69,950 70,949 95,949 96,950 97,949 200,949 201,950 216,950 217,949 245,950 246,950 246,954 246,955"/><TextEquiv index="1"><Unicode>Sed anrè dextram perdito, &amp; miſera dabis.</Unicode></TextEquiv></TextLine><TextLine id="r0_l040"><Coords points="277,979 278,980 279,979 279,977 281,977 282,976 282,972 305,972 306,973 319,973 320,972 376,972 377,973 377,974 378,974 378,973 378,972 389,972 390,971 430,971 431,972 431,977 432,976 433,976 434,976 434,973 434,972 453,972 454,971 466,972 467,971 476,971 477,970 477,963 478,962 478,961 477,961 474,961 474,960 474,959 473,959 472,959 471,960 462,960 461,960 435,960 435,957 434,956 433,956 433,957 433,961 432,961 409,961 409,956 408,955 383,955 382,956 361,956 360,958 360,961 359,961 321,961 321,960 321,956 320,956 318,956 318,960 317,961 288,961 288,960 288,956 287,956 285,956 285,960 284,961 256,961 256,960 256,959 253,957 243,957 243,969 242,970 223,969 223,968 222,967 222,965 221,964 221,963 220,962 220,961 219,960 219,959 217,957 216,958 215,958 215,959 215,960 214,961 214,963 213,963 192,963 192,962 188,958 187,958 187,959 187,962 186,962 166,962 166,961 165,960 163,960 163,958 161,956 103,956 102,957 97,957 96,958 75,958 74,957 68,957 67,958 66,958 65,959 65,971 65,972 66,972 67,973 71,973 72,972 102,972 104,973 104,978 104,979 105,979 106,978 106,977 117,977 118,976 119,976 121,975 121,973 121,972 187,972 188,972 188,968 189,966 201,966 208,966 209,967 209,971 210,972 228,972 229,973 231,973 232,972 271,973 272,973 272,976 274,979 277,979"/><TextEquiv index="1"><Unicode>S. Quis iſte A. Regis altor inſelix jacet</Unicode></TextEquiv></TextLine><TextLine id="r0_l041"><Coords points="378,1003 380,1003 381,1002 548,1003 548,1002 537,1002 536,1001 536,998 538,996 539,993 535,990 531,990 531,989 531,984 530,984 527,984 525,982 523,982 523,981 523,978 520,976 519,977 516,977 515,978 427,977 426,978 306,978 304,980 92,979 91,978 66,978 65,979 65,982 64,983 51,983 49,985 38,985 36,987 36,989 37,990 36,999 38,1001 41,1001 43,998 43,997 44,997 53,997 54,996 240,997 240,1000 242,1002 377,1002 378,1003"/><TextEquiv index="1"><Unicode>0 Tibi carus ille atque hoſpes. S. An letho peri,</Unicode></TextEquiv></TextLine><TextLine id="r0_l042"><Coords points="119,1026 120,1026 120,1020 121,1019 137,1019 138,1020 155,1020 155,1021 155,1024 156,1024 157,1024 158,1023 158,1020 159,1019 183,1019 183,1020 183,1025 184,1025 186,1025 186,1020 187,1019 232,1019 233,1019 325,1019 325,1023 326,1024 326,1023 326,1019 327,1019 362,1019 363,1018 365,1018 366,1017 389,1017 390,1018 413,1018 414,1017 454,1017 455,1016 469,1017 469,1024 470,1025 470,1024 470,1017 471,1017 477,1017 477,1018 478,1019 488,1019 488,1021 490,1023 491,1023 492,1024 496,1024 497,1022 497,1021 498,1020 498,1018 499,1018 537,1018 537,1017 537,1005 538,1005 548,1005 548,1004 548,1003 537,1003 536,1002 533,1002 532,1002 532,1006 532,1007 516,1007 515,1006 494,1006 493,1007 471,1007 470,1006 463,1006 462,1005 462,1001 460,1000 459,1001 459,1006 423,1006 422,1006 422,1002 421,1000 420,1001 420,1006 419,1007 381,1007 380,1007 380,1004 380,1003 378,1003 377,1004 377,1007 351,1007 350,1008 300,1008 299,1007 299,1006 298,1005 298,1003 291,1003 290,1004 289,1004 287,1005 287,1006 285,1008 285,1011 285,1012 264,1012 263,1011 263,1007 260,1004 258,1004 257,1004 257,1005 256,1007 235,1007 234,1006 234,1005 233,1004 212,1003 211,1002 196,1002 195,1003 189,1003 188,1004 188,1008 125,1008 124,1007 115,1007 114,1006 114,1002 113,1002 111,1003 111,1005 111,1006 77,1006 76,1005 74,1005 70,1008 70,1010 69,1011 69,1013 68,1014 68,1015 68,1016 67,1016 65,1017 65,1018 66,1019 109,1019 109,1023 110,1024 111,1024 112,1022 112,1020 114,1019 118,1019 118,1020 118,1026 119,1026"/><TextEquiv index="1"><Unicode>Aut jam peribit? A. Coroore ineolumis. gravi</Unicode></TextEquiv></TextLine><TextLine id="r0_l043"><Coords points="417,1046 419,1046 420,1045 420,1042 421,1041 430,1041 431,1040 458,1040 459,1039 480,1040 481,1038 481,1029 471,1029 470,1028 470,1025 469,1025 469,1028 468,1030 430,1029 429,1030 374,1030 373,1030 373,1028 371,1025 338,1025 336,1027 322,1027 321,1028 297,1028 295,1026 292,1026 291,1027 290,1027 287,1029 287,1038 287,1039 264,1039 263,1038 263,1032 261,1032 260,1031 254,1031 253,1030 253,1026 252,1025 244,1025 243,1025 243,1026 243,1027 231,1026 230,1027 230,1031 188,1031 187,1031 187,1027 186,1025 184,1025 183,1026 163,1026 162,1027 162,1031 122,1031 121,1031 121,1027 121,1026 119,1026 118,1027 118,1030 110,1030 109,1031 83,1031 82,1030 82,1027 81,1026 67,1026 66,1025 65,1025 64,1026 63,1026 62,1026 62,1041 63,1042 64,1042 65,1043 66,1043 67,1042 76,1042 118,1042 119,1043 121,1043 122,1042 149,1042 150,1043 156,1043 157,1042 211,1042 212,1043 225,1043 226,1042 232,1042 233,1042 290,1042 291,1043 304,1043 305,1042 350,1042 351,1041 416,1041 416,1042 416,1046 417,1046"/><TextEquiv index="1"><Unicode>Mentis ruinâ cecidit. S. Aſflictum prenit</Unicode></TextEquiv></TextLine><TextLine id="r0_l044"><Coords points="1,1056 1,1068 85,1069 86,1070 272,1071 273,1072 274,1071 318,1071 318,1070 318,1065 319,1065 373,1065 374,1064 413,1064 414,1063 462,1064 463,1063 489,1063 489,1062 489,1056 490,1056 492,1056 493,1054 493,1052 492,1051 492,1050 491,1049 490,1049 489,1048 464,1048 463,1047 463,1046 462,1047 461,1046 460,1047 381,1047 380,1048 371,1048 370,1049 122,1048 121,1049 66,1049 62,1053 5,1053 2,1055 1,1055 1,1056"/><TextEquiv index="1"><Unicode>5Quis deinde caſs, qucve perculſum modo?</Unicode></TextEquiv></TextLine><TextLine id="r0_l045"><Coords points="83,1089 201,1089 202,1088 288,1089 289,1088 361,1088 362,1087 417,1087 418,1086 445,1086 446,1085 498,1086 499,1087 500,1086 538,1086 539,1087 540,1086 541,1086 542,1084 542,1083 543,1082 543,1081 542,1080 542,1075 511,1075 508,1072 501,1072 500,1071 497,1071 496,1071 496,1074 496,1075 472,1075 471,1074 466,1074 465,1073 465,1069 464,1069 463,1069 463,1075 463,1076 425,1075 424,1076 388,1076 387,1076 387,1072 386,1070 384,1072 384,1077 343,1077 342,1076 342,1074 309,1074 308,1073 303,1073 302,1074 301,1074 300,1074 300,1077 300,1078 274,1078 273,1077 273,1072 272,1072 271,1072 271,1076 271,1077 252,1077 251,1078 235,1078 234,1077 234,1072 224,1071 222,1073 206,1073 205,1074 205,1076 204,1077 204,1078 152,1078 150,1077 150,1075 149,1073 138,1073 137,1072 116,1072 115,1071 114,1071 113,1072 99,1072 96,1075 72,1075 70,1073 68,1073 66,1074 66,1075 65,1076 65,1078 64,1079 64,1081 63,1082 63,1084 62,1086 61,1086 60,1086 60,1087 61,1088 82,1088 83,1089"/><TextEquiv index="1"><Unicode>A. Chrittum abdicavit S. Num leves cultu Deos</Unicode></TextEquiv></TextLine><TextLine id="r0_l046"><Coords points="1,1102 1,1113 33,1114 34,1114 34,1115 34,1116 86,1116 87,1117 89,1117 90,1118 226,1118 227,1117 340,1118 341,1117 395,1117 396,1117 396,1116 396,1115 465,1116 466,1115 466,1110 500,1110 502,1108 502,1107 501,1106 494,1106 493,1105 493,1098 466,1098 465,1097 465,1094 464,1093 463,1093 462,1094 423,1093 422,1094 343,1094 342,1095 288,1095 287,1096 286,1096 285,1097 84,1096 83,1095 65,1095 63,1096 63,1098 63,1099 53,1099 52,1100 37,1100 36,1101 35,1101 34,1102 1,1101 1,1102"/><TextEquiv index="1"><Unicode>45 Dignatus? A. Ignem &amp; Solis agnovit iubat.</Unicode></TextEquiv></TextLine><TextLine id="r0_l047"><Coords points="219,1141 220,1141 220,1136 220,1135 229,1135 230,1134 249,1135 250,1134 292,1134 293,1135 325,1135 326,1134 352,1134 353,1133 376,1133 377,1134 378,1134 379,1133 428,1133 430,1131 451,1131 452,1132 457,1132 458,1133 459,1132 487,1133 488,1132 488,1125 490,1125 491,1124 491,1120 490,1119 490,1118 489,1118 486,1118 486,1120 485,1121 466,1121 466,1120 466,1116 465,1116 465,1120 464,1121 445,1120 444,1121 441,1121 440,1122 396,1122 396,1118 395,1117 367,1117 366,1118 365,1118 365,1119 365,1120 364,1121 364,1123 363,1123 342,1123 342,1122 342,1118 341,1118 338,1118 338,1122 337,1123 303,1123 303,1122 303,1121 301,1120 300,1120 300,1119 300,1118 299,1118 296,1118 295,1119 295,1120 294,1121 294,1123 293,1124 248,1124 247,1123 246,1123 245,1124 188,1123 186,1121 183,1124 149,1124 149,1121 146,1118 144,1118 142,1120 141,1120 141,1121 141,1124 140,1124 108,1124 108,1123 108,1119 107,1119 96,1119 95,1120 74,1120 73,1119 67,1119 65,1121 65,1129 63,1131 63,1133 64,1135 65,1135 66,1136 70,1136 71,1135 146,1135 147,1136 147,1141 149,1141 150,1141 150,1136 150,1135 177,1135 178,1136 179,1135 218,1135 219,1136 219,1141"/><TextEquiv index="1"><Unicode>S. Hoc ſponte num ccactus in facinus ruit?</Unicode></TextEquiv></TextLine><TextLine id="r0_l048"><Coords points="197,1163 198,1163 199,1163 199,1162 199,1161 206,1161 207,1161 207,1158 207,1157 269,1158 270,1157 404,1157 405,1156 449,1156 451,1155 451,1153 449,1151 442,1151 442,1147 441,1146 441,1145 440,1144 433,1144 432,1145 367,1145 367,1142 364,1139 363,1140 353,1140 351,1143 351,1145 349,1146 344,1146 343,1147 316,1147 315,1146 306,1146 305,1147 304,1147 303,1148 278,1148 276,1146 271,1146 271,1145 271,1142 270,1141 270,1140 269,1140 259,1140 258,1141 257,1141 256,1142 256,1143 255,1144 255,1145 253,1147 222,1146 222,1144 221,1143 221,1142 220,1141 218,1141 218,1142 218,1146 217,1146 213,1146 212,1147 148,1147 148,1145 147,1144 147,1143 146,1142 140,1142 138,1145 138,1147 137,1147 111,1147 111,1146 111,1143 109,1142 108,1142 107,1141 101,1141 100,1142 99,1142 96,1145 71,1145 71,1144 71,1143 69,1142 66,1142 66,1144 65,1145 65,1147 64,1148 64,1150 63,1151 63,1153 60,1156 59,1156 59,1157 59,1158 124,1158 125,1159 126,1159 127,1160 128,1160 129,1159 196,1159 197,1160 197,1163"/><TextEquiv index="1"><Unicode>A. Coactus ægrè ceſſit: ar ceſſit tamen.</Unicode></TextEquiv></TextLine><TextLine id="r0_l049"><Coords points="667,1155 667,1182 694,1182 694,1155 667,1155"/><TextEquiv index="1"><Unicode></Unicode></TextEquiv></TextLine><TextLine id="r0_l050"><Coords points="133,1190 177,1190 178,1190 178,1188 179,1187 179,1185 179,1184 243,1185 244,1184 416,1184 417,1184 417,1182 417,1181 457,1181 458,1180 558,1181 560,1179 560,1174 558,1173 552,1173 552,1172 552,1167 550,1166 531,1166 531,1165 531,1161 529,1160 486,1160 485,1159 483,1159 482,1160 476,1160 475,1161 468,1161 468,1163 467,1164 435,1163 434,1164 327,1164 326,1165 116,1164 115,1165 62,1165 61,1166 60,1166 60,1168 59,1169 59,1176 58,1177 58,1180 58,1181 59,1181 60,1182 61,1182 62,1183 90,1183 91,1183 90,1184 10,1184 10,1186 11,1188 131,1188 133,1190"/><TextEquiv index="1"><Unicode>S. Sed quo peractumu eſt ordiae? A. Ex illo ſcies,</Unicode></TextEquiv></TextLine><TextLine id="r0_l051"><Coords points="669,1182 669,1207 694,1207 694,1182 669,1182"/><TextEquiv index="1"><Unicode></Unicode></TextEquiv></TextLine><TextLine id="r0_l052"><Coords points="521,1185 521,1202 560,1202 560,1185 521,1185"/><TextEquiv index="1"><Unicode>Huc</Unicode></TextEquiv></TextLine><TextLine id="r0_l053"><Coords points="695,1243 695,1216 668,1216 668,1243 695,1243"/><TextEquiv index="1"><Unicode>!</Unicode></TextEquiv></TextLine></TextRegion></Page></PcGts>