651 1281
157 28 478 53 DIONTSII PETAVII
47 36 73 53 50
88 52 474 78 Inſtare; & omnes inde ponarum fimul
89 75 556 100 Objicere facies, armaque: hinc aram, & focos
88 98 454 123 Mcaſq́ue Fi turis, ac turpis Mithræ
90 121 629 150 Simulacra ; Et, horum fas tibi alterutrum modò!
48 145 526 170 25o Optare, Ptinceps clamat: aut digitis tribus
90 169 527 193 Excutere in igues tura ( quippe aram ſuper
88 191 507 217 Manum coactus teudere, & ſummis gerens
87 216 478 240 Inſerta digitis ftabat) aut quæ tu vides
88 238 539 264 Rurſum experiri. Quantulum eſt Divis ſemel
49 246 648 288 175 Dare tura Contra hæc pavidus & mortis ſenex!!
88 285 458 310 Terrore fractus ceſſit. Vt Tauri jugis
86 307 479 333 Mediove Oroutis vertice annoſam ruunt
86 331 523 356 Adverſa quercum flamina Hæc primum ſitu
88 355 531 379 Concuſſa dubias hinc & hinc criſpat comas;
48 377 468 402 So Iam jam ruenti fuuilis; ac tandem ſolo
87 401 454 427 Avulſa præceps turbine ingenti cadit.
85 425 434 449 Sic antè nutu uoſter incerto minax
62 447 543 473 ,. Demum ruinam traxit. S. Et quiſquam fbi
87 471 494 496 ,,Confiſus animos pectore ingentes alit?
50 494 514 520 185,, Supraq́ue reliquos vertice erecto tumet?
87 517 506 544 ,,Eo ſumma Libaui culmina ario tenens
87 542 477 566 ,,Enodis apice cedrus: ac totum comæ
87 564 477 589 ,,Virture ſobter una deſpectans nemus,
88 587 492 613 ,,Afficta terræ eſt. Inclytum latè jubar
48 610 520 635 1S0,. Claro propineuas lumiue obſcurans faces
89 634 506 656 ,,Clo reſixumt cecidit. Hæc noſtris fides
87 656 552 682 ,,Habenda rebus: quantulum humanæ queant
87 680 543 705 ,,Vires, ab uno diſce. Magnum aliquid vetat
87 704 427 728 ,Iactare de ſe lubricus vitæ tenor.
48 722 638 752 195, Pronuſq́ue ab alto lapſus. Haud levior freti
87 750 449 773 ,Impulſa ventis unda diverſis furit.
86 772 531 798 ,,Nec, quæ inchoantis frigus Autumoi rapit
86 796 468 821 ,,Ieviora ſylvis folia populatis volant
88 819 586 843 ,Hominu caduca ſtirpe. D. Quæ memoras, PaterI
45 842 523 867 oo Meditatus equidem, veraq́ue expertus, ſcio.
85 865 466 890 Sed nil perinde, fateor, ut præſeus viri
83 887 513 911 ,,Eveutus hoc me docuit. S. Alterius ſape
79 912 511 936 ,,Doctus periclo: fragilis ac ſortis memor
85 935 541 959 ,.oderata ſequere: tntas hâc curſum reges.
21 954 528 982 205,, Nec te Tonati ſubditum; & nocte ac die
84 981 499 1006 ,, Arcana cœli fata metuentem, opprimet
83 1003 473 1029 ,Ille ille uoſtras hoſtis in clades vigil;
82 1026 468 1051 ,,Cui præda factus alter. Ex illo cape,
85 1048 547 1074 ,,Quid te pavere deceat. Hic fructus maii eſt.
44 1072 498 1094 a10,, Quippe hoc ſuperbos ruere confilio ſinit
81 1094 583 1121 ,,Terræ ataue Olympi Rector ; ut ſtantes gradum
82 1117 539 1143 ,.Firmare diſcant: pcua ur in paucos, metus
80 1138 519 1166 Fructuſq́ue i omnes paria metuentes cadat.
503 1164 579 1185 CHO
