657 1279
160 34 482 62 DIONY 0ETVI!
1 32 73 57 25
60 58 539 86 0 Numeroſa puppes remigum explicuit manus.
92 81 472 106 Sed qui profundi ſæpe permenſus freti
87 104 495 132 Longinqu obivit ſpatia: nec cœli rudis
88 127 531 155 Scat puppe celsâ rector, & curſum regit.
77 151 520 176 Hæc ſupplicem me proinde; te noſtro facit
59 174 537 202 45 Regno expetitum cauſa: deſcendi ad preces,
91 198 537 225 Ne. Rege dignas. Fruere, dum peme licet,
88 220 538 246 Pietate oſtiâ, teq́ue ad obſequium reter.
88 243 480 270 Placare Superis: manibus admotus piis
89 267 390 293 Incendat arastutis Eoi vapor.
59 290 529 317 5o CH Pia eſt petentis cauſa, quid tanto ſequi
90 313 496 339 Auctare dubitas? vanus abſcedat tumor.
90 336 643 371 ,SI Heu! quàmi potenti blandus illecebrâ ſavor;
88 361 514 386 ,,Et aura Regum facilis, & bonitas trahit
89 384 490 409 Armaia precibus. Cetara abſiſtantlicet;
59 407 525 433 55,.Qui quod precatercogere iuvitum poteſt,
86 430 500 456 ,, Cugit precando. Mortis accedat timor,
82 454 539 479 ,,Et pœna præſens: ſtare quis preſſo gradu;
86 477 493 501 3, Atque irretortos figere obturus queat?
88 500 524 524 ,,Sed digna cœlo pectota, ut ſtabili domus
55 522 504 545 6o,. Fundata ſaxo, turbine haud ullo labant.
85 546 542 572 Abj1cere Cnriſtum, veſtraq́ue amplecti jubes;
28 570 491 596 Nec parva ſcelere pretia pro tanto paras;
85 592 479 619 Prope jura regni ſocia. Nil causâ loqui
85 614 489 640 Noſtrâ neceſſe eſt, quid tua interſit vide.
47 638 538 665 65,, Ars prima Regum elt, noſſe cui tota Imperi
43 662 576 693 5,Arcana credant, quoſq́ne in obſequium legant,
82 686 537 711 ,,Probare fidos. Paullum hoc tecum exige,
81 708 543 737 Mihi quiſquis ille eſt, odia quem contra foves.
74 732 607 759 Deus eſt, erituue ſemper. Hunc meritò, an ſecùs.
53 754 518 777 0 rrore ſtatuam; nil meam ad cauſſam facit.
83 778 533 804 Quippe efſe talem ſtatuo. Nunc pro te Deum
82 801 481 828 Abnuere, & aris pellere inſontem jubes.
81 825 586 851 ,,Finge obſecutum. Quem fore in dominum putas,
83 848 500 874 ,,Qui cogi ad iſta poruit? Hic tanti canax
52 871 536 898 5,. Sceleris, datamq́ue Numini extortus fidem,
83 894 548 919 ,Impendet honini? Prſpero Imperium ſtato
80 917 500 944 Tnum eſt, diuque ſervet hoc Chriſti favor.
80 940 469 967 Sed verſa crede fata: ouique acie modò
81 963 481 990 Infeſtus in no bella Romuleâ parat.
42 985 518 1014 6o Paulùm ſecundo Marte trams geminum legat
54 1009 473 1035 Porrecta flumen. quaque ſolicitas prece,
80 1031 494 1058 Quſ ſpe metudae ſubigis, in partes vocet.
79 1054 554 1080 Qii facere ſodes deceat? An patriæ immnemor
80 1076 477 1105 Auſonia vilis caſtra deſertor petam?
48 1096 447 1126 s, An mſille ſatius mortis in ſpecies rapi
79 1120 460 1147 Tua am reſolvi jura? Sic vel te reor
79 1143 485 1172 , Auore quivis faciat. Ergo iſlis modi
503 1172 584 1205 Præ
