711 1304
135 61 593 88 STHAANE TRAODIA.2
1 71 24 83 H5
123 85 569 110 ,Præludere animis patere, nec veteres metu
1 99 33 116 t
126 109 585 134 ,,Mutare dominos, prodere aut pretio doce:
1 132 555 163 P,, Ea lemq́ue metue. Quippe perfidiæ ſeges
124 155 628 180 ,.Magnum illa fœnus pariet. Ac ne te morer:
1 170 33 192 2
123 178 594 205 Operamq́ue fruſtra dederis; hæc paucis memor
1 192 29 210 1âi
123 200 621 228 ,Cape dicta Princeps. Regium ut populo caput,
2 216 32 237 u5!
123 226 609 253 ,,Sic rege Deus eſt maior: huic præ te obſequor,
1 239 32 260 e
1 248 529 280 5 .. Cui te ſubeſſe ſceptra tractantem ſcias
123 271 569 296 SA. Quod me rogante renuis. hoc forſan dari
121 295 565 322 Renuente cupias. Vela, dum venti favent,
122 317 480 343 Et tuta platidis unda miteſcit vadis.
1 330 27 352 4
121 341 610 367 ,,Committe pelago. Sl. Tuta quæ ſperes, brevi
1 365 515 396 ! 00,. Hutata fertent iaria. Sic dubii vice
120 387 581 414 ,Fallax potentum eſt gratia. & mollis favor.
1 404 23 421 V
117 412 479 436 ,Vt tum coruſcâ Solis oppoſiti ſace
120 434 535 461 ,,Cætulea nubes ardet, ille oculos tenens
1 447 25 468 â
119 459 504 483 ,,Arquatus orbe fulgor incepto micas.
1 482 501 520 205 ,, At mox caducâ luce vaneſcens perit.
118 504 527 530 , Sed certa finge præmia, & ſorti tenor
687 515 709 581 l
120 528 555 554 ,Faventis idem maneat. Vt primùm ſopor
118 552 519 578 ,,Æternus or clauſit, & furvo caput
118 576 550 601 ,,Damnavit Orco, decoris hic veſtri excidit
1 589 626 624 ar0,, Cùm luce pariter fructus. Hac vecors tamen
116 622 558 647 ,Mercede Simeon Tartaro obitringat caput,
116 645 537 671 ,,Turpemq́ue diri ſceleris arceſſat notam?
115 668 565 694 Non. f quid iſto in corde vel minimum ſapit.
114 691 594 718 Hoc facier umquam. SA. Quin age evictus malis
1 705 481 740 5 15 Servire diſce tempori, & ſpecie tenus
114 737 590 763 Præ te iſta ſaltem habere. SI. uâ Meti jubes?
115 761 575 787 SA. Quo juſſa cogunt regia. SI. Vt vano Deos
1 775 63 796 2ſ
114 784 494 810 Errore fftos, ſilice & informi colam
113 807 532 833 Eciſa trunco monſtra? vis nulla exprimet
1 828 550 857 2 a0 Tam turpe facinus. Nulla me Chriſto dies;
112 853 613 878 Mibi nulla Chriſtum rapiet. SA Hunc oculis vides
111 877 462 901 Almæ parentem lucis. æterno celer
110 900 550 927 Qui cuncta raptu vegetat, & mundum regit?
109 923 537 950 Quodnam orbe toto majus aut malius potes
1 942 530 973 5 125 Optarte numen ? Lumina uc agedum ieva.
108 970 579 996 Quid is pudendum ſupplici. atque infra Deum,
107 994 497 1017 AÆternus, expers labi, ac felix habet?
107 1016 544 1037 Saltem hunc adorans cœlirum ex orni lege
106 1040 542 1064 Numero ſacriſue recipe. Qui vitam cdodir
58 1062 544 1088 130 Cujuſ́ue liquido ſpiritum ex haultu trahis,
104 1087 509 1112 Hunc refugis. & te numinis tanti piget?
102 1110 506 1135 Huic facile gratæ vocis oiciam negas?
102 1131 575 1159 Quæ laude merces. memoris atoue animi ſde
101 1155 533 1182 ,Bene in merentes levior? At tanto nefas
51 1177 612 1206 15,, Etiam haac negantis grevius. S. Huac Sol jube
510 1201 595 1227 Aſpicete
359 1205 397 1227 F3
