<PcGts xmlns="http://schema.primaresearch.org/PAGE/gts/pagecontent/2019-07-15" xmlns:xsi="http://www.w3.org/2001/XMLSchema-instance" xsi:schemaLocation="http://schema.primaresearch.org/PAGE/gts/pagecontent/2019-07-15 http://schema.primaresearch.org/PAGE/gts/pagecontent/2019-07-15/pagecontent.xsd"><Metadata><Creator>User123</Creator><Created>2022-01-24T09:06:09</Created><LastChange>2022-01-24T09:06:09</LastChange></Metadata><Page imageFilename="0086.png" imageHeight="1283" imageWidth="656"><TextRegion id="r0" type="paragraph" orientation="0.375"><Coords points="1,1 654,1 654,1281 1,1281"/><TextLine id="r0_l001"><Coords points="284,88 286,88 286,82 288,80 349,80 350,81 372,81 373,80 413,79 414,80 477,80 478,81 484,81 485,79 484,78 484,66 485,65 484,64 423,64 422,63 195,65 194,64 192,64 191,65 167,65 165,67 165,68 166,69 166,81 168,82 174,82 175,81 179,81 214,81 215,82 218,82 219,81 259,80 260,81 283,81 283,82 283,88 284,88"/><TextEquiv index="1"><Unicode>DTONYSII PETAVII</Unicode></TextEquiv></TextLine><TextLine id="r0_l002"><Coords points="1,59 1,87 74,86 74,58 1,59"/><TextEquiv index="1"><Unicode>2</Unicode></TextEquiv></TextLine><TextLine id="r0_l003"><Coords points="420,108 422,108 423,108 422,105 424,103 479,103 480,104 528,104 529,105 530,105 531,104 534,104 534,103 534,101 533,101 532,100 526,100 525,99 525,93 524,93 523,92 504,92 503,91 503,87 489,87 488,86 484,86 481,88 481,89 480,90 480,91 479,93 456,93 455,93 455,91 454,90 454,89 453,87 446,87 443,90 443,92 421,92 420,92 420,87 420,86 418,86 416,88 415,88 413,90 413,92 391,93 390,92 383,92 382,93 348,93 347,92 346,93 313,93 312,93 312,89 311,87 307,87 306,88 252,88 251,89 251,99 233,100 231,98 231,97 229,95 229,94 228,93 228,91 227,90 216,90 214,88 210,88 209,89 188,89 187,88 186,88 184,89 184,92 184,93 137,93 136,93 136,89 136,88 122,88 121,87 115,87 114,88 114,89 113,90 102,90 100,92 100,94 99,95 99,96 98,97 98,99 97,100 97,101 96,103 95,103 94,103 94,104 96,106 119,105 119,106 120,109 121,110 122,110 123,110 122,106 123,105 146,105 147,104 212,104 213,103 224,103 238,103 239,104 257,103 258,104 259,103 288,103 288,104 289,109 291,109 292,109 291,106 293,104 306,104 307,103 328,103 329,104 349,104 350,103 401,103 402,103 419,103 419,104 420,108"/><TextEquiv index="1"><Unicode>Aſpicere? SA. Vt ipſo numen a?pectu ſcias.</Unicode></TextEquiv></TextLine><TextLine id="r0_l004"><Coords points="447,133 449,133 450,133 450,131 452,129 452,127 452,126 484,126 485,127 486,127 487,126 511,126 512,127 553,127 554,128 568,127 569,128 571,128 573,127 573,122 573,121 574,121 576,120 576,115 575,114 574,114 572,112 568,112 568,113 568,114 567,114 531,115 531,114 531,111 530,111 524,111 523,110 513,110 512,111 495,111 495,114 494,115 439,115 439,110 438,109 437,109 436,108 435,109 395,110 393,112 392,112 391,113 367,113 365,111 349,111 347,113 347,122 346,123 322,123 322,119 321,118 321,117 320,116 309,116 308,115 298,115 297,116 249,116 248,116 243,116 243,115 243,109 242,109 231,109 230,110 201,110 201,115 200,116 141,116 141,115 140,114 116,114 114,112 100,112 99,113 98,113 98,114 97,115 97,116 96,117 96,123 95,124 96,125 96,128 156,128 158,130 159,130 160,130 160,129 160,128 175,128 176,127 213,127 214,126 248,126 249,126 271,126 272,127 369,127 370,127 370,132 370,133 371,133 372,132 372,127 397,127 398,128 401,128 402,128 402,129 403,129 404,130 407,130 408,131 412,131 413,132 414,131 415,131 416,131 416,127 416,126 446,126 447,127 447,133"/><TextEquiv index="1"><Unicode>SI. Atu viciſſim cerne. SA. Quid porio libet?</Unicode></TextEquiv></TextLine><TextLine id="r0_l005"><Coords points="630,161 634,161 635,160 636,160 638,158 638,130 636,129 635,129 634,128 630,128 630,129 630,132 629,132 385,134 385,133 385,132 384,132 334,132 333,131 230,132 229,133 183,133 182,134 181,134 180,135 101,135 100,136 98,136 96,139 96,150 97,151 101,151 102,152 145,152 147,154 147,158 148,158 148,156 148,155 159,155 160,155 160,154 160,153 197,153 198,152 198,151 469,149 470,150 501,150 502,151 563,150 564,151 629,151 630,152 630,161"/><TextEquiv index="1"><Unicode>SI. Qucdi ue hunc coruſc ſideruui intextum face</Unicode></TextEquiv></TextLine><TextLine id="r0_l006"><Coords points="286,180 287,180 287,174 287,173 317,173 318,172 385,172 386,173 387,173 388,172 416,171 417,172 430,172 431,171 458,171 459,172 472,172 473,173 474,173 475,173 475,166 475,165 476,165 477,165 476,164 476,163 475,162 462,162 461,161 459,161 458,160 380,161 380,160 380,156 378,155 355,155 354,156 353,156 351,158 351,160 350,161 342,161 341,162 306,162 306,157 305,156 290,156 290,157 290,161 289,161 234,162 234,161 234,160 233,160 220,160 220,159 220,156 218,155 217,156 217,161 216,162 191,162 190,163 148,163 148,159 147,158 140,158 139,157 137,157 136,158 105,158 104,159 101,159 100,161 100,173 101,174 159,174 160,173 262,172 263,173 285,173 286,174 286,180"/><TextEquiv index="1"><Unicode>Sublime ccelum turbiue aſſiduo rotat</Unicode></TextEquiv></TextLine><TextLine id="r0_l007"><Coords points="324,203 325,203 325,200 326,199 327,199 329,201 330,199 330,195 331,195 392,195 392,201 393,202 396,202 396,201 396,195 397,195 410,194 411,195 459,195 459,196 459,201 460,201 471,201 471,197 472,196 524,196 524,195 523,194 523,189 522,188 522,187 520,185 501,185 500,184 489,184 488,183 488,179 487,179 486,179 485,178 484,179 484,184 484,185 461,185 460,184 439,184 438,183 433,183 432,183 432,179 431,178 430,178 429,177 428,178 405,178 404,180 404,183 371,184 370,183 370,179 369,179 368,180 367,180 367,183 367,184 326,184 325,185 289,185 288,185 288,181 287,180 285,180 285,181 285,184 278,184 277,185 255,185 254,185 254,181 253,180 252,180 251,179 236,180 235,179 234,179 233,180 233,184 233,185 200,185 199,184 199,182 197,181 159,181 158,182 154,182 154,183 154,184 153,185 146,185 145,186 113,186 112,186 112,184 110,182 101,182 101,183 101,185 82,186 81,187 56,187 55,187 55,197 58,200 72,200 72,202 73,203 75,203 75,202 75,198 77,197 102,196 104,198 111,198 112,197 187,197 188,196 254,195 254,196 254,201 255,201 257,201 257,197 258,196 274,196 275,195 310,195 310,196 310,199 311,199 323,199 323,200 323,203 324,203"/><TextEquiv index="1"><Unicode>40 Et vaſta Nerei ſpatia; quæue inſra polum</Unicode></TextEquiv></TextLine><TextLine id="r0_l008"><Coords points="176,227 177,227 177,226 177,220 178,220 186,220 187,219 249,219 250,219 261,219 261,220 261,224 263,225 264,225 265,224 265,220 266,219 274,219 275,218 304,218 305,219 325,219 326,218 347,218 402,218 403,218 470,218 470,219 470,220 471,220 473,220 473,218 473,217 468,217 467,217 467,209 466,207 463,207 462,206 442,206 441,207 397,208 396,207 396,202 388,202 387,201 385,201 383,202 383,206 383,207 362,207 361,208 333,208 332,207 327,207 326,206 326,203 323,203 322,204 322,209 301,209 299,207 295,207 294,208 247,209 246,208 210,208 209,207 209,203 203,203 202,202 201,202 200,202 200,207 200,208 182,208 181,209 149,209 148,210 127,210 126,210 126,205 126,204 117,204 116,205 102,205 101,206 101,208 102,209 102,220 103,220 117,220 118,221 129,221 130,220 175,220 175,226 176,227"/><TextEquiv index="1"><Unicode>Iibrata tellus æquore in medio natat</Unicode></TextEquiv></TextLine><TextLine id="r0_l009"><Coords points="479,248 480,248 481,247 482,247 483,246 485,246 485,245 485,241 486,241 521,241 522,242 538,242 539,243 557,242 558,243 568,243 569,242 570,242 570,239 570,238 569,238 568,237 562,237 561,237 561,232 561,231 559,231 558,231 558,228 557,227 557,226 557,225 555,226 554,225 551,225 549,226 549,227 548,228 548,230 548,231 512,231 511,230 495,230 494,229 493,229 492,230 451,230 450,230 450,228 447,224 429,224 428,223 407,223 406,224 406,225 343,226 342,225 340,225 339,226 337,226 335,227 335,235 334,236 334,237 334,238 310,238 309,238 309,232 309,231 297,231 296,231 296,228 294,225 290,225 286,229 286,231 238,232 237,231 178,231 177,230 177,227 175,227 174,227 174,231 174,232 148,232 147,233 114,233 113,233 113,229 113,228 101,228 99,230 76,231 75,231 76,232 99,231 99,232 99,243 100,243 116,243 117,244 151,244 152,243 188,243 189,242 245,242 245,248 246,249 247,249 247,248 247,242 248,242 250,241 251,242 295,242 295,243 295,249 296,249 298,249 298,243 299,242 310,242 311,241 339,241 340,242 341,241 361,241 361,247 362,248 362,247 362,241 363,241 367,241 368,242 392,242 392,247 393,248 395,248 395,247 395,241 396,241 421,240 422,241 476,241 476,242 476,247 477,247 478,247 479,248"/><TextEquiv index="1"><Unicode>Hæc tu intuere cuncta. SA. Nil factu grave eſt.</Unicode></TextEquiv></TextLine><TextLine id="r0_l010"><Coords points="305,272 472,271 473,270 524,270 526,268 525,268 474,268 474,267 477,267 478,267 478,265 478,264 511,264 512,263 511,257 512,257 514,257 515,255 515,252 512,249 437,249 435,247 239,249 238,248 237,248 235,250 128,250 127,251 102,251 98,255 99,263 98,264 98,265 99,266 100,266 101,267 147,267 148,268 148,269 304,268 305,269 305,272"/><TextEquiv index="1"><Unicode>Sed quæ tuendi cau a; qvcve iſtud rogas?</Unicode></TextEquiv></TextLine><TextLine id="r0_l011"><Coords points="234,295 466,293 467,292 478,292 479,291 479,287 520,287 521,286 521,273 551,273 552,272 554,272 555,271 554,271 520,271 519,270 517,270 517,273 516,274 357,275 357,274 357,271 356,271 254,271 253,270 242,271 241,272 174,272 173,273 113,273 112,274 102,274 101,276 101,286 100,287 100,289 101,289 102,290 233,290 234,290 234,294 234,295"/><TextEquiv index="1"><Unicode>SI. Cœlo revulſum ci ius in præceps cuati</Unicode></TextEquiv></TextLine><TextLine id="r0_l012"><Coords points="73,322 75,322 77,320 77,319 84,319 85,318 86,318 87,317 87,316 89,314 119,313 120,312 150,312 151,313 152,312 211,312 212,311 253,310 254,311 265,311 266,312 268,312 269,311 299,311 300,312 300,314 302,314 304,313 304,312 305,310 328,310 329,310 329,316 329,317 330,317 331,316 331,310 370,310 371,310 371,316 371,317 373,317 374,316 374,310 401,310 402,310 499,310 500,311 527,311 528,310 528,308 527,307 527,301 525,300 524,300 523,299 487,299 487,298 487,294 486,294 467,294 466,293 463,293 462,294 427,294 426,293 425,293 424,295 424,299 423,299 399,300 398,299 356,299 356,298 356,294 355,294 354,294 353,293 335,293 335,298 334,299 326,299 325,300 279,300 279,296 278,295 248,296 247,295 233,295 233,299 232,300 221,300 220,301 196,301 195,300 173,300 173,296 172,295 169,295 169,296 169,301 168,301 130,301 130,300 129,299 129,297 128,296 127,297 104,297 102,300 102,303 101,303 57,304 57,315 57,316 60,316 61,317 72,317 73,317 73,321 73,322"/><TextEquiv index="1"><Unicode>145 Solem hunc videuis; vel face extinct dem</Unicode></TextEquiv></TextLine><TextLine id="r0_l013"><Coords points="331,341 334,341 334,340 334,334 371,334 372,333 395,333 396,334 404,333 405,334 423,334 424,333 455,333 456,334 456,339 457,339 460,339 460,334 460,333 493,333 494,332 494,317 493,317 485,317 484,316 483,317 483,321 482,322 420,322 419,321 374,322 374,321 374,317 373,317 354,317 352,315 351,316 350,316 349,317 329,317 329,321 328,322 301,322 300,321 300,320 299,319 297,319 297,320 297,321 296,322 296,324 295,325 295,327 294,328 294,330 292,331 268,331 268,325 267,324 266,324 265,323 240,324 240,323 240,319 237,317 236,318 236,322 235,323 221,323 220,324 172,324 172,320 170,318 169,318 169,319 169,320 168,320 153,320 152,322 152,325 151,325 130,325 130,321 128,319 127,319 127,320 127,322 126,322 104,322 103,324 103,328 102,328 81,329 81,330 81,331 82,330 88,330 89,330 89,336 90,337 105,336 106,337 108,337 109,336 146,336 146,335 182,335 184,336 186,336 186,335 206,335 207,334 249,334 250,334 251,334 253,335 258,335 258,334 290,334 292,335 296,335 296,334 329,334 330,334 330,340 331,341"/><TextEquiv index="1"><Unicode>SEbtrahere rebus Antè ſe in terras poli</Unicode></TextEquiv></TextLine><TextLine id="r0_l014"><Coords points="599,327 600,355 642,354 641,326 599,327"/><TextEquiv index="1"><Unicode>I</Unicode></TextEquiv></TextLine><TextLine id="r0_l015"><Coords points="415,364 419,364 419,362 421,360 421,359 422,358 429,358 430,357 475,357 476,358 489,358 490,357 512,357 513,358 514,358 515,356 515,355 514,354 514,349 513,348 513,347 512,347 511,346 501,346 500,345 499,345 498,346 457,346 456,346 456,342 455,340 454,340 453,341 453,346 422,346 421,346 421,343 420,341 418,343 418,346 401,347 400,346 396,346 395,345 395,340 393,340 391,341 391,345 391,346 359,346 358,345 358,342 357,342 355,343 355,345 355,346 335,346 334,345 334,341 331,341 330,341 330,346 330,347 305,347 304,346 276,346 275,346 275,341 275,340 257,340 255,342 254,342 253,343 253,344 252,345 224,346 223,345 223,342 222,341 221,341 220,341 220,346 220,347 176,347 175,346 175,343 174,342 169,342 168,343 168,344 167,345 167,348 119,348 116,345 114,345 113,344 109,344 108,345 106,345 104,347 104,348 103,349 103,351 102,352 103,353 103,356 104,357 104,358 106,359 109,359 110,360 113,360 114,359 149,359 150,358 174,358 251,357 253,359 254,358 261,358 294,358 295,359 296,359 297,358 305,358 306,357 309,357 309,358 309,361 310,361 310,358 311,357 356,357 356,359 357,360 358,360 359,358 359,357 360,357 406,356 407,357 414,357 414,358 414,364 415,364"/><TextEquiv index="1"><Unicode>Oeroſa moles ſolvet: in&amp;ue hujus locum</Unicode></TextEquiv></TextLine><TextLine id="r0_l016"><Coords points="512,388 519,388 520,387 521,387 521,386 521,381 522,381 528,381 530,378 530,369 529,368 525,368 524,369 489,369 488,368 488,364 478,364 477,363 473,363 471,365 451,365 450,366 448,366 447,367 447,369 420,369 419,369 419,365 419,364 404,364 402,366 402,368 402,369 371,369 370,368 370,363 369,363 368,362 366,363 366,367 366,368 354,368 352,370 326,370 325,369 324,369 323,368 307,368 306,368 306,365 306,364 303,364 302,365 302,369 266,369 265,369 265,365 264,363 263,363 262,364 261,364 258,367 258,368 257,369 226,370 225,369 225,365 224,364 216,364 215,364 215,368 215,369 176,369 175,368 175,367 173,365 170,365 169,366 169,368 166,368 164,370 164,372 133,372 132,372 132,369 131,368 131,367 131,366 110,366 109,367 108,367 106,369 105,369 104,370 104,382 106,383 133,383 134,382 136,382 137,381 164,381 165,382 209,382 210,381 234,381 256,380 257,381 293,381 293,382 293,388 294,388 294,382 295,381 336,381 336,382 338,384 340,381 340,380 341,380 380,380 380,384 381,385 383,385 383,384 383,380 384,380 402,380 403,380 409,380 410,381 411,381 412,380 474,380 475,381 511,381 511,387 512,388"/><TextEquiv index="1"><Unicode>Subuecta tellus ſcandet; ad priſcum Chaos</Unicode></TextEquiv></TextLine><TextLine id="r0_l017"><Coords points="310,411 471,410 471,409 312,410 311,410 312,409 342,409 343,408 345,408 348,405 424,404 425,403 468,403 469,402 469,398 468,397 468,392 468,391 435,391 433,389 432,389 431,388 393,389 392,388 392,387 391,386 390,386 389,387 210,388 209,387 208,387 206,389 106,389 104,391 104,392 105,393 105,405 107,406 309,405 309,406 309,411 310,411"/><TextEquiv index="1"><Unicode>Ftactus redibit orbis ego tales Deos</Unicode></TextEquiv></TextLine><TextLine id="r0_l018"><Coords points="450,433 451,433 451,427 451,426 488,426 489,426 489,429 489,430 490,430 491,429 491,426 524,426 525,425 538,425 540,423 540,415 538,414 523,414 522,413 521,414 520,414 519,415 492,415 491,414 490,415 472,415 471,411 471,410 468,410 467,411 468,415 467,415 441,415 440,416 403,416 402,416 401,416 400,415 331,415 330,414 329,414 328,415 312,415 312,412 311,411 304,411 303,410 301,410 300,411 301,416 300,416 299,416 298,417 277,417 277,412 276,411 274,411 274,412 274,417 273,417 245,418 243,416 237,416 237,415 237,412 235,411 233,411 232,412 231,412 230,413 230,416 229,417 209,417 208,416 204,416 203,417 182,417 182,416 182,413 181,412 180,411 178,411 177,411 178,415 177,416 170,416 170,417 170,418 169,418 140,418 140,415 139,414 139,413 137,411 135,411 134,413 134,414 133,414 106,414 103,417 62,418 61,419 61,429 62,431 72,431 73,431 73,432 73,433 76,433 78,431 78,430 79,429 79,428 108,427 109,428 118,428 119,429 119,431 120,431 120,429 120,428 158,428 159,429 160,428 198,428 199,427 231,427 232,428 252,427 253,428 260,428 261,427 275,427 276,426 301,426 302,427 315,427 316,428 316,431 317,432 323,432 324,432 324,431 325,429 328,429 329,428 330,428 331,427 331,426 361,426 362,426 362,428 362,429 363,429 364,428 364,427 365,426 386,426 387,427 416,426 417,427 419,427 420,426 449,426 450,427 450,433"/><TextEquiv index="1"><Unicode>50 uu thure &amp; aris igner, aut ntortis metu</Unicode></TextEquiv></TextLine><TextLine id="r0_l019"><Coords points="461,455 462,456 463,455 464,455 465,455 465,450 465,449 494,449 495,450 506,450 507,450 507,454 507,455 509,455 510,454 510,449 558,448 559,449 567,449 569,448 568,447 568,440 565,437 556,437 555,437 546,437 546,436 546,434 544,433 543,433 542,432 541,432 541,437 540,438 523,438 522,439 497,439 497,438 497,433 495,432 493,432 492,433 482,433 482,438 481,439 451,439 451,434 450,433 442,433 441,432 440,434 440,439 439,439 418,439 417,438 383,439 382,438 340,438 339,436 339,435 337,434 320,434 318,432 317,433 296,433 295,434 282,434 280,436 279,436 278,438 278,439 276,440 249,441 249,440 249,439 248,439 234,439 234,438 234,436 231,434 229,434 228,435 226,435 226,436 225,437 225,439 224,440 203,440 203,439 203,435 201,434 185,434 184,435 182,435 181,436 181,438 179,440 152,440 152,436 150,434 147,434 146,435 133,435 132,436 105,436 104,437 103,437 103,438 105,440 105,441 106,442 106,445 107,446 107,448 109,450 119,450 120,451 122,451 123,452 150,452 151,453 151,457 152,458 154,457 154,452 154,451 228,451 229,451 229,457 229,458 231,458 232,457 232,451 254,450 255,451 264,451 265,452 266,451 288,451 289,450 312,450 313,449 319,449 326,449 327,449 327,450 327,451 328,450 328,449 363,449 364,449 364,450 364,451 365,450 417,449 418,450 419,449 460,449 461,450 461,455"/><TextEquiv index="1"><Unicode>Ve! ſpe ſubactus. Chriſſe, vræ te aliquid parùm</Unicode></TextEquiv></TextLine><TextLine id="r0_l020"><Coords points="488,479 492,479 493,478 493,472 515,472 516,473 517,472 533,472 535,470 533,469 526,469 526,468 526,462 525,462 523,462 522,461 489,461 489,460 489,456 487,455 485,455 484,456 483,456 481,458 481,459 480,460 480,461 479,462 454,462 453,461 446,461 446,457 445,456 441,456 441,457 441,462 440,462 403,462 402,462 371,462 370,461 366,461 366,460 366,456 364,455 360,455 358,457 358,458 357,459 357,460 356,461 321,461 320,462 315,462 315,460 314,459 300,459 300,458 299,457 290,457 290,458 290,462 289,462 232,463 232,462 232,458 231,458 229,458 229,462 228,463 207,463 206,464 187,464 187,463 187,458 186,458 185,458 185,462 184,463 155,463 155,460 154,459 153,458 150,458 149,459 148,459 148,460 148,461 147,462 147,463 145,464 114,464 114,460 113,459 109,459 108,460 106,460 106,461 106,462 105,463 105,471 104,472 104,475 170,475 171,474 217,474 218,473 242,473 243,474 255,473 256,474 277,474 278,475 278,476 279,476 280,476 280,475 281,473 315,473 316,474 316,477 317,478 318,478 319,479 320,479 320,476 320,475 324,475 325,475 325,474 325,473 330,473 331,473 331,479 331,480 332,480 333,479 333,473 429,472 430,473 462,473 463,472 487,472 488,472 488,478 488,479"/><TextEquiv index="1"><Unicode>Seu fortis animus, lingua ſeu mendax ferat.</Unicode></TextEquiv></TextLine><TextLine id="r0_l021"><Coords points="391,503 392,503 392,502 392,495 393,495 394,496 395,496 396,497 397,497 398,498 401,498 402,499 403,499 405,500 410,500 410,497 411,496 437,496 511,496 511,499 512,500 514,500 514,499 514,496 515,496 522,496 523,495 528,495 529,494 554,494 555,495 556,494 558,493 558,491 557,490 557,485 556,484 556,483 555,483 553,483 552,484 509,484 508,485 495,485 495,484 495,480 493,479 483,479 482,478 473,478 472,480 472,485 471,485 437,485 437,480 436,479 433,479 433,480 433,485 432,485 401,486 401,485 401,484 400,483 400,482 399,482 398,482 396,480 389,480 386,483 386,491 386,492 362,492 361,491 361,486 358,484 349,484 348,483 347,483 345,485 333,485 333,484 333,480 332,480 331,480 331,484 330,485 280,485 280,481 279,480 255,480 253,483 253,484 251,485 230,486 230,485 230,483 229,482 229,481 228,481 192,481 191,480 190,481 190,486 189,487 168,487 168,482 167,481 166,481 166,482 166,487 165,487 149,487 148,486 140,486 137,483 128,483 128,484 128,495 109,495 108,494 106,494 104,496 104,497 105,498 105,502 106,502 116,502 119,499 133,499 134,498 157,498 158,499 159,498 192,498 193,497 252,496 253,497 280,497 281,496 328,496 329,495 367,495 368,496 370,496 371,495 390,495 390,502 391,503"/><TextEquiv index="1"><Unicode>,,Proinde iſta ſodes mitte. Quod nullâ queas</Unicode></TextEquiv></TextLine><TextLine id="r0_l022"><Coords points="641,528 644,528 644,527 644,512 645,511 645,497 644,496 644,495 640,495 639,495 639,498 639,499 351,501 350,502 165,503 164,504 147,504 146,505 146,506 129,506 127,508 127,517 106,517 104,519 104,521 105,522 105,525 106,525 246,525 246,527 247,528 249,528 249,527 249,526 250,526 348,525 349,524 372,524 372,523 372,521 373,521 639,519 639,523 640,524 640,527 641,528"/><TextEquiv index="1"><Unicode>,Vi facere, ſtulâ eſt perſequi. S. Vt mendax fdem!</Unicode></TextEquiv></TextLine><TextLine id="r0_l023"><Coords points="444,549 445,549 445,543 446,542 457,542 458,543 459,542 518,542 518,546 519,547 522,547 522,546 522,542 523,542 560,541 561,540 560,539 560,527 560,526 559,526 558,525 536,526 535,525 533,525 532,525 532,529 532,530 511,530 510,531 478,531 477,531 477,527 476,525 474,527 474,531 443,531 442,530 441,531 405,531 404,531 404,525 403,524 401,524 400,524 400,529 400,530 382,530 381,531 354,531 353,530 349,530 348,529 348,525 346,525 345,525 345,526 345,527 342,527 340,528 340,530 340,531 304,531 303,532 250,533 249,532 249,528 247,528 246,528 246,531 246,532 217,532 216,533 170,533 169,532 150,532 149,532 149,529 148,527 147,527 146,528 130,528 128,530 128,541 96,542 95,541 95,533 85,533 84,532 83,532 82,533 81,533 80,534 65,534 64,534 64,544 66,546 76,546 76,547 78,549 79,548 107,547 108,548 118,548 119,547 119,546 120,545 134,545 135,544 210,544 210,546 211,547 212,547 212,546 212,543 213,543 253,542 254,543 293,543 294,542 403,542 404,542 425,542 425,543 425,546 427,547 427,544 429,542 444,542 444,543 444,549"/><TextEquiv index="1"><Unicode>155,, Plerumque in omnes ſama de paucis capit l</Unicode></TextEquiv></TextLine><TextLine id="r0_l024"><Coords points="486,571 489,571 490,570 490,565 523,565 524,565 524,566 524,567 525,567 526,566 525,563 526,562 525,561 520,561 519,560 519,555 518,554 516,554 515,553 514,553 513,554 446,554 445,554 445,550 444,548 427,548 426,549 426,551 405,551 404,550 383,551 382,550 382,548 381,548 379,549 379,553 379,554 349,554 348,553 346,553 345,554 333,554 332,555 308,555 307,555 307,549 307,548 305,548 304,549 303,549 301,551 301,552 280,552 279,552 279,550 279,549 271,549 269,551 269,555 247,556 246,555 246,550 229,550 228,549 227,549 226,550 213,550 212,550 212,555 212,556 193,556 192,557 157,557 156,556 147,556 146,556 146,554 146,553 134,553 133,552 131,552 130,553 130,564 112,564 111,563 110,563 109,564 108,564 108,565 108,570 107,571 108,572 109,571 110,571 111,570 119,570 121,568 136,568 137,567 192,567 193,567 193,570 194,572 195,571 195,567 208,567 209,566 250,566 251,566 318,566 319,567 319,571 320,571 321,571 321,566 321,565 342,565 343,565 343,571 343,572 345,572 346,571 346,564 351,564 352,564 352,570 352,571 368,571 370,569 370,565 390,565 391,564 413,563 414,564 441,564 442,565 485,565 486,565 486,570 486,571"/><TextEquiv index="1"><Unicode>.Nam quid ſenile ſapere plut aliis caput.</Unicode></TextEquiv></TextLine><TextLine id="r0_l025"><Coords points="105,595 106,596 107,595 109,595 110,594 116,594 118,593 118,592 118,591 137,591 138,590 178,590 179,589 201,589 202,589 202,592 202,593 204,593 205,592 205,590 216,590 217,589 248,589 249,590 250,590 251,590 253,590 254,589 323,589 324,590 324,592 325,593 326,593 327,593 327,589 327,588 408,587 409,588 446,588 447,589 450,589 451,588 529,588 530,589 531,589 532,588 532,581 533,581 536,578 536,576 535,575 535,574 533,573 529,573 529,575 528,576 515,576 514,577 471,577 471,573 469,571 464,571 463,572 442,572 441,571 439,571 439,572 439,577 438,577 420,577 419,576 402,577 401,576 400,577 356,577 356,576 356,572 354,571 351,571 350,572 334,572 334,573 333,574 332,574 331,575 331,577 330,578 242,579 241,578 240,578 239,579 205,579 205,578 205,575 203,574 202,574 201,575 201,577 200,578 197,578 196,579 163,579 163,575 161,573 159,575 134,575 132,578 132,586 131,586 106,586 106,587 106,588 105,589 105,595"/><TextEquiv index="1"><Unicode>,. Sedemq́ue canos conſili ac mentis ferunt?</Unicode></TextEquiv></TextLine><TextLine id="r0_l026"><Coords points="107,596 107,620 577,617 577,593 107,596"/><TextEquiv index="1"><Unicode>,,Qâm fatuus ille eſt ſpè, quem longo ſenem</Unicode></TextEquiv></TextLine><TextLine id="r0_l027"><Coords points="371,641 372,641 372,640 459,639 461,638 461,637 462,635 520,635 521,634 521,628 522,628 523,627 523,626 524,625 524,622 521,620 520,620 519,619 517,619 516,620 516,621 515,622 325,623 325,620 324,619 280,619 279,618 151,619 150,620 149,620 148,621 131,621 131,622 131,628 130,628 95,629 94,630 95,632 130,631 131,632 130,632 109,632 108,633 107,633 107,634 107,635 108,636 109,636 110,637 110,638 173,638 174,639 174,641 369,640 371,641"/><TextEquiv index="1"><Unicode>.Vſu peritum, pluraq́ue expertum putes?</Unicode></TextEquiv></TextLine><TextLine id="r0_l028"><Coords points="196,664 197,665 197,664 197,660 198,660 219,660 220,659 245,659 245,661 246,662 246,661 246,660 247,660 280,659 281,658 315,658 316,659 318,659 319,658 357,658 357,661 359,663 360,661 360,657 361,657 392,657 392,662 393,663 395,663 395,662 395,659 396,659 437,658 438,657 503,657 504,658 512,658 514,660 515,658 515,657 516,657 546,657 546,660 547,661 549,661 549,660 549,657 550,657 584,656 585,655 585,649 586,648 587,648 587,645 586,644 586,643 584,640 563,640 561,639 535,640 534,639 530,639 529,640 528,640 527,642 526,642 525,642 525,645 525,646 488,646 487,645 487,642 486,641 484,641 482,642 482,645 482,646 462,646 461,647 415,647 414,646 375,647 374,646 374,643 373,642 373,641 370,641 369,641 369,646 369,647 360,647 359,646 343,646 342,645 342,641 340,640 338,640 338,641 337,641 334,643 334,645 333,647 266,647 265,647 265,643 264,641 262,641 261,642 260,642 258,644 258,645 257,646 257,647 229,648 228,647 228,642 219,642 218,643 185,643 183,644 183,647 183,648 157,648 156,648 156,646 155,644 115,644 114,643 113,644 83,645 81,647 68,647 67,648 66,648 65,648 65,659 67,661 68,660 70,660 71,659 110,658 112,660 151,660 152,659 184,659 185,660 196,660 196,664"/><TextEquiv index="1"><Unicode>160 SI. An &amp; iMle. fatuum ſæpè quem credas, ſapit?</Unicode></TextEquiv></TextLine><TextLine id="r0_l029"><Coords points="420,687 422,687 423,686 423,682 424,681 638,680 639,681 639,682 640,683 645,683 645,682 645,673 644,672 644,665 643,664 643,657 638,657 637,657 637,658 638,659 638,661 638,662 215,665 214,666 113,666 112,667 111,667 110,668 110,669 109,670 109,680 108,681 110,682 111,682 112,683 269,682 270,683 419,682 419,683 419,687 420,687"/><TextEquiv index="1"><Unicode>SA. De te haud fatebor. SI. Sapere me hoc animo!</Unicode></TextEquiv></TextLine><TextLine id="r0_l030"><Coords points="130,712 569,709 570,708 644,708 646,706 650,706 650,705 646,705 645,704 645,683 640,683 639,683 639,685 639,686 441,687 439,685 385,686 384,685 382,685 381,686 228,687 227,688 226,688 225,689 112,689 111,690 110,690 109,691 109,706 110,706 126,706 126,707 126,711 127,711 129,711 130,712"/><TextEquiv index="1"><Unicode>Ego te., tuoſq́ue quiſquis ioſanus Deos (negas?</Unicode></TextEquiv></TextLine><TextLine id="r0_l031"><Coords points="414,733 415,734 417,733 417,729 417,728 478,728 479,727 513,727 515,725 515,724 513,723 506,723 506,722 506,716 505,716 503,716 502,715 498,715 497,714 497,711 496,710 489,710 488,709 486,709 484,710 484,715 484,716 429,716 428,716 428,712 428,711 423,711 422,710 417,710 416,711 416,715 384,716 383,715 382,715 381,714 380,714 379,715 339,715 338,714 338,712 337,711 337,710 335,710 334,711 323,711 322,712 322,716 313,716 312,717 294,717 293,717 293,713 292,711 285,711 284,710 282,712 282,716 254,716 253,716 253,712 253,711 247,712 246,711 244,711 242,712 242,716 242,717 220,717 219,718 196,718 196,717 195,713 186,713 185,714 184,714 180,718 142,718 141,717 120,717 119,717 119,715 119,714 116,714 115,715 115,716 114,716 113,717 114,718 113,719 113,720 112,721 112,722 111,723 111,725 110,725 109,725 108,727 109,728 155,728 156,729 156,733 157,734 158,734 158,730 158,729 302,728 303,729 303,734 327,734 328,733 328,728 342,728 343,728 343,729 343,730 345,730 346,729 346,728 371,728 372,727 398,727 399,728 413,727 414,728 414,733"/><TextEquiv index="1"><Unicode>Aut poſſe credit aliquid, aut mtus colit.</Unicode></TextEquiv></TextLine><TextLine id="r0_l032"><Coords points="642,759 645,759 646,758 646,723 645,723 641,723 641,730 640,731 352,733 351,734 277,734 276,735 112,736 110,739 110,750 111,751 113,751 114,752 124,752 125,753 125,754 126,755 168,755 169,756 171,756 172,757 243,757 244,757 244,758 244,759 641,756 642,756 642,758 642,759"/><TextEquiv index="1"><Unicode>SA. Quamquam feroci eſt corde. nec linguæ mod</Unicode></TextEquiv></TextLine><TextLine id="r0_l033"><Coords points="473,781 476,781 477,781 477,774 477,773 479,773 480,774 490,774 492,772 491,771 491,770 490,769 490,764 488,763 482,763 481,762 441,762 440,763 432,763 432,759 430,757 415,757 414,756 391,757 390,756 389,757 370,757 370,761 369,762 360,762 359,763 338,763 337,762 334,762 333,763 312,763 311,762 307,762 307,759 306,758 303,758 303,759 303,763 302,763 282,763 281,762 280,763 247,764 247,763 247,759 246,759 244,759 244,763 243,764 228,764 227,763 226,763 225,764 197,764 196,763 194,763 193,764 144,764 143,763 137,763 136,764 117,764 117,760 115,758 107,758 106,759 83,760 82,761 81,761 80,762 67,762 67,771 66,772 66,773 66,774 90,774 91,774 91,777 91,778 92,778 93,777 94,777 96,775 177,774 178,774 178,780 178,781 179,781 181,779 181,775 247,775 248,775 248,781 248,782 250,782 251,781 251,775 251,774 319,774 321,776 323,774 338,774 339,773 375,773 376,773 376,777 377,779 381,779 382,778 382,775 384,775 385,774 414,773 415,774 426,774 427,775 427,778 448,778 449,779 452,779 453,780 454,779 456,779 459,777 459,774 459,773 472,773 473,774 473,781"/><TextEquiv index="1"><Unicode>165 In nos procacis novit, ac rigidâ jugum</Unicode></TextEquiv></TextLine><TextLine id="r0_l034"><Coords points="419,803 420,803 420,797 421,796 454,796 454,797 454,802 455,802 456,801 456,798 457,797 477,797 477,782 476,781 473,781 473,782 473,785 472,785 459,785 458,786 430,786 430,781 428,779 427,779 427,780 427,786 426,786 404,786 403,786 385,786 384,785 382,785 381,784 362,784 362,783 362,782 359,780 356,780 355,781 354,781 353,782 353,785 352,786 331,786 331,785 331,780 329,779 327,779 326,780 295,780 294,782 294,787 293,787 260,787 259,786 257,786 256,785 251,785 251,782 250,782 248,782 248,786 247,787 224,787 224,786 224,782 222,781 220,781 219,782 216,782 216,783 215,784 215,786 214,787 163,787 163,783 161,781 160,781 159,783 159,787 158,787 145,787 144,786 125,786 125,784 123,782 121,782 120,781 118,781 117,782 114,782 113,783 112,783 111,785 111,786 110,787 110,788 109,789 109,792 110,793 110,794 115,798 233,798 233,804 234,805 250,805 250,804 250,799 251,799 296,798 297,797 331,797 332,796 354,796 355,797 364,797 365,796 384,796 402,796 403,797 418,796 418,797 418,803 419,803"/><TextEquiv index="1"><Unicode>Cervice tefugit: aliud actutum loqui</Unicode></TextEquiv></TextLine><TextLine id="r0_l035"><Coords points="374,824 375,825 376,823 376,820 377,820 468,819 469,820 488,820 489,821 489,822 490,823 491,823 491,822 491,821 492,820 492,817 491,816 483,816 482,815 482,810 480,808 445,808 444,809 421,809 420,809 420,804 420,803 418,803 417,804 417,808 403,809 402,808 397,808 395,806 394,806 393,806 393,807 393,808 357,808 356,807 356,806 355,805 355,804 354,803 352,803 351,804 350,804 348,805 348,807 348,808 327,808 326,809 251,810 250,809 250,805 233,805 232,805 232,809 232,810 197,810 196,809 196,804 194,804 192,805 192,809 192,810 157,810 156,810 156,806 155,804 131,804 130,803 129,803 127,805 109,805 108,806 108,808 109,808 110,808 110,809 110,810 111,811 111,812 113,814 113,816 115,818 115,819 116,819 134,819 135,820 163,820 164,821 194,821 195,822 196,822 197,821 223,821 223,824 224,825 225,825 225,824 225,823 226,823 227,823 228,822 258,821 259,820 282,820 283,821 304,821 305,820 336,820 336,821 337,822 338,822 340,820 372,820 372,823 373,824 374,824"/><TextEquiv index="1"><Unicode>Vindex docebit nervus, &amp; pernix rora,</Unicode></TextEquiv></TextLine><TextLine id="r0_l036"><Coords points="462,849 464,849 465,848 465,847 464,846 464,845 465,844 509,844 509,843 509,839 501,839 500,838 500,835 501,834 501,832 500,831 496,831 495,832 451,832 450,831 431,831 430,832 402,833 401,832 401,827 400,826 399,826 397,827 397,831 397,832 367,832 366,831 365,831 364,830 364,828 362,826 343,826 342,825 341,825 339,826 339,831 339,832 299,832 298,832 298,828 298,827 296,827 295,828 295,833 252,833 251,833 250,833 249,832 248,833 223,833 222,832 217,832 216,833 148,833 147,833 147,831 148,830 149,830 150,829 150,828 150,827 111,827 110,828 110,830 111,830 112,830 112,831 112,841 111,842 111,843 112,843 152,843 153,844 159,844 160,843 191,843 192,844 224,844 225,843 253,842 254,843 255,843 256,844 286,844 287,843 325,843 326,842 380,842 381,843 408,842 409,843 419,843 420,842 447,842 448,843 460,843 460,844 460,848 462,849"/><TextEquiv index="1"><Unicode>Et fuue torto membra diſtendens equus.</Unicode></TextEquiv></TextLine><TextLine id="r0_l037"><Coords points="337,873 418,872 419,871 420,871 421,871 421,870 421,869 421,867 422,866 452,866 452,864 452,863 445,863 444,863 444,855 445,854 480,854 480,853 409,853 408,853 408,850 408,849 366,850 365,849 353,849 352,848 351,849 169,850 168,849 160,849 159,850 112,850 111,851 111,866 112,866 202,866 203,867 267,866 268,867 278,867 279,868 336,868 337,872 337,873"/><TextEquiv index="1"><Unicode>Hiille forſan victus abſiſtet rigor.</Unicode></TextEquiv></TextLine><TextLine id="r0_l038"><Coords points="509,895 510,895 511,894 531,894 533,892 533,889 558,888 560,887 560,878 559,877 558,877 557,876 544,877 544,876 544,871 543,871 472,871 471,870 468,870 466,872 320,873 319,872 317,872 316,874 316,877 315,877 225,878 225,877 225,874 224,874 222,874 221,873 169,873 168,874 71,875 70,876 69,876 69,884 68,885 68,886 69,888 80,888 81,888 81,890 81,891 112,890 113,891 113,893 174,893 176,895 179,895 180,896 186,896 187,895 187,891 317,890 318,891 318,894 328,894 329,894 329,895 329,896 330,896 331,895 331,890 474,889 475,890 475,891 508,891 509,891 509,894 509,895"/><TextEquiv index="1"><Unicode>170,,Et igne ferrum coq́uitur. &amp; crebr chalybs</Unicode></TextEquiv></TextLine><TextLine id="r0_l039"><Coords points="547,914 549,914 551,912 551,909 549,908 544,908 544,907 544,901 543,901 541,901 539,899 537,899 536,900 511,900 511,899 511,895 510,895 503,895 502,894 500,894 500,899 499,900 472,900 471,899 452,899 451,898 451,896 450,895 448,895 448,896 448,900 447,900 439,900 438,901 410,901 409,900 409,899 407,897 384,898 382,896 367,896 365,898 364,898 364,900 363,901 336,901 335,900 332,900 332,899 332,896 331,896 322,896 321,895 319,895 319,896 319,900 318,900 304,900 304,901 304,902 303,902 262,902 261,901 257,901 257,898 255,896 253,896 253,897 253,901 252,901 236,902 235,901 218,901 218,900 218,896 216,895 214,895 213,896 213,901 212,902 188,902 188,901 188,896 187,896 184,896 184,901 183,902 151,902 150,901 141,901 141,898 140,897 138,897 137,896 134,896 134,897 134,908 133,908 111,908 110,910 110,916 113,916 114,915 122,915 124,913 152,913 261,912 262,913 275,913 276,914 298,914 299,913 309,913 310,912 345,912 346,913 459,912 460,911 488,911 489,912 490,911 538,911 539,912 546,912 547,912 547,913 547,914"/><TextEquiv index="1"><Unicode>,.Incude domitus cedit. SI. Acceleres licet.</Unicode></TextEquiv></TextLine><TextLine id="r0_l040"><Coords points="316,943 317,943 318,943 318,936 318,935 371,935 372,936 373,935 404,934 405,935 416,935 417,936 438,936 439,935 468,935 469,934 528,934 529,935 582,934 583,933 584,933 585,932 586,932 588,931 588,930 589,929 589,926 585,922 584,922 583,921 577,921 577,918 575,916 573,916 572,918 572,922 571,922 502,923 502,922 502,917 501,917 498,917 497,918 486,918 485,919 485,922 484,923 451,923 451,921 450,920 398,921 398,920 398,919 397,919 393,919 392,920 391,920 391,921 390,922 390,923 389,924 353,924 351,922 349,924 315,924 314,923 313,924 281,924 280,925 252,925 251,925 234,925 233,924 232,925 197,925 196,924 176,924 176,923 176,920 175,920 170,920 169,921 135,921 135,922 135,931 134,931 112,931 111,933 111,940 123,940 124,940 124,939 125,938 125,937 125,936 252,935 253,936 298,936 299,937 299,938 300,939 301,939 302,940 304,940 306,942 315,942 316,943"/><TextEquiv index="1"><Unicode>,,Noſtra antevertept vota. SA. Non idem malo</Unicode></TextEquiv></TextLine><TextLine id="r0_l041"><Coords points="465,965 467,965 468,964 497,964 497,963 497,958 498,958 528,958 529,957 540,957 540,956 540,949 542,947 542,946 540,945 518,945 518,944 518,940 517,940 385,941 383,943 149,944 148,943 134,943 134,944 134,954 114,954 112,956 112,961 111,962 112,962 114,962 115,963 160,963 161,964 163,964 164,963 169,963 169,961 170,960 369,959 369,961 370,962 406,961 406,962 406,963 408,964 464,964 465,965"/><TextEquiv index="1"><Unicode>,.Vrgente conſtat animus; &amp; præſens dolor</Unicode></TextEquiv></TextLine><TextLine id="r0_l042"><Coords points="450,989 461,989 462,988 465,988 467,986 468,986 468,982 470,980 513,980 514,981 520,981 521,980 540,980 540,979 540,971 539,970 537,970 536,969 510,969 509,968 508,969 499,969 498,968 498,964 496,964 495,964 495,968 494,970 470,970 468,969 468,968 467,967 467,966 467,965 465,965 464,966 464,969 447,969 446,970 430,970 429,970 429,966 429,965 426,965 424,967 424,970 416,970 415,969 396,970 395,969 395,965 394,965 393,966 380,966 379,966 379,967 382,970 382,976 382,977 358,977 357,976 357,973 356,972 356,971 355,970 355,969 340,969 339,968 339,964 338,964 336,965 336,969 336,970 293,970 292,971 260,971 259,971 259,966 259,965 256,965 255,966 255,970 185,971 184,970 184,965 170,965 169,966 169,971 130,971 129,971 129,967 129,966 113,966 112,965 110,967 110,969 102,969 101,970 101,971 102,971 114,971 114,972 114,978 112,980 114,981 143,981 143,982 143,987 145,988 149,988 149,987 150,986 152,986 153,985 153,983 154,982 206,982 206,988 207,989 209,989 209,988 209,982 210,982 233,982 233,986 234,987 236,987 236,986 236,982 237,982 263,981 264,982 294,982 295,983 296,982 365,982 366,981 410,980 411,981 419,981 419,982 419,988 420,988 421,988 421,982 422,981 426,981 427,982 429,982 430,981 449,981 449,982 449,989 450,989"/><TextEquiv index="1"><Unicode>Magrifica reprimet verba. Vos intrp virum</Unicode></TextEquiv></TextLine><TextLine id="r0_l043"><Coords points="377,1016 379,1016 379,1015 379,1005 380,1005 425,1004 426,1005 428,1005 429,1007 429,1008 430,1009 430,1010 432,1011 435,1011 436,1010 437,1010 437,1006 438,1005 442,1005 443,1004 479,1004 479,1005 479,1009 481,1010 486,1010 487,1009 488,1009 489,1007 489,1006 490,1005 490,1004 491,1004 528,1004 529,1003 557,1003 557,1004 558,1004 559,1003 560,1003 560,1000 559,998 558,998 557,998 551,998 550,997 550,993 549,993 548,992 462,992 461,992 461,990 461,989 450,989 449,990 449,993 423,993 422,993 422,989 422,988 419,988 418,989 418,993 397,994 396,993 360,993 359,992 331,992 330,991 330,988 329,987 328,987 326,989 326,994 275,994 274,993 266,993 265,993 265,989 265,988 263,988 262,989 262,993 216,994 215,993 214,993 213,994 210,994 209,993 209,989 206,989 205,989 205,993 205,994 184,994 183,993 178,993 177,992 177,989 176,988 175,988 174,989 174,993 162,993 161,994 128,994 127,994 127,992 126,991 126,990 125,988 123,988 122,987 100,987 99,987 71,987 70,987 70,996 69,997 69,998 70,999 82,999 82,1002 83,1003 113,1002 113,1003 113,1004 114,1004 115,1004 117,1006 159,1006 159,1007 159,1010 160,1010 162,1010 163,1009 163,1006 164,1005 192,1005 192,1009 194,1011 199,1011 200,1010 201,1010 202,1009 214,1009 215,1008 216,1008 216,1007 216,1005 217,1005 252,1004 253,1005 284,1005 284,1006 284,1010 285,1010 288,1010 289,1009 289,1006 290,1005 327,1005 328,1004 366,1004 366,1007 367,1008 368,1007 369,1007 371,1005 376,1005 376,1015 377,1016"/><TextEquiv index="1"><Unicode>25 Compinge æris pondere, ac vinclis grarem.</Unicode></TextEquiv></TextLine><TextLine id="r0_l044"><Coords points="333,1056 336,1056 337,1055 337,1050 338,1049 338,1047 339,1046 391,1046 392,1046 392,1052 392,1053 394,1053 395,1052 396,1052 398,1050 398,1048 414,1047 415,1046 451,1046 452,1045 480,1045 481,1046 481,1047 489,1047 490,1046 490,1045 520,1045 521,1045 521,1051 522,1053 525,1053 526,1052 526,1051 529,1048 529,1046 557,1046 558,1046 561,1043 562,1043 564,1042 564,1036 564,1035 566,1035 567,1035 567,1034 564,1031 563,1031 563,1030 562,1029 555,1030 555,1029 555,1025 553,1024 540,1024 539,1023 533,1023 532,1024 531,1024 531,1025 530,1026 530,1027 527,1030 499,1030 498,1031 491,1031 490,1032 430,1032 428,1034 410,1034 410,1027 408,1025 406,1025 405,1024 402,1025 401,1026 401,1027 400,1028 399,1028 399,1030 397,1032 375,1032 374,1033 342,1033 342,1032 342,1030 341,1030 335,1030 335,1029 335,1026 333,1025 332,1025 331,1026 331,1030 330,1031 330,1032 329,1033 289,1033 288,1032 252,1032 251,1032 250,1032 249,1033 220,1033 219,1032 201,1032 201,1031 201,1026 200,1026 189,1026 188,1025 187,1026 186,1026 185,1027 161,1027 160,1028 158,1028 158,1029 158,1031 159,1032 159,1049 169,1049 170,1050 170,1054 171,1055 174,1055 175,1054 176,1054 179,1051 179,1048 185,1048 186,1047 221,1047 223,1049 224,1048 237,1048 238,1047 263,1046 264,1045 299,1045 300,1046 310,1046 311,1047 331,1047 332,1047 332,1054 333,1056"/><TextEquiv index="1"><Unicode>Vſthaxanes culpam ſuam agnoſcit</Unicode></TextEquiv></TextLine><TextLine id="r0_l045"><Coords points="285,1057 285,1089 434,1088 434,1056 285,1057"/><TextEquiv index="1"><Unicode>V deplorat.</Unicode></TextEquiv></TextLine><TextLine id="r0_l046"><Coords points="170,1098 171,1117 563,1114 562,1095 170,1098"/><TextEquiv index="1"><Unicode>vSTHAANES. SIMEON.</Unicode></TextEquiv></TextLine><TextLine id="r0_l047"><Coords points="302,1147 304,1147 304,1142 305,1141 306,1141 306,1142 306,1146 307,1146 309,1146 310,1145 310,1142 311,1141 335,1141 336,1140 353,1140 372,1140 373,1141 453,1140 454,1141 465,1141 466,1140 490,1140 491,1141 496,1141 496,1144 497,1145 498,1145 498,1144 498,1141 500,1140 532,1140 532,1143 533,1144 534,1144 535,1142 535,1140 536,1139 536,1138 535,1137 535,1136 530,1136 529,1135 529,1130 528,1130 527,1129 526,1129 525,1128 523,1128 521,1130 458,1130 457,1130 457,1126 456,1124 450,1124 448,1122 446,1122 444,1124 444,1129 420,1129 419,1129 419,1125 419,1124 418,1124 417,1123 407,1123 406,1124 380,1125 379,1124 376,1124 375,1125 374,1125 373,1126 372,1126 369,1128 369,1129 369,1130 332,1130 331,1129 331,1126 330,1125 330,1124 309,1124 308,1125 308,1131 297,1131 296,1130 268,1130 267,1129 264,1129 263,1128 249,1129 248,1128 246,1128 245,1129 212,1129 211,1128 210,1129 181,1129 180,1128 180,1123 177,1123 176,1124 166,1124 164,1126 164,1128 125,1128 124,1128 124,1127 124,1126 123,1126 122,1125 109,1125 107,1127 107,1129 108,1129 109,1129 109,1130 109,1132 111,1134 111,1135 112,1136 112,1139 114,1141 114,1142 115,1142 137,1142 139,1144 140,1144 141,1145 152,1145 152,1141 153,1140 186,1140 187,1141 188,1140 229,1140 229,1144 231,1146 236,1146 237,1145 238,1145 238,1144 239,1143 239,1142 240,1142 301,1141 301,1142 301,1147 302,1147"/><TextEquiv index="1"><Unicode>V. Alvere grarum juboo Cœlicolis caput,</Unicode></TextEquiv></TextLine><TextLine id="r0_l048"><Coords points="642,1178 643,1178 644,1177 643,1165 644,1164 644,1155 643,1154 643,1144 642,1143 641,1143 640,1143 640,1150 639,1151 639,1157 639,1158 609,1158 608,1158 608,1152 608,1151 583,1151 582,1152 539,1153 538,1152 517,1152 516,1151 516,1148 514,1146 513,1146 512,1147 501,1147 499,1148 499,1152 499,1153 484,1153 483,1152 474,1152 473,1152 473,1148 473,1147 470,1147 469,1148 469,1152 424,1152 423,1152 423,1150 422,1148 410,1148 409,1149 409,1151 368,1152 367,1151 367,1147 363,1147 360,1150 336,1150 335,1149 331,1149 330,1148 327,1148 326,1147 302,1147 301,1148 301,1151 293,1151 292,1152 248,1153 247,1152 226,1152 225,1151 225,1147 219,1147 217,1145 216,1146 214,1146 213,1147 212,1147 211,1147 211,1148 210,1149 210,1150 209,1152 173,1152 172,1152 172,1151 171,1149 170,1149 169,1148 167,1148 166,1147 154,1147 152,1145 143,1145 142,1146 142,1151 136,1151 135,1152 135,1157 137,1158 138,1158 139,1159 143,1159 144,1160 159,1160 159,1161 159,1162 160,1162 163,1162 164,1163 166,1163 167,1162 178,1162 197,1162 198,1163 221,1163 221,1165 223,1167 225,1167 225,1166 225,1163 226,1163 257,1162 257,1163 257,1168 259,1169 266,1169 266,1167 267,1166 267,1165 268,1164 274,1164 275,1163 311,1163 312,1164 328,1164 329,1163 365,1163 366,1164 367,1163 396,1163 397,1164 419,1163 420,1164 421,1163 452,1163 452,1164 452,1170 453,1170 457,1170 458,1169 459,1169 459,1165 460,1164 515,1164 516,1163 544,1163 544,1166 545,1167 558,1166 558,1167 558,1169 559,1169 560,1169 561,1170 564,1170 564,1165 565,1164 610,1164 610,1165 610,1167 612,1168 613,1168 615,1166 638,1166 639,1176 639,1177 641,1177 642,1178"/><TextEquiv index="1"><Unicode>Decuſq́ue gentis Perſicæ. Huc placidos, pater,</Unicode></TextEquiv></TextLine><TextLine id="r0_l049"><Coords points="355,1192 362,1192 363,1191 363,1187 409,1186 410,1187 428,1187 429,1188 431,1188 432,1187 473,1187 474,1188 475,1188 476,1187 493,1187 494,1186 534,1186 535,1186 535,1188 535,1189 536,1189 537,1188 537,1187 538,1186 538,1183 536,1182 531,1182 531,1181 531,1177 528,1175 504,1175 503,1174 501,1176 477,1176 476,1175 458,1175 457,1175 457,1171 457,1170 453,1170 452,1171 452,1174 441,1174 440,1175 411,1175 410,1174 395,1175 394,1174 387,1174 386,1173 386,1171 383,1168 380,1168 379,1169 373,1169 371,1170 371,1174 371,1175 343,1175 342,1174 334,1174 333,1173 333,1172 332,1171 330,1171 329,1170 320,1170 319,1171 295,1171 294,1172 293,1172 290,1175 291,1181 290,1181 266,1181 266,1177 264,1175 250,1176 249,1175 242,1175 241,1174 236,1174 235,1173 235,1169 234,1168 232,1169 232,1173 232,1174 187,1174 186,1173 180,1173 179,1174 144,1174 143,1173 126,1173 125,1173 125,1171 124,1169 123,1169 122,1168 119,1168 118,1167 117,1168 115,1168 114,1169 112,1169 111,1170 111,1171 110,1172 110,1174 108,1176 109,1182 110,1182 111,1183 112,1183 114,1185 115,1185 116,1186 117,1186 118,1185 150,1185 151,1186 151,1187 152,1188 153,1188 154,1188 154,1186 154,1185 186,1185 187,1186 252,1186 254,1187 269,1187 271,1189 272,1189 273,1188 295,1188 296,1187 320,1187 321,1188 322,1187 354,1187 355,1187 355,1191 355,1192"/><TextEquiv index="1"><Unicode>Conerte vultus. S. Propiùs accedas cave,</Unicode></TextEquiv></TextLine><TextLine id="r0_l050"><Coords points="639,1220 642,1220 643,1219 643,1215 644,1214 644,1207 643,1206 643,1197 644,1196 644,1187 643,1187 639,1187 639,1196 638,1197 598,1197 598,1194 596,1192 595,1192 594,1194 594,1195 592,1196 543,1197 542,1196 513,1196 512,1195 511,1195 510,1194 507,1194 506,1193 499,1193 498,1194 500,1196 500,1204 498,1206 498,1207 497,1208 498,1210 565,1209 566,1210 591,1210 592,1211 592,1213 593,1214 594,1214 595,1215 597,1215 599,1214 599,1213 600,1212 600,1211 600,1210 605,1210 606,1209 639,1209 640,1209 640,1217 639,1218 639,1219 639,1220"/><TextEquiv index="1"><Unicode>Dextramqne</Unicode></TextEquiv></TextLine></TextRegion></Page></PcGts>