702 1301
660 45 696 95 5
95 63 589 93 VSTHAÆANESTRAGOEDIA. 95
81 92 510 120 ,Incerta vecors, nec ſui aut ſortis memor.
662 95 695 122 M5
84 114 506 143 ,,Vt ſparſa levibus ſtipula vaneſcit Notis
662 119 696 152 I
86 138 501 165 Vt gravida ventis bulla conceptis natat,
51 160 553 188 10,, Sumimoq́ue prlagi marmore undantis tumet;
84 183 547 211 ,Mox fracta in æquur ſidit: Haud aliâ fuunt
86 206 484 235 .Humana ſorte. Quidquid invitus tuli,
86 230 526 258 Hoc quidquid egi mortis attonitus metu;
87 253 436 281 Nec i polo delapſu Aligerm fore
56 275 537 301 15 Ceciniſſet aliquis, faceret huic homini fidem.
88 299 553 325 Nunc ille demum rigidus. indomirus, tumens,
89 322 512 350 Acerq́ue, nec dum robore expenſo ferox
90 344 468 373 Turui ruin ſternor. Vt cecidi miſer!
91 367 528 394 Viq́ue hoſte pavidus rerga conſpecto dedi!
59 391 529 418 0 Pudet heu? pudet ceſſite. Sed pudeat licet,
92 414 466 442 Ceſi. Quis iſtâ labe maculatum eluet
92 440 486 463 Aut Tanais, aut ſeptena torrentes aquas
77 460 485 487 Per ora volvens Iſter? aut qui Perſicum
95 483 499 512 Euphrate Tigris auctus in Pontum ruit?
51 506 486 536 25 Non ſi rubente penitus immergar vado;
91 530 521 556 Totumque Nerei corpore excipiam fretum,
95 554 481 582 Purgare poſſim. Criminis tanti notam
96 579 484 604 Mors expiabit ſolas: ſundatur cruor;
96 595 517 629 Largoque terram flumine exhauſtus riget.
46 622 459 653 0 Ille æſtuantes ſceleris in pœnam mej
98 647 483 675 Reſtinguet ignes: ille & occlusâ Stype
98 670 515 696 Mueritis negatam pandet ad ſuteros viam.
99 681 589 722 Pergam adeò. & ipſum aggrediat. Actutum foras
80 715 517 744 Erumpere animus geſtit. Haud parvo ſcio
70 739 469 767 35 Conſtabit iſtud. Qualis ardentes ciet
103 762 487 787 Punicea Tauros pila, vel Lucas hoves;
78 785 455 811 Vt torta ſævas verbera irtitant feras
78 810 497 834 Patente Circo: Talied voces mras
105 829 542 859 Immane quantm rus Princeps fremet.
55 852 537 882 40 Sed perimat. Hæc hc una, ſi jubeat mori,
93 874 612 910 Merces abunde eſt. Nam uid in vſtâ eſt ſuper,
107 898 544 928 Quare ipſe lethum verear? In pretio malâ eſt
107 923 476 951 Tot occupare morte. Nec vitæ bonis
91 948 501 979 Supereſſe. Tu me robore aſfatum povo
1 966 538 1016 5 !5 Olim rebellem; nunc tuum, ſi fas loqui eſt,
79 991 554 1020 Accinge pugilem. Da metu vacuum necis,
87 1010 564 1042 Da fotre in hoſtem pectus, & linguam expedi.
75 1035 564 1066 Atque ille contrâ graditur. Eſt animus virum
74 1064 207 1085 Præſtare.
534 1132 611 1164 Vſha-
1 1193 66 1215 5
