682 1298
637 1 672 19 5
641 38 675 62 4
93 52 571 79 vSTHAANES TRAGOEDIA. 93
641 62 676 96 I
1 66 451 103 50 Qui pectore unus condita arcano videt.
644 96 676 130 M
74 101 519 126 At tu, penes quem eſt corpus, & vitæ ac necis
1 107 469 150 Ius omne, quidvis ſtatue; diſcerpi jube.
1 147 470 174 5 Lacera, perure, diſtrabe; in partes ſeca.
71 171 493 195 Non alind umquam pectore ex iſto auſeres.
29 194 494 219 5 S. Quis te repens væſane præcipitat furor?
1 218 501 244 Quæ ſaga magico murmue, aut herbis anus
64 240 499 265 Tui impotentem reddit? Haud fallax tamen
1 260 401 292 3 Chriſti gregales arris illicitæ reos
70 287 460 313 Olim peregit fama. Sic vulgi ferunt
1 310 473 337 1oo Illudere oculis: verbera, & mortes pati:
1 331 524 358 ! Et mille monſtris fallere. Haud umquam tulit
56 355 466 381 Documenta ubique ſparſa terrarum fides
1 378 476 405 5Præſentibus ajora. Quid trpem allinis
69 403 463 428 Labem ſenuctæ? quoſuue maturus decor
2 425 508 452 505 Commendat annos, fraude puerili implices?
69 449 462 475 V. Hic ille pavido nuper extortus Deùm
68 472 473 499 Mendax ad aras cultus hoc veſtræ ſcelus
58 496 565 522 Fraudi imputandum eſt. S. Nilne te Regâ movent
58 518 545 545 Imperia? V. Fium eſt: Nullus extundet timor.
1 525 522 568 510S Parata mors eſt. V. Veniat: optanti dabis.
67 566 509 592 S. Haud illa ſimnplex dabitur, aut facilis tibi.
66 588 507 614 V.Fac lenta veniat, ſævaq́ue, & ſenio graves
65 611 448 639 Populetut artus: Lætus exſolvam Deo
1 631 576 685 ietetâiâa,
1 681 466 708 3 OQuænam illa rabie ſecta veſanâ æſtuans?
1 704 455 731 Hic hominis ille ſenſus, an potiùs feræ?
1 726 465 754 2 Laceſſere ultrò iata, & in ferrum impetu
60 749 507 778 Induere ſemet V. Melior exrinctum manet
23 769 473 799 10 Cùm Rege Chriſto vita, nec lethi capax,
66 794 512 825 Tranquilla, felix. Hanc ego amplexus ſequor
65 819 521 847 Ardore toto. S. Nempe quod paſſim occinunt
65 841 507 871 Melioris ævi præmia. Hac ſectam fovent
66 865 507 892 Mercede. Quid tu ſomnia hc tanti facis?
1 882 493 918 125,,V. Tanrti eſt obire fata, dum cœlo fruar.
67 911 543 940 S. Quid certa perdis pretia, dum ignotis ſtudes?
66 933 433 963 Qud ſi necis eupido tam vecors agit.
61 956 453 987 Odiumq́ue vitæ, compotem voti dabo.
61 976 605 1009 Chriſt ſequtis. Quis malum hic hominis ſtupor?
1 996 426 1032 0 Hc ille ab urbe ductus Aſyriâ ſtruit
66 1025 507 1055 Sect magiſter: qui malè, ut meruit. nocems
56 1047 494 1074 Luce hac eribit. Saxeo conde hunc ſuecu.
66 1070 462 1100 Regrare fruſtea dicar, &fruttra maunus
65 1092 386 1124 Inane ſceptri pondus Foi gravet.
2 1105 447 1147 V5 Impunè per mne ale ſ exemplum licet.
66 1139 520 1169 Avehite memſtrum hoc, Vive tantiſper, genus
59 1162 527 1196 Pum mortis in te, quale commiſſum eſt, paro.
488 1194 562 1224 Vſtha-
