672 1361
107 112 597 146 5STHAANES TRAGOEDIA. 59
138 164 277 180 55 O
35 164 327 201 A C IVS
323 156 594 203 &INTVS.
35 224 327 257 Sapores ci
352 221 629 252 trr 5
125 250 531 284 rrur, mult ei mala affinit
226 283 461 315 Magorum Princeps.
123 320 554 349 SAPORES. PRINCEPS MAGORV.
22 333 572 392 SA, Vid eſſe dicam, quod ſuperbiſico tumens
130 385 585 411 VSacrilega faſtu turba, ſuffixû bunc Cruci
141 408 554 434 Tam pervicaci mente Galilæum colit,
84 432 506 456 uic ſervit uni? Nec metu, aut certo necis
35 445 477 482 5 Terrore cedit? Alitur, & gliſcit malis:
86 479 453 503 Suiſque majus robur è damnis capit.
84 500 521 526 Non alia monſtri fama, quod capitum ferax
15 510 474 551 I Herculeus ægrè contudit flammis labor.
88 547 481 574 Sic miſſa magnos ſerpit in populos lues,
14 568 458 597 Omniq́ue potior arte contactas domos
86 594 506 620 Tabifica peſtis haurit. Anne aliud rear,
12 616 523 643 (Quod nulla ſectam pœna graſſantem premit,
12 638 509 667 Terrorq́ue revocat nullus? Et juſtus tamen
88 662 553 690 Quodcumque in illos potuit, exprompſit dolor.
60 683 497 713 ! Quidquid ferox, immane, terrificum fuit,
15 706 571 736 Fractum irritumq́ue eſt omne. Nec blandâ precer
15 734 464 762 Crebriſve rabies victa pollicitis ſtetit.
89 757 482 782 Per dura perq́ue mollia indomitus furor
65 780 474 805 Tenore eodem conſtat, & flecti nequit.
19 800 587 827 Nec utrumque in æquo ſtatuit: in pretio mori eſt;
91 826 502 850 Pcœnaſq́ue in omnes ruere. nec facili diem
90 849 523 874 Clauſiſſe letho: quodq́ue mirandum magis:
15 854 482 899 Vt quiſque plura pertinax animi tulit,
92 896 500 922 Animamque lentâ cæde luctantem expuit,
18 919 476 945 uic invidetur.: Cetera ut leviès querar
91 942 476 968 Ignota Regi capita: (Quid ſolo mninor
12 956 477 997 !Genitore fidus altor? hunc quantâ mihi
92 989 496 1014 grè receptum mole, & obſequio dotum
92 1011 508 1036 Recidivus iterum tapuit in præceps furor?
14 1032 588 1062 PR. Mira hæc, ſed iſtis ſolita, quos Chriſti in fdâ
94 1059 451 1084 Sacrilegus aris cultus à patriis rapit.
94 1080 547 1106 Paucis receptum hinc ad bonam mentem Deus
94 1104 472 1128 Indulſit; & referre permiſit gradum.
96 1124 494 1152 Pars major hæret, certa in exitium priùs
1 1145 571 1181 i â Quodcumque ruere, juſſa quam Regum exſequi.
97 1172 482 1195 Imo hæc Avernæ turba, ſineſcis, Stygis
95 1192 561 1219 Orciq́ue famula eſt, Dæmonum interpres, Deos
44 1217 589 1260 Eoſa ſuperos, bella quos contra ciæt. I55o
348 1241 402 1270 6 2
23 1319 49 1349 2
