699 1300
137 1 688 68 vSTHANES TAoEDIA. rr
72 56 539 89 PR. Vbi functa ritu tucba funeſto diu eſt,
124 84 564 111 urſum aliud urgent facibus accenſis nefas:
126 107 541 132 Correpta puerum corpora iu partes ſecant
90 131 560 159 0 Ante ora matrum. Deinc Thyeſtæas dapes
89 153 580 180 Rabidi capeſſunt. Quodq́ue nec mos eſt feris,
118 176 535 202 Suamet refundit viſaema in ſeſe parens.
127 197 671 221 SA. Prô cœlitum alme Rector l hæc oculis potes
127 223 554 248 Proſpicere ? non hos terra demerſos vorat?
32 245 578 276 5 Non fracta cœli machina incumbens premit!
127 268 597 295 Non vaſtus haurit pontus? Atque etiam moror?
127 292 531 316 Et vivere ultra patior? ulciſci ratum eſt.
13 301 622 350 Srd iam eroccptur: ſpnna temtnanda eſtmt meli
15 339 614 372 5 Medicina. Corim ſiſte moriturum gregem-
131 369 689 411 Saposes Simeoni falſ Principis Magoe.!
159 400 689 439 ram criminationes obiicit, q́uas refellit
160 432 691 469 imeon. Mortis tandem in Chritianos
158 439 695 506 ac Vthaxanem preſertim ſententi
157 503 690 540 pronuntiatur: permittit ex edici en!
159 537 487 570 ab fidem Chriſtianam mori.
155 583 611 609 SAPORES. SIMEON. RILES.
86 616 598 645 0 SA., 5Ec longa vitæ ſpatia damnatos manent.
176 631 696 683 2Nec vana perdam alloquia. uod petimns!
254 666 347 688 breve eſt,
133 683 696 729 Simplexue: Chriſtum abnuere ; quos Perſæ ap!
220 713 305 737 probanr,
132 733 511 759 Adolere Diis jubeo. Qui fmxit ſecùs,
133 756 564 782 Mors conſtitruta eſt: luce nemo iſtâ amplius
61 780 590 808 105 Iunc quem rebellis ſpernit, aſpiciet Deum.
133 795 690 833 Quippe had ferendum eſt; cujus anctorâ abdicesi!
1 826 511 852 5 Vltra intueri lumen. Hæc contra libet
135 850 522 875 Audire paucis veſtma quò ſe mens dabit.
135 873 567 898 Tu quem ornat ætas gravior, exemplo præi.
72 896 520 926 210 Parumq́ue ſanis pone conſiliis modum.
135 749 696 946 s Ru eaâ ââss s. r. vūs ae n00
221 942 365 967 ſpondes bonâ?
135 958 688 990 I. Quâ nulla melior. SA. Vrinâ id ex animo velisl
135 988 631 1014 T Æqua imperaſti; facere quæ poſcis, juvat.
136 1009 526 1036 SA. Et his relicto thura Galilæo dabis?
11 1022 696 1057 .115 SI.At non ́ubebas iſta. SA. Quid dmens canis?!
133 1055 511 1081 SI Præire ſociis juſſus. & ſana exequi
132 1077 613 1105 Conſili. morem proinde, cen juſſum eſt. geram.
132 1086 693 1127 SA. Si 0oſtra recipis Numins, & Chriſtum abjicis.!
132 1117 695 1152 SN. Cur hunc relegas ? quidve commeritum mali?
1 1148 495 1186 2 0 S, Iniſa Pipis ſacms celebrari veto.
1 1175 37 1192 5?
398 1172 443 1197 3
1 1195 43 1221 1i
11 1220 67 1256 5
