577 955
233 7 417 45 s (0)
114 50 530 76 Luſſom ſtudendo ſuſtinent agrè pedes.
91 72 554 103 Pud. Ergo ſedere placeat Pig hac in ſordida,
115 102 464 129 Picemque olente ſede ſutornmt-
218 150 421 186 Scena Qita.
94 196 330 231 PFicaſius. Pigrillus.
92 229 555 253 Ric. - - in ſcbola
121 259 445 285 bi ſoles ſederet Fig. ltteratio
118 285 556 313 In ſcamno. Pic. & à foraaee non procul
143 314 268 339 Pig. quis
109 334 553 363 TemporeHyemis percofodus ihl hie locuę,
97 368 505 393 Pic. Sed deſtinstos ultimis. Nunquid
96 392 553 421 Pig. Quis hoc? tamen ludimagiſter ipſemet
122 418 513 442 Suam cathedram nupet adovit prope
122 439 552 468 Fornacem. Hic utique no poteſt dici nl-
148 469 242 491 timus.
98 490 552 519 Pic. Sed aliud inſnper andio quod e gratis
121 518 551 542 Tantum, ad potentes, Neſio cujus, preces
124 544 511 568 Ad altiorem denique admiſſus ſcholam
124 567 553 594 Fuerit Pigrillus. Pig. iſta quis de me iτ-
150 594 219 618 pudens
126 615 574 645 Mendaxque num fabrillus iſtaPic. forſitan
126 641 574 676 Is ipſe. Pig. credesne puero huic, plus,
153 669 276 692 quam mihi
126 688 573 725 Plus, quàm meo Patrifamilias litteras
128 719 463 741 Teſtes meæ virtutis, & ſcientiæ,
128 737 574 769 Quas attuli longiſſimas, nondum Pater
68 763 574 799 Perlegit Pic. utique Iegi, & inter la-
150 793 240 818 eh.yas,
129 813 572 849 Quas uberes ſolatium expreſſit, quater
516 841 571 877 Lei]
125 874 330 894 Oftert ſellam ſutoriam.
