586 980
160 39 348 66 (0)
1 71 484 99 5ι Legi & relegi, ſed hodie γa- Pig.
1 91 207 122 lir quid hodie
1 118 31 136 i.
169 146 382 174 Scena Sexta.
1 174 47 195 .
35 188 398 222 Picaſius, Pigrillus, Stpacius.
22 227 483 255 Stup. Heus SutorI an laboribus modò vacas
8 253 483 278 iPic. Quis iſte Dominus I aut quid à ſervo
1 277 145 304 mi exigitI
1 302 482 330 im Novbsne poſcit eceos ſtatim . Stp.
81 335 138 348 novos
1 351 393 378 s Novique moris calceos Lutetia
1 377 395 412 Exſpecto per curſorios equos mihi
1 394 481 431 3 Cras afferendos. Interim hos veteres bre
1 426 464 462 Ad tempus à te refici velim. Pic. ſtatim.
51 452 425 476 Placeat ſedere, & caleos deponere.
25 476 480 504 Stup. Adeſto puer, & eulceus mihi exime,
2 501 480 532 Pig. Non ſum puer. Stup. quid ergo? Pig.
75 527 303 551 Stuioſus. Stt. dabis
1 546 497 578 Ergo veniam: Eſtimare Studioſos ſcio,
1 575 429 603 Namque Stndioſus ipſemet nuper tui,
1 599 478 623 Et eſſem adhucdum, τlſi tribus abhino
73 629 164 648 menſibus
42 647 480 677 (Cum honore tamenemiſſus è ſcholis forem.
16 676 479 706 Pic. Et quid Seholis emiſſus agitabis modo
15 702 480 732 Stu. Scribendo jam applicatus in praxi omnia
40 726 479 756 Addicere potero, & facilius, quàm in ſchola.
11 751 480 780 Pic. Rona ſors amavit oppidum noſtrum, eul
38 778 442 801 Adeòb eruditum i llteris ſcribam dedit
38 801 449 832 Et quomodo Dnmiatio vocatur ſua?
8 825 479 857 Stup. Olim Stnpax, modo vocor Srupaclus.
441 852 480 871 Pic.
239 855 276 875 B 2
27 893 249 920 Sedens d Figτilum.
