573 958
176 17 359 49 (0)
66 50 460 83 Se Ievilor incedere poteris, τſi parum
1 64 555 109 Hane gratiam promeritus es. Nam quid
92 104 142 129 Patri
7 125 432 157 De me uiſi Patrisfamilias litteras
64 153 437 179 Teſtes meæ virtotis habuiſſem, malè
65 179 424 204 Me denigrãſſes proditor fumæ meæ.
1 198 482 239 Ehb. Non depigruvi- candide dii omnis,
63 232 496 262 Quæcunque de te pnblice, & ſæpe in ſchols
61 258 529 299 Iοσσgpter gg g vτe e0
68 283 436 312 Me vindicare, nunquid & Patri tuo
65 307 462 339 Referre poſſem talis, nt adhue he die
65 333 447 358 A litteris retratum ad incodem fuber
66 358 497 389 Damnaret? at quia Chriſtianus, & honus,
67 381 495 410 Probusque ſum, condono jem illatam mibi
1 408 417 435 2 Injuriam, ſed ſpero, proxims vice
1 433 453 458 2 De me loquètis cnutius coram Patre.
4 460 496 496 Fab. Gaudebo, ſi boni aliquid, & veri ſinul
1 488 448 519 t Natrare de te potero. Dicas interim,
1 512 447 544 Qualis hodie ſolenuitas veſtra in domo
61 538 496 570 Celebranda? quisve hi actus, ad quem
84 564 177 589 tne cupit
70 586 467 620 Tuos Parens adeſſet Pig. ſmpliciſſimus
1 613 422 640 Parens meus ſolennitatem nominat,
68 637 490 670 Quod οec videre poterit absque nauſen
73 666 497 700 Studioſus aliquis. Fab. quid igitur Pig.
91 691 208 713 fraterculum
68 713 396 746 Meum Parens Tyronibus Sutoria
2 746 451 778 l In fœce ritu publico inſeriptum copit.
69 773 498 800 Et jam propinqunt ſordida he tribus. Piem
68 797 301 824 In nribus ja lentio.
434 882 501 903 Scent
1 877 36 892 t
