709 1222
170 52 484 82 ACTVSTERTIVS.

87 78 103 114 Et
122 78 131 114 ſi
147 78 179 114 per
188 78 239 114 arma
261 78 341 114 militum
366 78 458 114 occurrat
480 78 575 114 phalanx,

82 107 112 140 Ne
127 107 184 140 fortè
199 107 271 140 prodat
289 107 364 140 Regius
382 107 448 140 Regem
469 107 538 140 decor,

83 133 143 168 Illum
165 133 238 168 cruore
253 133 345 168 perlitum
367 133 405 168 cæſi
418 133 487 168 bouis.

87 160 102 192 Et
123 160 150 192 ora
171 160 237 192 rubris
249 160 329 192 pulchra
344 160 440 192 fœdatum
458 160 524 192 notis,

86 188 146 223 Dĩcam
167 188 290 223 peremptum
314 188 380 223 militis
398 188 440 223 ſæua
464 188 521 223 manu,

91 213 126 248 Quò
145 213 186 248 dura
204 213 286 248 frangam
308 213 362 248 corda
390 213 472 248 Chaldæi
491 213 551 248 ducis.

86 241 156 271 DEB.
189 241 245 271 Rectè
259 241 358 271 indicaſti.

80 268 140 300 ARI.
170 268 210 300 Quas
233 268 273 300 mihi
297 268 386 300 ærumnas
403 268 456 300 paras

81 295 132 328 Num
150 295 213 328 ſatius
228 295 270 328 eſſet
288 295 339 328 vnica
354 295 405 328 plaga
432 295 465 328 mor
480 295 480 328 i

86 322 152 355 DEB.
178 322 263 355 Obſearo
279 322 374 355 verendas
387 322 418 355 per
434 322 459 355 tui
488 322 539 355 curas
554 322 586 355 p-

122 350 168 374 tris,

88 375 115 409 Per
133 375 187 409 ſuaue
199 375 268 409 nomen
295 375 370 409 matris,
382 375 397 409 &
421 375 493 409 genium
520 375 583 409 tuum.

87 403 93 436 O
120 403 180 436 Dulce
195 403 282 436 germen,
300 403 399 436 innocens
414 403 465 436 ſerua
486 403 552 436 caput.

269 433 408 462 ROHEG.

80 456 168 489 Securus
184 456 229 489 eſto,
254 456 317 489 Debir,
324 456 336 489 in
355 456 400 489 ruto
416 456 438 489 eſt
454 456 508 489 puer.

77 485 140 517 Nunc
152 485 155 517 t
164 485 167 517 u
188 485 218 517 per
230 485 317 517 arcanos
332 485 413 517 ſequere
431 485 488 517 calles
506 485 560 517 viam:

78 510 147 539 Ambo
162 510 261 539 præimus
276 510 372 539 ſoſpites.

78 535 151 564 ARI.
176 535 242 564 Debit,
259 535 269 564 va
287 535 311 564 le,

86 563 99 595 Et
115 563 121 595 ſi
140 563 200 595 potes
216 563 241 595 fac
257 563 295 595 reſc
305 563 330 595 iat
346 563 409 595 totum
428 563 463 595 hoc
479 563 542 595 pater.

256 592 391 617 ROEG.

87 617 135 648 Vnde
153 617 189 648 hoc
201 617 285 648 fragore
300 617 396 648 perſonat
411 617 468 648 tanto
483 617 549 648 nemus

88 645 116 680 Fili
135 645 277 680 propinquant
299 645 378 680 milites.
400 645 441 680 Age
460 645 511 680 nunc
527 645 580 680 humi

84 672 186 705 Proſterne
203 672 285 705 corpus,
299 672 313 705 te
333 672 361 705 mea
384 672 432 705 veſte
449 672 551 705 obtegam,

89 699 158 739 Tingam
180 699 259 739 cruoris
272 699 319 739 flore
335 699 423 739 liuentes
445 699 505 739 3enas,

79 726 113 755 Sed
133 726 144 755 tu
167 726 234 755 caueto
254 726 330 755 mutias.

80 753 147 785 ARI.
170 753 233 785 Faciam
256 753 272 785 vt
285 753 348 785 iubes.
