681 1225
138 54 245 86 ACTVS
291 54 466 86 QVINTVS.
569 54 569 86 5

96 109 119 135 r.

154 110 191 134 l.

102 109 518 180 eemac:

171 195 171 217 F
211 195 434 217 YI
434 195 522 217 IV

78 185 82 250 A
168 185 244 250 10
357 185 393 250 V2
478 185 577 250 20.

174 270 482 294 NABVCHODONOSOR.

75 332 243 391 Carnificinam
265 332 386 391 pramiſso
403 332 433 391 ad
450 332 536 391 Sedecia

124 387 230 428 Tribuno,
249 387 285 428 qui
304 387 351 428 eius
370 387 425 428 filios
443 387 524 428 euocet.

250 427 360 466 inſtruit.

88 506 91 543 ,
110 506 256 543 Fulminatrix,
275 506 341 543 rumpe
360 506 389 543 iam
408 506 474 543 nubem
499 506 569 543 manus,

71 533 144 568 ISatis
160 533 245 568 fragore
264 533 302 568 muę
308 533 352 568 iunt
371 533 422 568 vaſto
437 533 488 568 poli,

83 565 122 594 atis
137 565 161 594 tri
173 565 230 594 ſulcæ
245 565 326 594 nubium
347 565 428 594 flammæ
449 565 527 594 micant,

64 591 94 623 Iam
115 591 154 623 tota
175 591 244 623 Regum
268 591 327 623 capita
348 591 387 623 quæ
411 591 423 623 fe
435 591 477 623 rias,
495 591 570 623 Patent.

72 620 157 649 Concipe
177 620 242 649 ruinas
262 620 358 649 manubiis
378 620 446 649 dignas
466 620 514 649 tuis,

71 645 116 676 Feri,
131 645 217 676 ttucida,
232 645 264 676 fiet
280 645 324 676 hoc,
334 645 365 676 fiet
378 645 441 676 nefas,

68 674 119 704 Quod
137 674 268 704 extimeſcant
283 674 352 704 inferi,
367 674 397 704 fiet
412 674 484 704 tamen.

63 702 97 731 Inc
106 702 165 731 umbe
179 702 191 731 in
208 702 264 731 ignes
278 702 355 731 anime,
369 702 448 731 viuaces
465 702 533 731 coquit

72 727 183 758 Violentus
198 727 234 758 iras
246 727 318 758 ardor,
336 727 357 758 eſt
372 727 456 758 flammis
468 727 468 758 i
480 727 507 758 ter

68 751 152 784 Pronum
173 751 182 784 in
203 751 281 784 ruinas:
290 751 335 784 quid
353 751 416 784 moror
434 751 500 784 fruſtra
518 751 572 784 piusr

66 781 99 813 Iam
123 781 174 813 cœna
192 781 267 813 feruet,
276 781 354 813 ferculo
372 781 438 813 grandi
453 781 474 813 eſt
489 781 546 813 opus,

15 807 15 839 i
72 807 161 839 Tribune
176 807 243 839 perge,
258 807 258 839 S
274 807 343 839 edeciæ
356 807 416 839 natos
432 807 485 839 voca.

72 828 139 866 TRIB.
151 828 217 866 Iniqua
233 828 309 866 ſemper
322 828 359 866 iura
378 828 489 866 famulatus
511 828 546 866 mei,

75 855 91 893 Vt
110 855 145 893 ego
161 855 252 893 tenellos
268 855 334 893 rapiam
356 855 372 893 ab
388 855 479 893 amplexu
498 855 571 893 patris.

11 886 92 919 tVt
119 886 215 919 orbitatis
230 886 302 919 vulnus
314 886 413 919 infligam,
422 886 470 919 noua

67 908 148 945 2emper
169 908 256 945 gementi
274 908 364 945 vnlnera,
376 908 391 945 vt
409 908 490 945 cultrum
511 908 577 945 impiũ

71 938 101 972 Per
125 938 191 972 viſcera
212 938 284 972 exigam
314 938 365 972 nefar
377 938 383 972 ia
404 938 449 972 quid
464 938 521 972 iubes

75 969 159 998 Fortuna
179 969 253 998 Reni,
270 969 318 998 quem
338 969 386 998 facis
403 969 456 998 votis
473 969 558 998 modum?

73 996 104 1025 Quâ
121 996 270 1025 fraudulentus
279 996 321 1025 arte
338 996 437 1025 conficiam
460 996 513 1025 nefas

71 1023 146 1054 Natura
176 1023 236 1054 ande,
254 1023 323 1054 Pectus
338 1023 440 1054 excruciat
461 1023 524 1054 dolor,
