1000 1743
301 76 609 109 PATRUM.
828 88 879 113 op
264 127 743 159 PHILOST.ORGUS.
93 160 881 201 Non id dolet mihi, quòd unicus ſit filius: at ſilium qui
16 195 916 238 unicus eſt, non eum eſſe quem velim, id doleo, id que-
17 236 680 278 ror. Ah! ſi ſcires, Hic erumpunt lacrmæ.
353 274 607 302 IRENÆUS.
114 308 885 346 Contine lacrymas, Philoſtorge; peccare adoleſcentem,
18 342 878 385 nihil mirum eſt. Multa fert ſecum adoleſcentia, quæ ratio
17 381 581 431 poſtmodùm, ætasque corrigunt.
257 410 691 452 PHILOSTORGUS.
79 451 879 492 In flio nihil ratio corrigit, imo creſcunt vitia cum æta-
18 488 770 532 te, & corroboratur in dies jam adulta improbitas.
319 527 638 565 PATRICIUS.
116 564 910 606 Illud ſæpe audivi, ut arbores, ſic liberos, tales eſſe,
19 601 442 635 quales ab ortu fineris..
261 631 704 669 PHILOSTORGUS.
110 673 883 712 Rectè dicis; idque ſum expertus in filio quem lenitate
20 707 445 743 & blanditiis malè perdidi.
317 748 604 785 IRENÆUS.
108 774 335 811 Audis, Patrici.
328 812 635 849 PATRICIUS.
83 847 847 893 Optimè; patrem coram liberis ſeverum oportet eſſe.
268 892 704 927 PHILOSTORGUS.
87 926 884 964 Patrem quid eſſe deceat, non attendit imprudens amor.
42 956 883 1001 Hunc ſolum habebam filium. Quid facerem? in hoc ſolo
89 1000 884 1037 totus eram. Cœpi indulgens blandiri, nihil facere vel di-
89 1035 884 1074 ccre quod adoleſcentis offenderet animum, nullis laboribus
89 1070 884 1111 pro eo, nullis ſumptibus parcere. Interim ſæpe admone-
90 1108 247 1135 bant amici.
327 1146 640 1186 PATRICIUS.
127 1179 360 1210 Bene monebant.
272 1218 706 1246 PHILOSTORGUS.
132 1247 889 1291 Et clamitabant: quid agis, Philoſtorge, corrumpis ado-
30 1287 890 1326 leſcentem; perdis flium. Si perdo, mihi perdo, reſpon-
28 1323 810 1361 debam illis, & aures bene monentibus obſtruebam.
331 1363 642 1394 PATRICIUS.
91 1391 397 1428 Debuiſti attendere.
274 1431 708 1467 PHILOSTORGUS.
134 1466 894 1505 Sperabam ſcilicet me tot beneſicia ponere apud gratum,
101 1501 899 1543 & memorem animum. Hæc, inquiebam, referet aliquan-
813 1710 919 1735 gg t
870 1718 997 1740 i
