1000 1743
315 54 637 90 PATRUM.
820 67 880 95 ſI;
338 114 594 140 IRENÆUS.
95 147 872 187 Utinam ſicin Philotâ fallar ego, ut tu falleris in Eugenio!
298 187 618 213 PATRICIUS.
90 221 269 264 Quò pergi?
333 259 638 286 IRENÆUS.
98 294 871 332 Quoniam per tempus licet, unas aut binas ſcribo domi
16 319 613 375 litteras, quas tibi profecturo tradam.
305 371 618 397 PATRICIUS.
96 403 869 444 Binas, ternas, quaternas, ſi lubet, ſcribe in hoc ſecre-
17 438 845 484 tiore conclavi, nam te abcſſe nolo, te rei teſtem volo.
335 481 588 509 IRENÆUS.
96 517 293 544 Adero lubens.
17 543 874 584 XY & A 4 & 4 4 && â!
18 568 856 596 & &&- & & & & &&
600 593 674 609 YY
219 594 719 627 SCENA vl.
244 638 679 676 PATRICIUS ſolus.
66 673 875 713 UIDcapiam conſilii aut quas ad artes me conferam?
72 709 876 746 Si fingerem... non placet. Quid ſi... neque res bene
19 714 878 796 procederet... at enim poſſum... non malè. Illud qui-
20 783 877 822 dem comicum ac ludicrum eſt, ſed idoneum ad rem. in-
20 820 927 862 gam primò hon, hon, hon. Singula quæ cogitat numerat
21 857 879 893 digitis d& imitando exprimit. Deinde... hon, hon.. in-
21 890 879 938 terim latitabo, hon, hon... ubi tempus erit, prodibo...
22 930 882 971 hon, hon, hon. Irenæum advocabo, hon, hon, hon...
22 966 881 1003 bene, ingeniosè. Pol! magnas utilitates habet ingenium.
22 999 883 1039 Ingenioſis hominibus nihil arduum eſt. Superi! quâ per-
22 1037 906 1076 fundar lætitiâ, cùm Irenæum erroris convicero, & lin!
20 1075 884 1117 guam ipſi occluſero. Ignoſce, Philota, quod faciam amo-
20 1111 884 1147 ris periculum tui. Eſt ille quidem mihi notus & perſpectus,
20 1147 885 1182 ſedenim qui amant & redamari ſe putant, id verò aliis du-
21 1181 888 1223 bium eſſe nequeunt pati: rem aggrediamur impigrè. At-
21 1221 411 1270 enim adjutore eſt opus.
179 1255 893 1280 XX æ4 Æ 4 4 2t V Æ t
102 1278 876 1293 - - & & æ
218 1300 752 1345 SCENA XVII.
608 1301 681 1318 YI
728 1343 825 1358 YY
27 1335 874 1382 DOLOPHILUS, PATRICIUS.
103 1379 858 1416 DOLOPHILUS in theatrum prodit quaſi aufugieus,
305 1417 682 1452 neque Haticium duerrens.
23 1450 895 1529 t!Xſâ
686 1526 744 1552 H
24 1523 236 1564 b, aby!
857 1715 997 1740 iâ
