670 1264
98 50 149 75 a
163 111 634 143 5v 55
71 118 633 168 A R V MCN I V I
130 180 569 215 TRACOEDIÆ.
370 180 498 196 C N5
101 248 635 282 Reptus, Deo vindice, multis jam
101 279 634 315 cladibus lſrael, præccps iterum rue-
103 309 632 347 bat in ſcelera, cum & pœnas rurſus
101 340 635 379 repoſcere Deo viſum eſt. Res acta eſt per
92 375 635 410 Siſaram Regis Iabin fortiſſimum ducem,
84 406 636 439 qui tantâ vi Hebræorum fines invaſit, ut
100 438 637 472 de iis conclamatum eſſe videretur. Audit
85 468 638 504 interim ſuorum gemitus Debora Prophe-
89 503 638 535 tis, cùmq́ue vehementiùs commovetur
84 533 638 566 tandâ Deo plena Baracum cum ingenti
19 530 638 604 exercitu Siſaræ obviam procedere ubet.
99 595 639 631 Quod cùm ille Deborâ comitante feciſ-
21 624 638 664 ſet, tantum terrorem Chananæis injecit,
84 658 638 693 ut & Siſaras de curru exiliens fugâ ſibi
99 689 637 724 conſulere deberet; qui cùm tandem ad
25 721 639 754 Iahelem profugiſſet, ab eâ amicè acce-
98 752 637 792 ptus, refectus lacte, cjuſq́ue pallio opertus
27 783 636 820 eſt, ne ab hoſtibus reperiretur: ab câdem
26 808 636 854 demum divino numine impulsâ, clavo
97 847 637 880 per tempora adacto trucidatus eſt. Ita
28 873 635 912 Iſtaeli mulieris manu parta de Chana-
28 909 607 953 næis victoria cſt. Ex lib. ludicum cape
502 1073 635 1104 PE-
