<PcGts xmlns="http://schema.primaresearch.org/PAGE/gts/pagecontent/2019-07-15" xmlns:xsi="http://www.w3.org/2001/XMLSchema-instance" xsi:schemaLocation="http://schema.primaresearch.org/PAGE/gts/pagecontent/2019-07-15 http://schema.primaresearch.org/PAGE/gts/pagecontent/2019-07-15/pagecontent.xsd"><Metadata><Creator>User123</Creator><Created>2022-01-24T17:19:38</Created><LastChange>2022-01-24T17:19:38</LastChange></Metadata><Page imageFilename="0336.png" imageHeight="1276" imageWidth="690"><TextRegion id="r0" type="paragraph" orientation="2.0"><Coords points="1,1 688,1 688,1274 1,1274"/><TextLine id="r0_l001"><Coords points="94,70 100,70 101,68 110,68 113,65 113,64 233,60 234,58 254,58 255,57 257,57 258,56 273,55 274,54 540,45 541,44 542,44 544,42 545,42 545,41 545,40 546,39 546,37 547,36 547,35 546,34 546,33 544,32 534,32 533,32 533,20 532,19 519,20 517,18 516,18 515,19 511,19 511,20 510,21 425,24 424,25 421,25 421,26 420,27 385,28 384,29 351,30 350,31 305,33 305,34 304,35 292,35 291,38 246,39 244,41 124,45 123,46 122,46 121,47 118,48 117,48 117,49 117,50 98,50 97,51 96,51 93,54 94,66 93,67 93,70 94,70"/><TextEquiv index="1"><Unicode>355 INYSII PETAVII,</Unicode></TextEquiv></TextLine><TextLine id="r0_l002"><Coords points="137,87 156,86 157,85 211,83 212,82 236,81 237,80 256,80 257,79 273,78 274,77 300,76 301,75 320,75 321,73 372,72 372,74 373,75 374,75 375,76 379,75 381,73 382,73 382,69 383,68 407,67 408,66 465,64 466,63 490,63 490,69 491,70 491,69 491,63 492,63 496,62 496,53 495,52 494,52 493,51 491,52 490,51 485,51 485,50 485,47 484,47 478,47 477,46 475,46 474,47 473,47 473,48 473,51 472,51 454,52 453,53 449,53 448,54 418,55 418,51 417,50 415,50 415,51 415,56 414,56 361,58 361,56 359,54 357,54 355,56 332,57 331,58 330,58 330,59 330,63 329,63 300,64 300,61 299,60 292,60 290,59 288,61 267,61 266,63 266,68 225,70 224,69 224,67 223,67 221,66 188,67 186,66 172,67 170,69 170,73 170,74 146,75 145,74 145,70 140,70 138,71 138,81 138,82 138,83 136,85 137,87"/><TextEquiv index="1"><Unicode>Inviſa fſtant bella. Sed gravior redit</Unicode></TextEquiv></TextLine><TextLine id="r0_l003"><Coords points="201,113 201,114 202,113 201,107 202,107 219,106 220,105 236,104 237,103 257,103 258,102 290,101 292,102 308,102 308,103 309,104 336,103 336,102 336,97 337,97 347,97 350,99 351,99 352,98 352,96 353,95 358,95 359,94 383,93 383,94 383,95 384,96 384,97 385,97 386,96 386,93 387,91 388,91 389,92 389,98 390,98 391,98 391,92 391,91 414,90 415,91 415,95 416,95 418,95 419,94 419,90 419,89 466,87 467,86 510,85 511,85 511,90 512,91 512,90 512,85 543,84 544,84 544,86 544,87 547,87 548,86 548,85 549,84 550,84 550,81 546,78 540,78 540,77 539,73 538,72 536,72 535,71 535,68 534,67 533,67 532,66 529,66 525,70 525,72 494,73 493,73 493,70 493,69 486,70 485,69 483,69 482,69 482,74 482,75 453,76 452,75 452,72 447,72 446,73 441,73 437,77 410,78 409,79 397,80 396,81 351,82 351,80 350,79 349,79 348,79 347,79 345,81 345,83 344,84 343,84 342,85 315,86 314,87 307,87 306,88 290,89 289,90 270,90 269,91 242,92 241,93 220,94 220,93 220,90 219,89 216,89 216,90 216,94 215,94 172,96 171,95 171,93 170,92 170,91 169,91 166,91 165,92 139,93 138,94 138,95 140,97 140,106 138,108 140,110 185,108 186,107 200,107 201,113"/><TextEquiv index="1"><Unicode>Iudæus iterum ; quæq́ue perpeſſus diu eſt,</Unicode></TextEquiv></TextLine><TextLine id="r0_l004"><Coords points="170,137 173,137 173,136 173,131 174,131 186,130 187,129 237,127 238,126 250,126 251,125 268,124 269,123 293,122 293,121 323,120 324,119 355,118 356,118 356,117 356,116 364,116 365,116 365,122 366,123 367,123 367,122 367,116 409,114 410,115 412,114 412,113 412,112 468,110 469,109 514,108 515,108 515,113 515,114 517,114 518,113 518,108 529,107 530,106 542,106 543,105 542,98 543,98 544,98 545,96 544,95 544,94 527,94 526,94 526,90 525,89 521,89 521,91 511,91 510,91 510,95 510,96 491,97 490,98 452,99 451,100 413,101 412,101 412,100 412,99 393,100 392,99 392,98 389,98 388,99 388,100 378,100 376,102 376,103 375,104 375,105 374,106 375,107 374,108 374,110 373,111 373,112 371,114 346,115 346,114 346,107 345,107 344,107 343,106 342,106 341,107 338,107 337,106 337,103 335,103 334,104 335,108 334,108 327,108 326,109 296,110 295,109 276,110 275,109 261,110 260,109 257,109 256,110 232,111 231,110 227,110 225,112 225,114 223,116 200,117 199,118 194,118 193,119 146,121 146,120 146,117 144,116 138,116 138,117 140,119 140,131 141,132 149,132 150,132 168,132 168,135 170,137"/><TextEquiv index="1"><Unicode>Imperia ſubito renuit. A metuo miſer</Unicode></TextEquiv></TextLine><TextLine id="r0_l005"><Coords points="158,158 270,154 272,152 272,151 272,150 362,147 363,147 363,146 363,145 396,144 398,142 564,136 565,135 563,134 498,136 497,133 498,132 552,130 553,129 553,120 552,118 550,119 548,118 519,119 518,118 518,114 517,114 509,114 508,113 506,113 505,114 453,116 452,117 433,118 431,120 415,120 414,121 353,123 352,124 332,125 330,127 330,131 173,137 172,138 145,139 144,140 115,141 114,142 113,142 113,152 112,153 111,153 111,156 114,159 157,157 158,158"/><TextEquiv index="1"><Unicode>35 Quò fata vergant; dubia quo ſeſe explicet</Unicode></TextEquiv></TextLine><TextLine id="r0_l006"><Coords points="284,175 287,175 289,173 289,170 294,169 295,168 347,167 348,167 348,168 348,169 349,169 350,169 361,169 362,170 363,170 364,170 363,163 364,162 383,161 384,162 403,162 403,163 404,164 405,164 406,163 407,163 407,162 407,161 408,160 436,160 437,165 439,165 440,165 439,159 440,158 444,158 445,157 475,156 476,155 514,154 514,160 515,161 517,161 517,160 517,154 518,154 521,154 522,155 587,152 588,151 602,151 603,150 604,150 604,149 604,142 607,139 607,138 621,137 622,137 621,136 602,137 601,138 596,138 595,139 565,140 565,139 565,136 564,136 560,136 560,137 560,141 559,141 515,143 514,142 511,142 510,143 440,145 439,146 432,147 431,148 396,149 396,150 372,151 371,150 371,146 369,145 368,145 366,147 361,147 361,148 361,152 325,153 324,153 324,151 322,149 320,150 320,155 320,156 319,156 318,157 250,159 249,159 249,158 248,156 234,157 232,158 232,162 232,163 154,165 153,165 153,164 152,162 150,162 149,162 142,162 140,163 140,164 141,165 142,173 141,174 141,175 140,176 140,177 140,178 181,176 182,175 237,173 239,171 283,170 284,170 284,174 284,175"/><TextEquiv index="1"><Unicode>Fortuns. Nec quod opibus, aut numero mmnor</Unicode></TextEquiv></TextLine><TextLine id="r0_l007"><Coords points="271,200 273,200 274,200 273,194 274,193 285,193 286,194 286,195 287,195 288,194 289,194 289,193 289,192 290,192 318,191 319,196 319,197 321,197 322,196 321,190 322,189 352,188 353,187 358,187 359,186 390,185 391,184 403,184 403,190 404,191 406,191 406,190 406,184 407,184 412,183 413,182 437,181 438,182 444,182 446,180 471,179 504,178 505,179 506,178 526,177 527,176 541,176 543,173 542,173 527,173 527,166 526,165 523,165 521,164 517,164 517,163 516,161 504,161 503,160 501,160 500,162 500,165 499,165 472,166 471,167 442,168 442,167 440,165 410,166 409,168 409,169 408,170 408,172 407,173 365,174 365,173 365,170 364,170 361,170 361,171 361,175 360,175 342,176 340,178 303,179 303,177 302,176 302,175 301,174 299,174 299,175 299,179 298,179 262,181 261,180 261,177 259,176 258,176 258,177 257,178 230,179 229,178 228,178 227,179 227,184 227,185 197,186 196,187 173,188 172,189 150,190 149,189 149,185 148,184 142,184 141,185 140,185 139,185 140,198 139,199 139,200 139,201 140,201 141,202 153,201 154,200 188,199 189,198 212,197 213,196 244,195 245,194 270,193 270,194 271,200"/><TextEquiv index="1"><Unicode>In nos rebellat. hoc minus ſecùm trahit.</Unicode></TextEquiv></TextLine><TextLine id="r0_l008"><Coords points="142,229 144,229 145,228 153,227 154,226 155,226 156,226 156,225 157,223 186,222 187,221 195,221 196,220 253,218 254,217 290,216 290,221 291,222 291,221 291,215 292,215 323,213 324,212 325,212 325,213 325,218 326,218 326,213 327,212 331,212 332,211 382,209 383,208 390,208 391,207 415,206 415,205 467,203 468,204 468,207 470,208 490,208 490,207 490,202 534,200 535,199 578,198 580,196 580,194 579,194 578,194 577,193 572,193 572,192 571,188 570,187 569,187 567,185 567,184 566,183 566,182 565,182 564,181 559,181 556,184 556,186 546,187 545,188 512,189 511,188 511,183 510,182 509,182 508,182 508,188 508,189 460,191 459,192 407,194 407,193 406,191 405,191 404,191 405,194 404,195 370,196 370,195 370,194 369,194 368,194 367,193 366,194 353,194 353,195 353,200 352,200 323,201 323,198 321,197 319,197 319,200 318,201 314,201 313,202 310,202 309,203 274,204 274,201 273,200 270,200 270,201 270,204 269,204 262,205 261,206 234,207 233,206 220,206 220,204 218,202 217,202 216,204 216,208 215,208 177,210 177,209 177,208 174,206 172,206 171,207 169,207 168,208 168,217 168,218 144,219 141,221 142,225 142,228 142,229"/><TextEquiv index="1"><Unicode>Sors hæc timoris. Martis anceps alea eſt.</Unicode></TextEquiv></TextLine><TextLine id="r0_l009"><Coords points="156,250 157,250 158,249 158,247 159,246 174,246 175,245 219,243 220,242 252,241 252,244 254,246 279,245 279,240 281,238 305,237 306,238 308,238 309,237 330,236 331,234 382,232 383,231 409,230 410,229 434,229 435,229 435,233 435,234 436,234 437,233 437,229 437,228 439,230 441,229 441,227 441,226 467,225 468,226 469,226 470,225 477,225 478,224 503,223 504,224 580,222 581,220 629,219 630,219 630,220 630,221 631,221 632,222 636,218 635,216 636,215 636,214 637,213 635,211 629,211 628,210 628,206 627,205 624,205 623,206 599,207 598,208 572,209 571,208 571,204 569,203 566,203 566,204 565,204 563,206 563,207 562,208 562,210 519,212 518,211 518,207 517,206 506,206 505,207 487,208 486,208 486,212 486,213 454,214 453,215 451,215 450,216 410,217 409,217 409,216 407,214 407,213 405,213 404,214 385,214 384,215 362,216 361,217 362,222 361,222 322,224 322,223 321,219 320,218 318,220 292,221 291,222 289,222 288,222 289,226 288,227 256,228 255,229 224,230 224,229 224,225 223,225 218,225 216,228 216,229 215,230 215,231 214,231 184,232 184,231 183,230 182,230 181,229 169,230 168,231 168,240 168,241 146,242 144,243 144,245 146,247 146,249 147,250 155,249 156,250"/><TextEquiv index="1"><Unicode>Nec ſempet iiſdem infeſtus, aut iiſdems favens,</Unicode></TextEquiv></TextLine><TextLine id="r0_l010"><Coords points="123,278 124,278 124,277 125,276 125,274 126,273 149,273 150,272 159,271 159,269 160,268 214,266 215,265 242,264 243,263 300,261 301,260 330,259 331,260 332,260 333,260 333,259 333,258 355,257 356,256 388,255 390,253 440,251 441,250 472,249 473,248 536,246 537,245 537,236 537,235 522,236 521,235 521,231 517,228 515,228 515,233 515,234 496,234 495,236 483,236 482,237 450,238 449,239 441,239 440,239 440,236 437,233 435,234 435,235 416,235 415,236 415,237 399,238 397,239 397,241 397,242 375,243 373,245 327,246 326,246 326,243 326,242 290,244 289,245 277,245 276,246 276,249 252,250 250,252 235,253 234,254 196,255 195,254 191,254 190,252 190,251 176,252 175,253 174,253 174,255 173,256 173,258 172,259 172,260 171,261 171,263 170,264 138,265 138,264 138,262 136,261 136,260 135,259 134,259 133,258 121,259 119,261 118,261 117,262 117,263 114,266 114,271 116,273 119,273 119,275 120,276 120,277 121,278 122,278 123,278"/><TextEquiv index="1"><Unicode>40,, Altemna reddit damna. Vicere anteà:</Unicode></TextEquiv></TextLine><TextLine id="r0_l011"><Coords points="349,287 370,286 371,285 372,285 373,284 373,279 390,278 391,277 412,276 413,275 440,274 440,275 441,279 444,279 445,279 444,275 446,273 485,272 486,277 486,278 488,278 489,277 488,271 489,271 557,268 557,258 557,257 563,257 565,256 564,255 520,257 520,256 520,255 517,253 516,253 515,254 513,254 511,256 511,258 510,259 466,260 465,260 457,260 456,261 433,262 432,263 422,263 422,264 409,265 408,266 349,268 348,267 348,263 347,263 345,263 344,264 337,264 337,265 291,267 290,268 277,268 276,269 238,270 237,270 233,270 229,273 229,275 229,276 193,277 192,277 192,274 191,272 189,272 188,273 177,274 176,275 148,276 147,277 146,277 145,277 146,292 146,293 150,293 151,294 152,292 165,292 166,291 201,290 202,289 245,287 246,286 313,284 314,283 333,282 348,282 349,282 349,286 349,287"/><TextEquiv index="1"><Unicode>Poſhac ſubacti. Bella nunc reparant ſtatu</Unicode></TextEquiv></TextLine><TextLine id="r0_l012"><Coords points="318,313 319,313 320,312 329,311 331,310 330,306 332,304 365,303 366,302 411,300 413,298 465,297 465,299 466,300 466,301 467,302 469,301 470,300 470,295 471,294 500,293 501,294 502,294 503,293 572,291 573,290 596,289 597,287 597,281 598,280 611,279 612,279 612,278 611,277 609,278 609,277 609,276 608,276 579,277 578,278 570,278 569,279 558,279 557,280 524,281 523,281 502,281 502,278 500,276 498,276 497,277 485,278 485,282 484,283 446,284 445,285 424,286 423,287 408,288 407,289 374,290 374,289 374,285 373,285 371,285 370,286 348,287 348,291 347,292 343,292 342,293 338,293 338,294 300,295 299,295 299,291 297,289 295,289 294,289 293,290 292,290 291,291 266,291 265,291 264,292 263,292 262,293 237,294 236,293 235,293 235,299 235,300 205,301 204,300 204,298 203,297 203,296 201,295 200,295 199,296 199,301 199,302 169,303 168,302 168,298 167,297 165,297 164,298 151,299 150,300 149,300 147,301 147,302 146,303 146,304 145,305 145,306 144,307 144,308 144,309 138,309 136,311 135,311 132,315 133,316 151,316 152,316 154,316 155,317 156,316 157,316 158,315 191,314 192,313 238,311 239,310 245,310 246,309 317,307 318,312 318,313"/><TextEquiv index="1"><Unicode>Claudenda forſan priſtino: aut quidnam rear</Unicode></TextEquiv></TextLine><TextLine id="r0_l013"><Coords points="169,342 171,342 173,340 172,338 173,338 210,336 211,335 243,334 244,333 274,332 275,331 330,329 332,327 388,325 389,324 415,323 416,322 420,322 421,321 450,320 450,319 498,317 499,316 546,315 548,313 548,312 547,311 546,299 545,298 545,297 543,297 542,298 514,299 513,298 508,298 507,299 506,299 505,300 492,301 491,301 491,303 491,304 473,304 472,305 473,306 472,306 432,308 432,307 431,305 430,304 430,303 428,303 426,304 427,308 425,310 402,311 401,312 362,313 362,310 361,309 358,309 358,310 358,315 357,315 340,316 339,317 321,318 321,317 321,313 320,313 312,313 311,312 309,312 308,314 308,318 307,318 286,319 285,320 260,321 260,320 260,315 259,315 255,315 254,316 253,316 252,318 252,321 250,322 198,324 198,323 198,320 196,319 194,319 194,320 194,325 163,326 159,323 157,323 155,321 154,322 149,323 146,326 146,332 151,337 152,337 154,338 157,338 158,339 159,339 160,340 161,340 162,341 168,341 169,342"/><TextEquiv index="1"><Unicode>Quod tam ſecundis rebus audacem Iſrael</Unicode></TextEquiv></TextLine><TextLine id="r0_l014"><Coords points="324,358 325,359 325,358 325,353 326,352 332,352 333,351 348,351 348,350 373,349 374,349 374,351 376,353 378,353 379,351 379,349 389,348 390,347 413,346 414,345 420,345 421,344 430,344 431,344 431,350 432,351 434,351 434,350 434,344 445,343 446,342 454,342 455,341 462,341 463,341 463,348 464,349 466,349 466,348 466,341 493,340 494,340 494,346 494,347 495,347 496,346 496,341 512,340 513,340 513,343 514,345 515,345 517,343 517,339 560,337 561,338 561,341 563,341 566,339 566,333 565,332 558,332 557,332 557,328 556,327 556,326 555,324 544,325 543,326 540,326 539,327 479,329 478,328 477,328 476,329 446,330 445,330 445,329 443,326 442,326 441,327 438,328 437,328 437,330 436,331 436,332 436,333 427,333 426,334 378,336 377,335 377,332 375,332 374,332 374,334 374,335 373,335 372,335 373,336 372,337 370,337 369,338 339,339 338,340 292,342 291,343 267,344 266,342 266,340 264,339 263,339 262,340 235,341 233,339 232,339 231,340 207,341 206,342 199,342 198,343 197,343 197,345 196,346 196,347 195,348 157,349 157,347 155,345 152,346 151,345 148,345 147,346 147,347 149,349 149,361 150,362 212,359 213,358 242,357 243,356 268,355 269,354 295,354 296,355 302,354 302,355 302,357 303,357 320,357 321,358 324,358"/><TextEquiv index="1"><Unicode>Laceſſit hoſtem, quamque noſtro tempore,</Unicode></TextEquiv></TextLine><TextLine id="r0_l015"><Coords points="105,396 106,396 105,364 106,363 109,366 110,366 118,373 118,384 119,385 120,385 121,386 124,386 124,391 126,392 141,392 141,391 141,388 142,388 302,382 302,379 302,378 438,374 439,373 439,371 520,368 524,364 524,362 557,360 557,358 556,357 556,352 555,351 555,350 555,349 554,350 553,349 545,349 544,348 498,349 497,349 497,348 495,347 105,360 104,361 104,362 105,396"/><TextEquiv index="1"><Unicode>45rm notuo, quo anit ſuſinuit, iugu</Unicode></TextEquiv></TextLine><TextLine id="r0_l016"><Coords points="183,412 184,412 185,410 295,407 296,406 296,401 355,398 357,396 472,392 473,392 472,391 473,390 478,390 479,389 479,388 480,387 490,387 491,386 561,383 562,382 596,381 597,380 597,379 596,378 596,372 593,369 540,371 540,368 538,366 537,366 535,368 461,371 459,373 437,374 437,377 437,378 350,381 349,382 337,382 336,383 336,384 170,390 168,392 159,392 158,393 107,395 106,396 107,396 156,394 156,395 156,396 155,398 155,400 154,401 154,403 153,404 152,404 152,405 151,406 153,409 181,408 182,408 182,412 183,412"/><TextEquiv index="1"><Unicode>Abjicere properat? Non tot inſignem ducen</Unicode></TextEquiv></TextLine><TextLine id="r0_l017"><Coords points="255,432 256,432 257,431 258,431 259,430 259,425 319,423 320,422 367,420 368,419 372,419 373,425 373,426 375,426 376,425 375,419 376,419 393,418 394,419 394,418 395,417 414,416 415,415 442,414 443,413 448,413 449,412 460,412 460,418 461,419 462,419 462,418 462,412 463,412 471,411 472,410 527,408 528,407 537,407 538,406 558,405 558,400 560,398 560,397 558,395 544,396 543,394 543,392 540,390 538,390 537,391 511,392 510,391 497,392 496,391 494,391 493,392 492,392 491,393 468,394 468,399 467,400 457,400 456,401 432,402 431,403 386,404 386,403 385,402 384,401 383,401 382,401 381,402 379,402 378,403 375,403 374,404 373,404 372,405 372,406 371,407 346,408 345,407 345,405 343,404 334,404 333,405 278,407 277,408 231,410 230,411 211,412 210,412 210,417 210,418 178,419 177,418 177,413 173,413 172,414 166,414 165,415 153,416 152,416 152,419 153,420 153,421 154,422 155,421 155,422 156,431 188,430 189,429 246,427 247,428 254,428 255,428 255,431 255,432"/><TextEquiv index="1"><Unicode>Timuiſe ſpoliis ? Cauſſa tentandi ſubeſt:</Unicode></TextEquiv></TextLine><TextLine id="r0_l018"><Coords points="226,458 228,458 229,457 228,451 229,451 235,451 236,450 327,446 328,445 339,445 341,443 383,442 383,448 384,448 386,448 386,442 387,441 398,441 398,444 400,446 401,445 402,445 402,444 402,440 403,440 416,439 417,438 445,437 446,436 450,436 451,435 456,435 456,434 506,432 507,431 547,430 548,430 548,435 549,436 551,436 551,435 551,430 560,429 561,428 612,427 613,427 613,433 614,433 616,433 616,429 616,428 617,428 619,427 618,415 619,414 623,414 623,413 609,414 608,413 601,413 600,412 599,412 597,414 567,415 566,415 566,412 566,411 541,412 539,414 539,418 521,419 520,420 464,422 464,421 463,419 456,419 455,418 455,417 454,417 452,419 452,420 452,421 452,424 451,424 433,425 431,427 410,428 409,429 399,429 398,430 376,431 376,430 376,426 375,426 364,426 363,425 360,425 359,426 325,428 324,427 323,427 322,428 321,428 321,433 320,434 291,435 291,434 291,432 289,431 287,431 286,432 258,433 257,432 254,432 253,433 243,433 243,434 243,438 236,439 235,440 214,440 213,440 213,436 212,435 211,436 210,435 173,436 173,437 172,438 153,439 154,440 154,441 156,443 156,452 154,454 155,455 165,455 166,454 176,454 177,454 177,459 177,460 178,460 179,459 179,454 223,452 223,453 224,455 225,455 226,456 226,458"/><TextEquiv index="1"><Unicode>Eſt aliquid. Haud ſe hic protulit temerè ſuror.</Unicode></TextEquiv></TextLine><TextLine id="r0_l019"><Coords points="268,479 269,479 269,478 269,472 270,471 470,465 471,462 480,462 481,461 529,459 530,459 530,454 530,453 543,453 544,452 561,451 562,450 573,450 574,449 573,443 574,443 575,443 577,441 589,440 589,439 589,438 576,439 575,438 552,439 551,438 551,437 552,437 615,434 615,433 549,436 548,436 548,440 548,441 437,445 435,447 384,448 383,449 383,450 383,451 233,456 233,457 232,458 177,460 176,461 174,461 173,462 156,462 155,464 155,465 158,468 158,478 159,478 267,475 267,478 268,479"/><TextEquiv index="1"><Unicode>Nim5is illa vereor Numina, ſgyptus prior</Unicode></TextEquiv></TextLine><TextLine id="r0_l020"><Coords points="276,501 277,501 277,497 278,496 286,496 287,494 304,493 305,494 305,498 306,498 308,498 309,497 332,496 332,492 332,491 356,490 357,489 380,489 381,488 382,488 383,487 425,485 427,487 428,487 431,484 439,484 440,484 440,489 440,490 441,489 441,484 442,483 443,482 448,482 449,481 475,480 476,479 501,478 502,477 574,475 575,473 575,463 574,462 561,462 560,462 560,459 559,458 552,459 550,457 549,457 548,458 548,463 548,464 523,465 522,466 502,466 501,466 501,462 499,460 498,461 497,460 496,461 495,461 494,462 494,463 493,464 493,466 492,468 469,469 468,470 456,470 455,471 444,471 443,472 408,474 407,473 407,469 403,469 402,470 373,471 369,475 369,476 368,477 350,478 349,479 307,480 306,480 306,479 304,476 300,476 298,478 298,479 298,480 297,480 296,480 297,481 296,482 271,482 270,479 270,478 268,479 267,479 268,483 267,484 260,484 259,485 235,486 234,485 209,486 207,488 171,489 171,488 171,487 170,486 168,485 167,485 166,484 144,485 143,484 142,485 132,485 131,486 130,486 129,487 128,487 126,490 127,491 127,492 128,493 128,499 127,500 127,501 126,502 128,503 131,503 134,500 134,499 135,498 160,497 163,500 165,500 166,501 169,501 170,502 171,502 172,503 180,503 181,504 182,502 182,501 183,501 190,500 191,499 221,498 222,497 275,495 275,496 275,501 276,501"/><TextEquiv index="1"><Unicode>50 Quæ tremuit. &amp; quæ ſenſit; ac ooſmet diu</Unicode></TextEquiv></TextLine><TextLine id="r0_l021"><Coords points="279,524 282,524 282,523 294,523 295,522 353,520 354,519 354,513 366,512 367,511 387,510 388,509 538,504 538,493 539,492 574,491 574,490 574,488 573,488 522,490 522,489 522,486 519,484 518,484 517,483 516,484 515,484 515,485 514,486 441,489 440,490 408,491 407,492 406,492 405,494 346,496 345,497 298,499 296,501 275,501 274,502 217,504 216,505 160,507 158,509 159,523 160,524 277,520 278,521 278,524 279,524"/><TextEquiv index="1"><Unicode>Pertulimus ipſi. Bella tractari vetem?</Unicode></TextEquiv></TextLine><TextLine id="r0_l022"><Coords points="186,547 195,552 195,551 249,549 250,548 295,547 296,546 296,545 339,543 341,542 340,537 341,536 385,535 387,532 418,531 419,530 429,530 430,529 444,528 445,527 456,527 457,526 471,526 472,524 478,524 479,523 506,522 507,521 538,520 539,519 538,505 539,504 539,503 155,517 156,547 157,547 158,548 186,547"/><TextEquiv index="1"><Unicode>âââſiââ iâii ââa ninſn nve</Unicode></TextEquiv></TextLine><TextLine id="r0_l023"><Coords points="201,575 203,575 204,574 204,573 280,570 281,570 280,565 281,564 397,560 398,559 410,559 410,558 410,557 411,557 468,555 468,554 468,552 469,552 531,549 531,543 531,542 561,541 562,540 581,540 582,539 582,537 680,533 682,532 681,531 682,530 682,527 681,526 681,523 680,521 678,521 676,520 676,506 675,505 675,506 675,508 674,508 671,509 671,511 670,512 663,512 663,516 662,517 662,518 662,519 578,522 577,523 535,524 533,526 491,528 489,530 480,530 479,531 442,533 441,534 440,534 439,535 439,537 438,538 387,539 386,540 364,541 363,542 305,544 303,546 294,547 293,548 203,551 202,552 190,552 189,553 188,553 188,554 187,554 185,556 185,559 184,560 184,564 184,565 162,565 161,566 160,566 159,567 160,569 161,570 161,574 200,573 201,573 201,574 201,575"/><TextEquiv index="1"><Unicode>,,Cruoris avidus? Quippe diſtrictus ſemel</Unicode></TextEquiv></TextLine><TextLine id="r0_l024"><Coords points="226,594 228,595 229,594 230,594 230,593 230,589 231,589 274,587 275,586 302,585 303,584 318,584 318,590 319,591 322,591 322,590 322,584 323,584 334,583 335,582 372,581 373,582 375,579 387,578 388,577 415,576 416,575 417,575 418,574 445,573 446,574 446,579 447,579 449,579 449,572 449,571 456,571 457,570 498,569 499,569 499,570 500,571 500,572 500,573 501,571 508,571 509,571 509,568 510,566 529,565 530,564 551,564 557,564 558,564 565,564 566,563 590,562 591,563 595,563 597,562 596,556 598,554 598,553 597,551 595,551 594,550 592,550 591,551 560,552 559,552 559,548 559,547 558,547 556,547 552,547 552,548 552,549 528,550 527,550 527,552 527,553 520,553 518,555 498,556 497,557 486,557 485,558 472,558 471,558 471,554 469,554 468,555 442,556 441,556 441,561 441,562 429,562 428,563 394,564 393,564 393,562 393,561 388,561 386,563 386,564 385,565 384,566 384,567 382,569 352,570 352,569 351,564 349,564 348,565 346,565 344,567 344,569 342,571 322,572 321,573 281,574 281,571 280,570 278,570 278,571 278,575 277,575 259,576 258,577 227,578 226,579 204,580 204,579 204,575 203,575 183,576 182,577 182,587 182,588 163,588 161,590 161,592 162,593 162,596 163,596 174,596 175,594 175,593 176,593 226,591 226,592 226,594"/><TextEquiv index="1"><Unicode>,Vix premitur enſis: fors ubi inceptis favet</Unicode></TextEquiv></TextLine><TextLine id="r0_l025"><Coords points="134,623 137,623 138,622 148,622 151,619 166,618 167,617 175,617 176,616 182,616 182,620 183,621 185,621 185,620 185,616 186,616 205,615 205,616 207,618 208,618 208,617 208,614 209,614 222,613 223,612 256,611 256,612 256,614 257,614 258,614 259,615 261,613 267,613 269,611 281,610 281,609 305,608 306,607 334,606 335,605 340,605 341,604 368,603 369,602 392,601 394,599 416,598 417,597 421,597 422,596 439,596 440,595 459,594 460,593 485,592 486,591 512,590 513,589 557,588 558,589 571,588 571,589 572,593 573,594 575,594 576,593 577,593 578,592 577,589 578,589 590,588 591,587 592,587 593,586 653,584 654,583 654,581 656,579 657,579 657,578 658,577 667,577 668,575 660,575 659,574 659,570 658,570 658,569 657,568 657,567 654,564 653,564 652,565 651,565 650,566 649,566 649,567 649,570 648,570 622,571 622,568 621,567 610,568 609,567 606,567 605,568 604,568 604,569 602,571 602,574 601,575 577,576 575,575 544,576 542,574 537,574 537,573 535,571 532,571 531,572 507,573 506,575 506,577 494,578 493,578 493,579 493,580 487,580 486,581 468,582 467,583 450,583 449,583 449,580 449,579 447,579 446,580 446,584 437,585 436,586 412,587 411,586 411,583 410,583 409,582 408,583 406,583 405,584 378,585 377,586 376,586 375,586 375,588 374,589 374,591 374,592 350,593 349,594 323,595 322,594 322,591 319,591 318,591 318,594 318,595 295,596 294,597 261,598 261,597 260,594 258,594 257,595 256,595 255,597 255,598 253,599 231,600 230,601 201,602 198,599 196,599 195,598 193,598 192,599 190,599 187,603 187,604 186,605 186,610 185,611 154,612 154,611 154,606 152,605 151,605 150,606 137,606 135,609 135,610 134,611 134,619 133,620 133,621 132,622 134,623"/><TextEquiv index="1"><Unicode>55,. Operæq́; nretimn eſt. Hoccine ut Prioceps ſerat?</Unicode></TextEquiv></TextLine><TextLine id="r0_l026"><Coords points="306,637 307,637 308,636 310,636 311,636 311,631 311,630 333,629 334,628 348,628 349,627 371,626 372,627 372,632 374,632 375,631 375,624 396,623 397,624 397,629 398,629 399,629 399,624 399,623 416,622 417,621 419,621 420,620 430,620 431,619 453,618 454,617 481,616 481,617 482,621 485,621 486,620 486,616 487,615 501,615 502,613 537,612 538,611 538,602 537,601 536,601 535,600 535,599 534,598 534,596 533,595 529,596 528,595 527,595 526,596 526,600 525,601 506,601 505,602 496,603 495,604 471,605 471,604 471,601 470,600 470,599 469,599 468,599 467,598 465,600 464,600 464,605 463,606 456,606 456,607 431,608 430,607 430,603 429,603 426,603 426,604 426,606 425,606 401,607 401,608 383,609 382,609 382,612 382,613 369,613 368,614 361,614 360,615 322,617 321,616 321,615 319,613 318,613 317,614 315,614 313,616 313,618 283,619 282,619 282,616 281,615 281,613 281,612 280,612 279,613 279,614 271,615 270,616 248,616 246,618 246,622 205,624 204,623 204,620 203,619 202,619 201,620 182,621 181,622 177,622 176,623 163,623 161,626 162,627 162,638 163,639 164,639 165,638 192,637 193,636 217,635 218,634 248,633 249,634 273,633 274,632 289,632 290,631 305,630 306,631 306,637"/><TextEquiv index="1"><Unicode>Nil in rebelles ſtatuat? At lentâ poteſt</Unicode></TextEquiv></TextLine><TextLine id="r0_l027"><Coords points="193,668 195,668 196,668 196,667 198,664 199,664 201,663 201,660 201,659 225,658 226,659 226,663 227,663 228,663 228,658 228,657 277,655 278,654 297,654 298,653 359,650 360,649 404,648 405,650 405,651 418,650 419,651 421,651 422,651 421,645 423,643 445,642 446,641 470,641 470,646 471,647 472,647 472,646 472,644 473,644 487,643 487,642 488,640 488,638 489,638 490,638 491,637 543,635 544,634 563,633 564,632 563,631 563,622 561,620 545,621 543,623 515,624 514,625 496,626 495,627 484,627 483,628 439,630 438,631 427,631 425,633 399,634 399,630 398,629 380,630 378,632 357,633 355,635 338,635 337,636 312,637 311,636 308,636 307,637 305,637 305,638 305,639 304,640 304,641 289,642 287,644 262,645 261,644 261,640 260,639 257,639 256,640 256,644 232,645 231,646 175,648 172,645 162,645 161,646 162,658 161,659 161,661 162,661 163,662 164,662 165,661 190,660 191,661 191,664 192,665 192,668 193,668"/><TextEquiv index="1"><Unicode>Regnare dextrâ: Mitiûs gentem premat:</Unicode></TextEquiv></TextLine><TextLine id="r0_l028"><Coords points="226,687 227,687 228,687 227,682 228,681 243,681 244,682 245,680 245,679 246,678 295,677 295,679 296,680 313,679 314,680 316,680 316,679 316,675 317,675 346,674 347,673 394,671 395,670 396,670 397,669 422,668 423,667 446,666 448,664 474,663 474,662 510,661 511,660 531,659 532,658 540,658 541,658 541,656 541,655 549,655 550,654 549,647 530,648 529,647 522,647 521,646 521,642 520,643 506,643 505,644 488,645 487,646 471,647 470,647 471,651 470,652 461,652 460,653 440,654 439,655 422,655 422,652 421,651 418,651 418,652 418,656 417,656 384,658 384,657 384,655 381,653 380,654 379,654 379,655 378,656 358,657 358,660 357,661 324,662 324,661 324,660 323,660 315,660 314,659 314,658 313,657 310,657 309,658 308,658 307,659 282,660 281,661 255,662 254,664 254,667 253,667 229,668 228,668 228,664 227,663 211,664 210,665 210,669 210,670 187,671 186,670 179,670 178,669 178,668 177,668 176,668 175,667 164,667 164,668 164,679 149,680 148,680 149,681 166,680 166,681 166,683 167,683 189,682 190,681 217,680 218,681 225,681 225,682 226,687"/><TextEquiv index="1"><Unicode>Parebit, &amp; ſe ſpontè dominanti dabit.</Unicode></TextEquiv></TextLine><TextLine id="r0_l029"><Coords points="255,704 257,704 258,703 258,702 259,701 282,700 283,699 303,698 304,697 334,696 335,697 336,697 337,696 370,695 371,694 397,693 398,692 419,691 420,690 460,689 461,689 461,693 462,694 465,694 465,693 465,687 481,686 482,685 515,684 516,685 516,686 518,684 518,683 519,682 519,679 518,679 511,679 510,675 508,672 498,673 497,672 497,668 496,668 495,668 495,672 495,673 469,674 468,673 468,672 466,670 465,670 464,669 463,669 462,670 460,670 459,671 451,671 449,673 449,677 399,679 398,679 398,677 398,676 397,676 396,675 379,676 378,676 378,677 378,678 357,679 356,680 321,681 320,682 296,683 295,682 271,683 270,684 269,684 268,685 268,689 267,690 229,691 229,688 228,687 226,687 226,688 226,692 225,692 187,694 187,693 187,691 186,691 181,691 180,690 164,690 163,692 163,693 167,697 167,706 168,706 189,705 190,704 216,704 217,702 247,701 248,702 254,702 254,703 254,704 255,704"/><TextEquiv index="1"><Unicode>Nunc ira, &amp; hoſtis inſolens victoria.</Unicode></TextEquiv></TextLine><TextLine id="r0_l030"><Coords points="142,733 144,733 145,732 353,725 354,724 374,723 374,722 398,721 399,721 399,718 399,717 617,710 618,709 618,706 617,706 454,711 455,709 506,707 508,705 532,704 533,703 581,702 582,701 583,701 584,699 584,690 582,689 580,689 578,687 563,687 563,685 562,684 559,685 558,686 519,687 518,688 512,688 511,689 490,690 489,691 488,691 488,692 443,694 439,698 405,699 403,701 230,707 229,708 227,708 226,709 195,710 194,711 167,712 166,714 166,716 165,716 145,717 144,718 143,718 142,719 141,719 138,723 138,724 137,725 137,729 142,733"/><TextEquiv index="1"><Unicode>3 Triſtiſq́ue egeſtas; quædue &amp; imbelles ciet</Unicode></TextEquiv></TextLine><TextLine id="r0_l031"><Coords points="224,750 225,751 226,751 226,750 227,748 252,747 253,746 266,746 267,745 308,743 309,744 309,747 311,746 311,743 311,742 334,741 335,740 360,740 361,738 398,737 399,736 400,736 401,737 401,743 402,743 403,743 403,737 403,736 426,735 428,733 475,731 476,730 494,730 497,727 517,726 518,724 517,723 515,725 489,726 488,726 488,720 486,718 465,719 465,718 465,716 463,715 461,715 460,716 441,717 441,722 441,723 440,723 439,724 407,725 406,724 400,724 399,724 399,722 398,721 396,721 396,722 372,723 371,724 346,725 344,723 342,723 341,724 341,729 326,730 325,731 321,731 320,732 283,733 281,732 281,731 279,728 276,728 275,729 248,730 247,731 247,735 240,736 239,737 181,739 180,738 180,735 172,735 171,736 170,736 169,737 170,748 169,749 169,751 187,751 188,752 189,750 196,750 197,749 223,748 224,749 224,750"/><TextEquiv index="1"><Unicode>Feras, abactæ prolis irritat dolor.</Unicode></TextEquiv></TextLine><TextLine id="r0_l032"><Coords points="239,777 240,777 241,776 241,771 247,770 248,771 248,775 251,775 252,775 252,770 253,768 287,767 288,766 323,765 324,764 366,762 367,761 396,760 398,758 424,757 425,756 447,755 448,754 466,754 466,759 467,760 468,760 468,759 468,754 469,754 482,753 483,752 522,751 522,752 523,753 523,754 524,755 530,755 531,754 533,753 533,749 534,748 579,747 580,747 580,751 583,754 598,753 599,752 599,751 600,750 601,750 602,749 602,747 602,746 631,745 632,744 638,744 639,743 639,734 651,733 652,733 651,732 644,733 644,732 643,731 640,731 639,730 639,727 638,726 637,726 636,727 609,728 608,727 607,727 607,728 607,729 606,729 605,729 606,733 605,734 603,734 602,735 575,736 574,735 550,736 549,737 504,738 503,737 503,736 502,736 497,736 496,735 495,735 494,736 493,736 492,737 492,741 491,742 456,743 455,742 453,742 452,741 446,741 444,740 443,740 441,742 432,742 432,743 432,746 431,746 404,747 404,746 404,743 403,743 394,743 393,742 392,744 392,748 391,748 378,749 377,750 376,750 375,751 337,752 336,752 336,749 333,746 332,747 308,748 307,750 307,754 273,756 272,757 264,757 263,758 236,759 235,760 202,761 201,761 201,758 200,756 199,756 198,757 174,758 173,759 172,759 170,761 170,762 169,763 170,770 168,772 171,775 173,775 174,774 196,773 198,773 199,774 200,774 201,773 202,773 203,772 238,771 239,771 239,776 239,777"/><TextEquiv index="1"><Unicode>S temperanda hæc odia. Nimc Regem aggredi</Unicode></TextEquiv></TextLine><TextLine id="r0_l033"><Coords points="139,809 140,809 139,775 139,774 140,774 143,777 144,777 147,780 148,780 151,783 152,783 156,786 157,786 160,789 161,788 164,791 165,791 167,794 168,798 174,798 175,799 354,793 354,792 354,790 355,790 428,787 428,781 429,780 466,779 466,778 466,777 480,776 481,775 507,774 508,773 592,770 593,769 606,769 607,768 612,768 613,767 613,765 611,764 609,764 609,763 608,759 607,758 606,758 605,757 469,762 468,761 468,760 138,771 138,772 138,773 139,809"/><TextEquiv index="1"><Unicode>crit animus; noſtra dum in toto manent.</Unicode></TextEquiv></TextLine><TextLine id="r0_l034"><Coords points="174,824 184,824 185,822 185,821 186,821 199,820 200,819 228,818 229,817 301,815 301,817 302,818 333,817 333,816 333,811 334,810 340,810 341,809 376,808 377,807 398,806 399,805 422,804 423,803 475,802 476,802 476,806 477,806 478,806 478,800 478,799 538,797 539,798 539,800 543,800 544,801 545,801 546,801 546,796 546,795 600,793 601,792 619,791 620,790 634,790 635,788 635,784 636,784 638,784 638,783 636,783 635,782 635,779 634,778 635,778 644,778 644,777 597,778 596,778 596,777 596,776 517,779 516,778 514,778 512,780 503,781 502,782 440,784 438,786 429,786 428,787 427,787 426,788 426,792 355,795 354,794 354,793 351,793 350,793 351,797 350,798 277,800 277,798 274,796 273,797 273,800 272,801 269,801 269,802 268,803 210,805 209,804 207,804 206,803 205,803 204,804 193,804 193,805 193,807 192,807 138,809 138,810 138,811 139,812 139,813 140,813 192,811 193,812 193,815 173,816 171,818 171,819 173,821 173,824 174,824"/><TextEquiv index="1"><Unicode>Nec me latet quàm tumidus, &amp; ſceprris ſerox</Unicode></TextEquiv></TextLine><TextLine id="r0_l035"><Coords points="157,851 158,851 160,849 177,848 178,847 185,847 186,845 186,844 187,844 224,842 225,841 232,841 233,840 260,839 260,838 286,837 287,836 289,836 290,835 347,833 348,833 348,836 348,837 349,837 350,836 350,833 362,832 363,831 394,830 395,829 400,829 401,828 426,827 427,826 450,825 451,824 465,824 466,823 473,823 474,823 474,829 474,830 475,830 476,829 476,823 505,821 506,820 507,820 508,819 569,817 569,816 570,815 570,807 570,806 557,807 556,806 539,806 538,806 538,803 536,801 528,802 527,801 526,802 526,807 526,808 502,809 500,811 480,811 479,811 479,807 478,806 471,807 470,806 460,806 459,808 458,808 457,809 457,811 456,812 456,813 444,814 443,815 408,816 407,817 383,818 382,817 382,812 379,812 378,813 377,813 375,815 375,816 374,817 374,820 330,822 329,823 311,823 310,823 310,819 310,818 308,818 307,819 305,819 304,819 304,818 303,818 303,819 303,820 259,821 258,822 205,824 204,825 203,825 201,827 196,827 195,829 195,837 194,837 183,838 182,839 164,839 164,835 163,834 162,834 160,833 152,833 151,832 148,832 147,833 146,833 145,834 144,834 142,837 142,838 141,839 141,844 142,845 142,846 145,848 155,848 155,849 156,850 157,851"/><TextEquiv index="1"><Unicode>5, Dificilè Princeps ſana conſilia audiat:</Unicode></TextEquiv></TextLine><TextLine id="r0_l036"><Coords points="176,872 223,870 223,865 223,864 249,863 250,862 446,856 447,855 446,849 447,849 645,842 645,841 644,840 508,844 507,844 508,843 543,842 544,841 567,840 568,839 604,838 605,837 638,836 639,834 639,831 638,831 633,831 633,825 631,823 625,823 625,819 624,818 606,819 606,820 605,821 545,823 544,824 542,824 541,825 502,827 501,828 461,829 460,831 460,832 459,832 415,834 414,835 413,835 412,836 412,837 412,838 294,842 293,842 293,844 293,845 232,847 231,848 203,849 202,850 201,850 200,851 199,851 198,852 198,853 197,854 196,854 196,855 196,861 195,861 184,862 183,863 175,863 173,866 175,868 175,872 176,872"/><TextEquiv index="1"><Unicode>,Quim audita renuat. Ira ubi adverſum tahit.</Unicode></TextEquiv></TextLine><TextLine id="r0_l037"><Coords points="175,895 178,895 180,893 187,893 189,891 189,890 223,888 224,887 253,886 254,885 274,885 279,884 281,886 283,885 283,884 283,883 310,882 311,881 351,880 352,885 352,886 353,885 353,884 354,884 355,883 354,880 356,879 381,878 382,877 404,876 404,877 405,882 407,882 408,881 407,876 408,876 425,875 425,876 425,878 426,878 428,878 428,875 429,874 440,874 441,873 465,872 465,874 467,876 468,876 469,874 469,870 470,870 480,869 481,868 500,868 500,874 501,875 504,875 504,874 504,868 505,868 524,867 525,866 549,865 549,871 550,872 553,872 553,871 553,864 554,864 592,862 592,861 620,860 621,861 621,865 623,866 627,866 628,865 628,861 628,860 632,860 633,859 637,859 638,858 644,858 646,856 645,842 642,842 641,842 641,845 640,847 629,847 628,848 604,849 603,845 602,843 600,845 601,850 600,850 560,852 559,851 557,853 551,853 550,854 525,855 525,854 525,849 524,849 523,849 522,848 521,849 520,849 520,850 520,855 519,855 509,855 508,856 487,857 487,853 486,852 454,853 452,855 444,856 444,860 443,861 437,861 436,862 431,862 430,863 381,865 381,864 381,861 379,860 376,860 375,861 365,861 364,863 364,867 294,870 292,872 242,874 241,875 216,876 215,875 215,873 199,873 198,874 199,885 198,885 175,886 174,888 174,890 175,891 175,895"/><TextEquiv index="1"><Unicode>Mentem, aut cupido: quiſquis ad nutum loqui</Unicode></TextEquiv></TextLine><TextLine id="r0_l038"><Coords points="304,913 305,913 306,912 305,906 306,905 323,905 324,904 363,903 364,901 392,900 393,899 401,899 402,898 433,897 434,896 443,896 444,895 450,894 476,894 476,899 477,900 487,899 487,892 487,891 519,890 520,891 520,894 522,895 528,895 530,892 530,889 566,887 567,888 570,886 570,885 569,884 569,883 568,882 562,883 562,882 561,876 559,876 558,875 553,875 552,874 552,872 551,872 550,872 550,875 550,876 541,876 540,877 505,879 505,878 504,875 484,875 483,876 483,877 482,878 483,879 482,879 474,880 472,882 453,882 451,884 415,886 415,885 415,882 413,881 411,881 410,882 405,882 405,883 405,888 404,888 354,890 354,889 354,886 353,886 346,886 345,885 343,885 342,887 342,891 341,891 326,892 325,893 294,894 294,893 294,889 292,888 289,888 288,889 287,889 286,891 286,892 285,893 285,895 284,895 258,896 258,893 257,892 217,894 217,895 216,896 202,896 201,897 198,897 198,898 198,908 178,909 176,911 176,912 176,913 177,914 178,914 179,914 179,916 179,917 180,917 182,915 189,915 191,913 250,910 251,909 276,909 277,910 277,909 277,908 278,907 289,907 290,906 303,906 304,912 304,913"/><TextEquiv index="1"><Unicode>Didicit, ſecundis auribus tutò ingeri.</Unicode></TextEquiv></TextLine><TextLine id="r0_l039"><Coords points="387,931 390,931 390,930 390,925 391,925 397,924 398,922 426,921 427,920 457,919 458,920 458,922 460,923 461,923 461,918 461,917 471,917 472,916 486,915 487,914 536,912 537,911 548,911 550,909 549,903 550,903 551,903 551,902 551,900 550,899 520,900 519,900 519,897 519,896 518,896 517,895 503,896 502,897 501,897 500,897 500,898 500,899 477,900 476,900 476,905 476,906 464,906 463,907 443,908 442,907 442,903 440,901 438,901 435,904 420,905 419,905 420,909 419,910 391,911 391,910 390,907 385,907 384,908 383,908 382,908 383,909 382,910 382,911 381,912 362,913 361,914 354,914 353,915 307,916 307,913 306,912 304,913 304,916 303,917 279,917 279,914 278,913 277,914 276,913 263,913 262,914 260,914 259,916 259,917 258,918 258,919 257,920 257,921 256,921 242,922 241,923 211,924 211,923 211,919 209,918 206,918 205,919 181,920 178,923 178,926 179,927 179,935 181,937 210,936 211,935 232,934 233,933 268,932 269,931 292,930 293,929 372,926 373,927 386,927 386,930 387,931"/><TextEquiv index="1"><Unicode>Sed me ſalutis cura, &amp; obſequii fides:</Unicode></TextEquiv></TextLine><TextLine id="r0_l040"><Coords points="151,965 154,965 157,962 168,961 169,960 170,960 171,959 200,958 201,959 202,958 251,956 252,955 285,954 286,953 306,953 307,951 325,951 326,951 326,957 327,958 330,958 331,957 346,956 347,955 348,955 348,951 348,950 359,950 360,949 370,948 371,947 389,947 390,947 390,953 391,954 392,954 392,953 392,947 421,945 422,944 423,944 424,943 436,943 437,942 464,941 465,940 478,940 479,938 512,937 513,936 517,936 518,935 543,934 544,933 567,932 578,932 579,936 579,937 583,937 584,936 583,931 584,931 604,930 605,929 614,929 615,928 642,927 642,929 643,930 645,930 646,929 647,929 647,928 647,926 648,925 648,922 647,921 647,915 645,914 633,914 632,913 612,914 612,913 612,911 611,911 609,911 608,912 608,916 607,917 570,918 570,916 568,914 566,914 565,916 565,921 533,923 532,922 532,919 531,918 531,917 530,917 529,917 528,918 528,924 528,925 486,926 485,926 485,923 485,922 483,922 482,923 482,927 476,928 475,929 462,929 461,930 441,931 440,930 440,926 436,926 432,930 432,932 415,933 414,934 391,935 390,934 390,931 387,931 386,931 386,935 386,936 368,936 367,937 326,939 326,938 325,936 324,936 323,936 324,938 323,939 301,940 300,941 295,941 294,942 268,943 267,944 227,945 227,944 225,942 210,943 210,942 210,941 209,941 208,941 207,940 205,942 180,943 179,944 178,944 178,946 177,947 153,948 152,949 150,949 148,952 148,953 150,954 150,964 151,965"/><TextEquiv index="1"><Unicode>50 Vel B monentem pervicax famulum haud probet!</Unicode></TextEquiv></TextLine><TextLine id="r0_l041"><Coords points="287,982 289,982 290,981 290,977 290,976 312,975 313,974 343,973 344,972 369,971 370,972 377,972 378,973 378,976 379,976 380,977 384,977 388,973 388,971 401,970 402,969 454,967 455,968 455,969 457,971 459,970 459,966 459,965 463,965 464,964 477,964 478,963 485,962 486,961 519,960 519,961 520,964 532,964 533,965 534,965 535,964 534,957 535,957 579,955 580,954 586,954 586,953 586,951 585,950 585,949 584,948 584,944 582,943 556,944 556,943 556,940 554,939 552,939 552,944 551,945 530,946 529,947 506,948 505,949 498,949 498,950 493,950 492,951 468,952 467,951 467,946 466,946 462,946 462,947 462,948 459,950 432,951 431,952 431,957 401,958 400,957 395,957 394,957 394,954 394,953 391,954 390,954 390,958 390,959 383,959 382,960 359,961 358,962 331,963 330,962 330,958 327,958 326,958 326,961 326,962 323,962 322,963 302,964 301,965 249,967 248,966 248,962 245,962 244,963 210,964 209,963 208,963 207,964 189,965 188,966 186,966 182,970 182,971 181,972 181,977 182,978 182,979 183,981 184,981 185,982 240,980 241,979 285,977 286,978 286,982 287,982"/><TextEquiv index="1"><Unicode>Cnſulere patriæ cogit: At ſævus gradum</Unicode></TextEquiv></TextLine><TextLine id="r0_l042"><Coords points="38,990 41,990 42,989 75,988 75,987 75,985 74,985 41,986 41,985 41,980 57,979 59,978 59,977 60,976 60,975 60,974 67,974 68,973 68,971 68,970 68,969 69,968 69,967 68,966 68,963 58,963 57,962 41,963 40,962 40,961 36,961 34,963 34,969 16,970 15,970 16,977 16,978 32,977 33,978 33,979 34,980 34,981 35,981 35,982 36,983 36,984 37,985 37,989 38,990"/><TextEquiv index="1"><Unicode></Unicode></TextEquiv></TextLine><TextLine id="r0_l043"><Coords points="242,1007 242,1008 243,1007 287,1005 288,1005 288,1004 288,1003 293,1003 295,1001 432,996 434,994 478,993 479,992 499,991 499,990 499,984 500,984 527,983 529,981 553,980 554,979 590,978 590,977 561,978 560,977 560,970 561,969 565,968 566,968 566,967 565,966 564,967 563,966 547,966 547,964 545,962 543,962 541,964 533,965 532,966 524,966 523,967 522,967 522,968 521,969 521,970 520,970 424,973 423,974 422,974 421,976 353,978 352,979 323,980 322,981 311,981 311,982 241,985 240,986 190,988 189,989 181,989 180,989 181,1003 182,1005 241,1003 242,1003 242,1007"/><TextEquiv index="1"><Unicode>Rebuſq́ue geſtis alacer adproperat Siſar</Unicode></TextEquiv></TextLine><TextLine id="r0_l044"><Coords points="19,991 20,1026 73,1024 72,989 19,991"/><TextEquiv index="1"><Unicode></Unicode></TextEquiv></TextLine><TextLine id="r0_l045"><Coords points="301,1029 303,1029 304,1028 303,1023 304,1023 312,1022 313,1021 359,1020 360,1021 367,1020 367,1021 368,1024 369,1024 370,1024 369,1019 370,1018 373,1018 374,1017 403,1016 404,1015 433,1014 434,1013 436,1013 437,1012 456,1011 457,1010 487,1009 487,1010 487,1015 488,1015 488,1010 489,1009 489,1010 489,1014 490,1014 507,1014 507,1013 507,1007 516,1006 517,1007 517,1009 520,1011 522,1011 522,1008 523,1007 526,1007 526,1006 526,1005 536,1005 537,1003 543,1003 544,1002 557,1002 558,1002 558,1008 559,1009 559,1008 559,1002 572,1001 573,1000 578,1000 579,1000 579,998 578,997 577,991 576,989 558,990 557,991 530,992 529,993 527,993 526,994 500,995 500,994 499,991 496,991 495,992 476,993 475,994 467,994 466,995 432,996 431,997 416,998 415,999 413,999 412,1000 412,1003 411,1004 387,1005 386,1006 335,1008 334,1009 321,1009 321,1010 297,1011 296,1010 296,1006 294,1005 291,1005 290,1006 265,1007 264,1006 263,1006 262,1007 241,1008 241,1012 241,1013 212,1014 211,1013 211,1009 210,1009 183,1010 182,1011 181,1011 181,1025 182,1026 192,1026 193,1027 204,1026 205,1025 251,1023 252,1024 253,1023 278,1023 279,1024 295,1023 296,1026 296,1027 297,1027 298,1026 297,1024 298,1023 299,1023 300,1023 301,1028 301,1029"/><TextEquiv index="1"><Unicode>Heberix hoſpes: quem! Pâlætlinis gravem</Unicode></TextEquiv></TextLine><TextLine id="r0_l046"><Coords points="340,1049 341,1049 343,1047 343,1042 344,1041 374,1040 374,1041 374,1042 375,1042 386,1042 386,1041 386,1040 387,1040 399,1039 400,1038 423,1038 423,1036 439,1036 440,1035 463,1034 464,1033 492,1032 494,1030 516,1029 518,1027 548,1026 549,1025 569,1024 570,1023 571,1023 572,1023 571,1020 572,1019 572,1016 570,1013 566,1013 565,1013 561,1013 560,1012 560,1009 547,1009 546,1010 529,1011 527,1013 475,1015 474,1016 473,1016 471,1018 461,1018 460,1019 461,1023 460,1023 445,1024 444,1025 430,1025 429,1022 428,1020 403,1021 402,1020 399,1020 398,1021 398,1022 397,1022 396,1024 396,1027 394,1028 368,1029 368,1026 367,1025 355,1026 354,1025 352,1025 352,1029 351,1030 341,1030 340,1031 304,1033 304,1032 304,1029 303,1029 301,1029 301,1032 300,1033 248,1035 247,1036 196,1037 195,1036 195,1034 194,1033 193,1034 192,1033 190,1033 189,1032 188,1033 183,1033 182,1034 182,1035 183,1036 183,1048 184,1049 196,1048 197,1049 200,1049 201,1048 239,1047 239,1052 240,1053 241,1053 241,1052 241,1047 242,1047 302,1045 302,1049 304,1051 304,1050 304,1045 305,1045 316,1044 317,1043 339,1042 339,1043 339,1049 340,1049"/><TextEquiv index="1"><Unicode>Revocans triomptis. ſenior Iſaciis lIabin</Unicode></TextEquiv></TextLine><TextLine id="r0_l047"><Coords points="39,1027 40,1055 73,1054 72,1026 39,1027"/><TextEquiv index="1"><Unicode>5</Unicode></TextEquiv></TextLine><TextLine id="r0_l048"><Coords points="399,1072 400,1072 400,1063 400,1062 422,1062 423,1062 423,1067 424,1067 429,1067 429,1061 429,1060 455,1059 456,1060 456,1064 458,1065 459,1065 459,1064 461,1064 462,1064 462,1058 462,1057 495,1056 496,1055 497,1055 498,1054 516,1053 517,1052 549,1051 550,1052 550,1055 551,1055 554,1052 554,1049 567,1048 568,1047 576,1047 577,1046 600,1045 601,1044 601,1041 601,1040 600,1040 599,1039 595,1039 594,1039 594,1033 593,1033 590,1033 589,1032 571,1032 569,1030 568,1030 568,1031 568,1033 567,1033 551,1034 551,1035 551,1038 524,1039 523,1040 513,1040 512,1041 500,1042 499,1043 486,1043 485,1044 472,1045 471,1046 441,1047 440,1048 394,1050 392,1048 392,1047 391,1046 387,1046 384,1048 384,1050 383,1052 326,1054 326,1053 325,1049 322,1049 321,1050 316,1050 315,1051 316,1054 315,1054 289,1055 288,1053 286,1050 285,1051 284,1051 283,1052 284,1056 283,1056 241,1058 241,1057 240,1053 202,1054 201,1055 189,1056 186,1059 158,1060 157,1061 156,1061 155,1062 155,1064 155,1065 156,1065 157,1065 157,1075 158,1076 159,1077 170,1076 171,1077 172,1076 173,1076 174,1075 175,1075 176,1074 214,1073 214,1075 216,1077 217,1077 220,1073 220,1072 221,1072 286,1069 287,1070 288,1069 311,1068 312,1067 379,1065 380,1064 394,1064 395,1064 395,1069 399,1072"/><TextEquiv index="1"><Unicode>75CObjicere ducibus caſtra properantem jubt!e</Unicode></TextEquiv></TextLine><TextLine id="r0_l049"><Coords points="75,1087 75,1088 76,1087 75,1067 74,1066 74,1059 73,1059 64,1059 63,1058 43,1059 42,1058 41,1058 41,1060 39,1062 23,1062 23,1063 23,1078 24,1078 40,1078 40,1083 41,1084 41,1086 42,1087 45,1087 46,1086 66,1085 66,1084 66,1077 67,1076 67,1070 73,1070 74,1070 75,1087"/><TextEquiv index="1"><Unicode>5:</Unicode></TextEquiv></TextLine><TextLine id="r0_l050"><Coords points="46,1113 47,1113 48,1112 50,1112 50,1111 49,1111 48,1110 48,1109 49,1109 78,1108 78,1107 49,1108 48,1107 49,1107 66,1106 67,1104 67,1098 76,1098 77,1097 77,1095 76,1095 68,1095 68,1094 67,1085 66,1085 65,1086 42,1087 42,1106 43,1107 44,1107 44,1111 46,1113"/><TextEquiv index="1"><Unicode>5</Unicode></TextEquiv></TextLine><TextLine id="r0_l051"><Coords points="565,1118 567,1119 568,1118 585,1118 586,1117 588,1117 589,1116 636,1114 637,1114 637,1109 637,1108 644,1108 645,1107 647,1107 648,1106 648,1105 654,1104 655,1103 658,1103 658,1101 658,1100 657,1101 639,1102 638,1102 638,1100 638,1099 633,1099 632,1099 632,1095 632,1094 631,1094 629,1092 628,1092 627,1093 610,1094 608,1092 587,1093 586,1094 584,1094 583,1094 583,1101 579,1106 564,1107 564,1110 562,1112 561,1112 561,1114 562,1115 562,1116 563,1118 565,1118"/><TextEquiv index="1"><Unicode>SiA-</Unicode></TextEquiv></TextLine><TextLine id="r0_l052"><Coords points="68,1145 69,1145 70,1144 70,1143 70,1142 70,1141 71,1141 80,1141 80,1140 80,1138 79,1137 78,1112 69,1112 68,1111 68,1110 67,1110 67,1111 67,1112 46,1113 45,1113 46,1117 44,1119 44,1124 43,1125 43,1137 44,1138 48,1138 48,1140 50,1142 67,1141 68,1144 68,1145"/><TextEquiv index="1"><Unicode></Unicode></TextEquiv></TextLine><TextLine id="r0_l053"><Coords points="1,1202 1,1219 3,1219 3,1216 3,1215 6,1215 7,1215 7,1212 7,1211 14,1211 15,1210 15,1207 22,1207 23,1206 23,1204 30,1203 31,1203 31,1202 31,1201 31,1200 32,1199 35,1199 35,1196 36,1195 47,1195 47,1194 47,1192 48,1192 81,1191 82,1191 105,1191 105,1190 105,1189 106,1188 105,1187 93,1187 91,1186 91,1181 90,1180 89,1180 89,1179 88,1178 87,1168 87,1167 82,1167 81,1167 81,1163 72,1163 71,1162 71,1155 70,1154 70,1149 69,1149 69,1162 68,1163 68,1168 68,1169 47,1170 46,1170 46,1171 45,1172 46,1173 45,1174 45,1178 43,1180 43,1181 42,1182 30,1182 30,1183 30,1184 29,1185 29,1186 28,1186 23,1187 20,1190 20,1191 20,1192 18,1192 17,1192 17,1193 17,1194 13,1194 12,1195 11,1195 9,1197 6,1197 4,1199 3,1199 2,1200 1,1200 1,1202"/><TextEquiv index="1"><Unicode>â</Unicode></TextEquiv></TextLine></TextRegion></Page></PcGts>