656 1255
133 51 583 81 SISARAS TRAGOEDIA. 3o
78 73 592 111 Quo turpe vinci eſt: vincero, aut nullum decms.
36 97 478 125 165 Aut Rege minus eit. Vna victorem juret
78 118 533 148 Diræ uina gentis. IER. Haud culpes ducem,
78 141 464 170 Si certa nores: major humanâ indoles,
78 163 509 196 Cœloque propior. Qualis aut Cynthi jugis.
78 186 449 217 Gelidique ripas propter Eurotæ ſoror
34 209 460 239 430 Phœbea graditur. Illa ſublatis gravem
76 233 468 264 Humeris pharetram geſtat, & totâ Deas
76 255 465 283 Cervice ſupra eſt ; gente ſic illa emiet
74 278 567 309 Potens in omni mulier. SIS. In promptu eſt fdes,
74 301 470 329 ,,Præſtare quantus inter ignavos labor?
33 324 505 352 55 ER. Haud iſta tales regna ſenſere advenas.
75 347 573 380 SIS. Hoc hoſte metuâ?IER. Docuit gyptus tamâ
73 370 555 396 Quàm ſit timendus SS. Bis decem interea mihi
74 392 573 423 Famulatur annos. IER. Pluribus Pharao premen
76 416 499 445 Obtinuit. Hinc Chuſanus. & Moabi recens
32 439 509 469 120 Regnator Eglon. SIS. Fortis ex illo ſciet
73 463 518 492 ,5 Quid inerte domino diſtet. I. Alieno ſapit
70 485 464 512 ,Quiſquis periclo, ne ſuo ſapiat cavet.
72 509 558 539 SIS. Parum hinc pericli eſt: Bellas ſac auſos, din
72 532 521 561 Qui, aut unde tolerent? Rara populatas colit
29 553 479 585 15 Vrbes juventus: reliqua pars vacuis latet
70 577 536 606 Diſperſa campis: ſaxaqdue, & ſylvas laris
70 601 482 631 Inops. cibiq́ue complet: exuſta eſt ſeges.
72 625 524 655 Et aduſta flagrant arva. IER. Qutin vires dedit
71 647 564 681 Ipſum hoc ; dabitq́ue; quod nihil genti eſt ſuper,
25 670 566 703 190 Cui metuat, aut cui parcat. SIS. At nondâ periit.
70 693 519 725 ,,Et hoc furori reſtat. IER. In mniſeros nimis
66 715 563 750 ,,Qui ſævit. armat. SIS. Ne quid exinde ingruat,
67 738 441 765 Obſtare facile eſt. vaſta diſiectis dabo
66 762 517 791 Mœnibus, & antè quidquid intactum, eruam.
21 785 525 817 195 IER. Sic nulla per tor præmia ærumnas petis?
63 808 565 840 SIS. Servire difcent.IER. Nempe quos nullos jubes
62 831 511 863 Eſſe. ut tui ſint. SS. Vacua, ſublato ndven,
62 855 444 879 Regna obtinæbit, dives exercens ſolum
62 877 510 909 Noſtras colonus. IER. Nſlne te gentis movet
18 900 509 930 200 Terribile numen?SIS, Cujus infregi minas,
62 923 540 951 Roburq́ue domui? IER. Cujus infrænis manum
60 945 441 971 Niliaca monſtris horruit tellus decem.
60 969 465 999 Cum juſſa liquidis turpis emerſit vadis.
59 991 496 1021 Campoſq́ue texit rana: cùm infeſtus cynips,
17 1015 414 1039 25 Et avidus iſto pulvere exfiliit culex
62 1036 469 1062 Cùm ſtrage ſudit pecora, & inſuſus cinis
59 1060 443 1088 Horrenda ſparfit ulcema escepit vorax
58 1083 482 1111 Locuſta. Quid vel ſtagna ſanguine loquar
56 1105 439 1131 Infecta tabe? quaſq́ue vel poſſes manu
11 1119 547 1150 0 rapare tnebrasi rrole uid ndemn domos
54 1151 421 1173 Seniore va cuas? Ille diductis fretum
509 1174 563 1193 Paos
327 1177 372 1195 52
