686 1257
153 34 593 59 SISARASTRAGOEDIA. 35
96 56 478 81 Fortuna dederit, ſtabilis, & nullo fides
99 78 481 104 Lapſura caſu, rumpet obſtantes minas,
59 100 459 125 1I0 Facilis mei jactura; nec tanti eſt ſeni
98 124 476 149 Patriæ ruinas inter, & ſtragem inclytæ
96 148 530 173 Reptare gentis. IAH. Sic decet fortes loqui.
97 170 594 199 HEB. Sic facere. IA. Nunc te coniugem agnoſco
184 198 252 216 meum.
97 215 557 240 EB. Quidvis cruentus ſtatuat, excipiam metu
58 239 593 265 I5,, Vacuus. IAH. Breve eſt cerramen: æterni decus
97 261 552 288 ,Cœlo repoſtum. HEB. Sive per latera exigit
97 284 474 310 Ferrum Tyrannus: ſive per partes tapi
98 306 579 331 Membra, aut cremari jubeat, æquo animo Feram.
98 329 592 357 IAH. Hæc quamquam habere ſic decet: prona eſt
187 358 247 370 tamen
58 373 452 397 0 Inelins, & ſecura neſcio quid ſpei
99 396 594 421 Mens agitat. HEB. Vtinam fallat hic qui animum
186 422 244 443 timor
99 439 477 468 Sperare populi funus extremum jubet.
98 462 594 489 ,,IAH. Quod quiſque metuit, poſſe vix tolli putxt.
101 486 595 512 ,,HEB. Imo hoc tutur, quod cupit, nimiû putat.
59 510 594 538 115 Qua ſpe ſalutem præcipis? IA. Quam tumIſras I
98 532 491 560 Habuit, per undas calle cum ficco pedes
97 555 538 581 Trajecit: aut cum ſquallidas Arabum plagas
99 578 460 602 Permenſus iſta ſerus in regna appulit
99 601 591 628 H5EB. An tum pepercit? pars quota incolumis ſuit?
60 624 581 649 IM IA. Nec penitus iræ indulſit: & quantum ſat eſt
100 648 534 672 ,,emum reliquit? Premere quos odit ſolet
99 671 591 696 ,,Penitus, ſuiſq́ue parcere. HEB. Ignoſcat precor;
100 694 527 725 Sceleriq́ue tandem faciat, & pœnis modum.
233 740 447 759 IAHEL SOLA
140 771 578 804 Felicem belli exitum ſperat, ſeſé
251 804 437 835 ad omnia offert.
89 849 489 881 Aiet. Superbo Rege defunctos brevi,
57 876 508 903 135â Vt ſera, ſic non dubia reſpiciet ſalus.
99 899 510 922 ,,Pius ille, vel dum ſævit, & memores ſui
101 923 522 947 ,,Exercet iras. Culpa ſarctorum graves
100 945 541 971 ,,Dedit aliqua pœnas, nulla perpetuas dedit.
100 967 460 993 Sic denſa poſtquâm nubila effuſo diu
54 991 477 1016 4 Arcturus imbre ſolvit, aut ponto jubar
98 1013 477 1039 Merſure Plejas: fœderis vindex polum
99 1037 465 1061 Serenat arcus. Sic ubi hibernis furens
100 1059 463 1083 Incubuit undis Auſter, & vaſtos tulit
100 1081 447 1106 Ad aſtra fluctus, ſideris gemini face
56 1103 525 1129 545 Compreſſa ponunr maria. Sic gelidas tepor
102 1126 505 1151 ,,Vernns pruinas claudit. Hac vitæ Deus
545 1143 599 1162 Athi-
367 1150 409 1167 Æ2
