679 1271
110 33 540 59 456 DIONYSII PTAVII
156 60 536 86 ,,Arbitria lege ſancit. In partem nihil
158 84 645 111 ,,Vtramque iabile eſt. Abiit. Haud equidem tibl
158 105 552 133 Porro indicavi cetera. In dubio eſt fides,
116 128 548 157 15 Quò ſama vergant. Magna molitur Deus.
156 151 513 175 Vel quanta nobis ore non falſo canit,
154 174 605 200 Monſtrante cœlo, Debora ! Quæ per nos brevi
154 196 582 224 Præſtanda memoratl Majus eſt victo tamen
154 218 557 251 Siſara. Quid hoſte majms eſt victo? Piget
114 241 545 272 n5 Quod illa in aures tacit commiſit loqui,
153 265 571 295 Quod qurere ultrâ vetuit. At ſi quid meâ
151 287 545 317 Habes in arte præfidi, hæc qniſquis regis
152 311 556 336 Ventura Superùm: te duce en caſus adeſt
153 333 573 363 Parata in omnes famula. Quem noſtris ſore
112 355 556 386 C0 Hæec inter armis exitum, ac votis pum?
153 380 526 407 Commiſſa dudum prælia, & toto reor
153 403 557 432 Fervere campo: geſtit eventum impotens
153 426 586 455 Prævertere animus. Quis per ætherens modâ
151 450 544 479 Violentus auras turbo correptam vehat)
111 473 522 501 15 Aut quis citatis præpetem pennis rapi
152 496 580 523 In media dederit caſtra? Pars utinam feror
151 519 548 546 Vt eſſe decoris aliqua ; ſic Hartis ſoremſ
260 563 553 594 C H O R V S
150 608 647 644 Deo rebelles tandem pœnas dare edocet,
223 640 575 672 idemá Chananais eventurum
334 674 442 722 prædicit.
163 720 486 751 Ouma Superos impia quiſquis
146 746 489 776 Auda animis bella capeſſit;
106 771 494 795 m55,, Tandem eſſe Deum ſentit, & acr
148 794 450 820 ,Congeſta luit crimina poœnââ.
145 817 458 842 Aupit tumidi elanſtra profundi,
143 840 444 864 Rapidaſque ſolo miſcuit undas
145 863 375 882 Iuſa rebelles latè etfuſo
110 887 424 911 155Vaſtare freto cærula Thetys.
145 910 424 934 Tunc ſepoſiti fœdera Mundi
145 933 424 958 Conſuſa ruunt. Altior hauſi
143 956 466 981 Montana mapar culmina pontus:
143 979 429 1004 Summoque ferit ſidera fluctu.
104 1002 416 1027 2o Subiecta graves filva carinas
142 1025 417 1049 Lentis tenuit preſſa fagellis.
140 1047 475 1072 Stringit ripidas palmula quercus;
140 1069 458 1095 Roſtriſq́ue ſecant nubila puppes.
138 1092 468 1114 Quid cum ætberiâ mole ſub auras
102 1114 415 1138 15Educta Aabel ſtetit, aſtrifero
138 1137 450 1165 Propiota plo culmina tollans?
581 1164 636 1189 Mlâ
1 1200 32 1256 5
