575 960
169 23 352 51 3 (0)
457 30 494 53 163
144 75 378 99 B A Dττο
135 91 387 111 LI AAA-
98 116 145 131 I
172 130 349 157 Scena Prima.
2 159 485 204 Hircaſius ſartor. Caprelus, eius tyro
4 203 485 232 ]Hircaſ. Quid ibi hæres Capreole me ſe-
4 230 484 258 ]quere. Capr. Eqnitem hnne conſideravi. Hi-
4 257 485 283 cſ. Nunquid mirabilis eouus an non præ-
4 281 484 307 ſat tibl, ſartorum ſcamnis inſidere, quàm tli
5 307 484 332 aſio Capr. immites tamnen ſuot, & nimis
5 331 483 357 rigidi officiales bellici, qui in ſuos mllites ità
4 356 505 383 ſæ viunt. Hire. Imò id ferè ſolum eſt, quod
4 381 483 407 mihi probatur in officialibus bellicis, quòd
5 406 482 432 empe iuorum militum inſolenam tam ſeve-
6 431 482 456 r fnb diſciplina eontinenot, & mihil impuni-
7 457 483 482 tum patiantur. IItinam Capreole, ntinam
6 481 482 507 parentes, & patresfamilias in urbe noſtra
6 505 481 530 eqnè ſeverè agerent in ſuos filios, prælertim
6 529 481 556 ſtudioſos, on videremus pueritiam tam ef-
6 555 480 581 fræoem, tam corruptam moribus, t mod,
5 579 485 606 Cnpr. Approbares ergo, ſi pareotes filios
5 604 480 630 Iuos etium ſtndioſos aſinis imponerent Hire.
5 628 479 655 ]Non filios tantum, ſed ipſos etiam parentes,
5 653 480 680 ]& patresfamilias, qui ſuorum curam non ha-
5 678 480 705 ]bent, hac pœn affici oporteret. Capr. Pa-
5 704 479 730 rentest cives? aſiis I Hire. Ità ſane melius,
5 729 479 754 σuam milites merentur. Et brevi Capreole,
4 753 479 780 plures in vrbe noſtra cernes aſinos, huic ſi-
5 778 479 806 miles. Copr. Qomoτo hoc? forſan equo-
4 803 479 827 rum locò plutes ioroducentur aſini, ut in
28 829 479 853 vicina vrbe factum audio) Hirc. Non, non
53 853 479 875 Exe. Tueat. Tomul. II. L he.
46 889 256 911 Sceno figitur in platea.
