578 958
174 21 352 51 i 0
459 26 495 47 169
3 51 494 87 Quld ſi noſſet etiam libeliatem novaa, qus
3 85 494 113 patet tibi, & familiasribs tuis lantam à pran-
3 110 494 136 I io merendam para, ad quam & me paren-
1 134 495 161 tis tul venis invitaveras Bertr. Rumperetur
1 160 496 186 ex indignotione, credo, vel cotſulem paren-
3 184 542 211 tem toum hac adhue horã aditet, ut edictó
4 210 536 236 conſulari focum in domo noſtra iuberet ex-
4 235 495 260 tingni. - Incerim rogo, Edmonde, ut ſtatim
4 259 495 287 poſt horam pria, vel ſaltem ante lecun-
5 285 495 309 am in domo noſtta compareas. Nam & re-
5 308 495 335 Iiqui, quos initai, condiſcipnli, in tem-
4 334 495 362 pore ſe adfuturos promiſerunt. Edn. Ade-
3 359 495 384 ro, ne ſis Iolicitus. An antem multos in-
3 384 495 409 vitaſti Berer. tres tantum præter Scribam
4 408 555 434 ognatum noſtrum. Edm. An verò hunc
5 434 496 459 enturum putas Beeν. Dnbitas num ſcri-
5 457 520 485 ba lautam merdam negliget Edir. De
5 483 496 509 dignabitur forſan ſtudioſis tantum gymuaſi-
4 506 496 534 Itis comitem ſe jupgere, præſertim cum ip-
2 533 496 559 ſe, poſtquam gynaſio nuper valedixit, jam
3 558 497 583 it quaſi Academicns, t ubioue gladium ad
4 581 496 608 ] Iatus ſuſpenſum trahat. Iertr. Tam ſoper-
6 609 496 634 ba Scribillacio aon eſt indoles. In circumſtan-
5 633 497 658 ] tis hodiernis adhue condiſcipulus noſter hn-
5 657 556 685 beri cupit. Edm. At non etiam initabis
5 683 497 709 Luridaſtrum Bertr. Luridaſtrum t puer tam
5 707 498 733 ] procax haud covenlt Ingenoo noſtro eon-
4 732 500 759 ventui. Eligat per me puer hic petulans ſo-
4 756 499 783 cios ſui ſimiſes. Edm. Sic, facilem poſſes τi-
46 782 499 808 bi reddere Hireaſium. ne amplius te apud
46 807 499 833 patrem argueret. Imò probiſſimum te ado-
46 832 501 854 leſcentem dieret, ſi illius flium in familla-
47 857 503 882 tem amicitam admitteres. Bertr. Quidquid
437 882 502 902 Hirca-
263 884 302 908 L4
