558 956
225 18 404 46 e (0
82 24 118 45 17o
81 54 555 83 Hircaſius de me blaterut, tam prn eιo, v
81 81 555 109 quàm ſi caper elamet gme, gme.- At e τ
31 106 554 134 celprodit cum egregio ſu ſodalitio. Aenus.
221 156 394 183 Scena Sexta.
81 200 555 233 Accedunt Luridaſtrus, Hircaſi filius.
136 228 519 261 Aleander. Tabaccarius. Piſto-
135 259 470 288 rellus. Potander, eus ſocii.
110 299 526 327 Tabacc. Bertrande: Bertronde Lurid. Quid
82 324 527 350 hune advocas Tabacc. Bertrande, ad mo-
81 350 530 377 mentum ſubſiſte, habeo, quæ tibl dicam.
82 373 536 401 Bertr. Quæ illa ſed paucis expedi. Tbacc.
81 399 533 428 Non placet odor braſilus ubi pyxis tua l im-
81 424 535 448 plebo. Bertr. Tabaceo non aſſuevi. Nec
82 448 538 477 velim aſſueſcere. Die, quid me velis. Tn-
81 472 540 503 bace. Ne ſuperbus dedigneris alloquium con-
82 498 543 526 diſcipuli. Hodiernam nõſti diem recreatiomi
82 523 545 550 deſtinatam, adeóque hilariter tranſigendam-
81 548 548 577 Ego verò occaſionem ſcio opportuiſſimam,
81 574 549 600 quà miris modis recreare te poſſis, in eon-
82 599 552 626 ventu noſtro. Bert. Hac recreatione tu
81 624 552 652 per me fruaris licet. Mihi de alia opportu-
82 648 343 676 ns ſatis proviſum. Vale.
202 698 413 733 Scena Septima.
83 738 433 777 Luidaftrus unà cum ſociis.
107 780 555 807 Lurid. Quid tu eum Bertrando an ad no
83 803 555 827 ſtrum forte conventum invitare voluiſti T
83 827 555 854 bace. fateor, libenter illum in noſtram ſod:
84 852 556 881 litatem pertraherem; eſſet enim cætui noſtr
526 887 556 914 t
