581 961
173 22 359 50 (0
463 28 498 49 t75
157 71 381 103 Scena Secunda.
79 121 472 155 Edmundus, Iircafius, Capreolus.
75 158 502 190 Edn. Bons es Magiſter Hircaſi. Ao con-
2 179 501 214 fecta eſt veſtis mes? Hirec. Cruas, cras. ſum-
4 213 512 239 mõ manè, antequam ſcholam adibis, co-
5 237 501 264 fectam afferet Cpreolus. Mone me craſti-
5 263 502 288 nà. puer, ſi fortè oblicus fuero. Edm. Sum-
5 288 502 315 mò manè non indigeo. Non enim induam
6 313 503 339 novam hane veſtem, niſi die proxima vene-
5 338 503 363 ris, Natali domin perentis mel. Hie. Incl-
4 363 503 387 dit in proximam dlem veneris natalis dies do-
5 386 502 415 miοi conſulis noſtri oportebit & me hanc
7 412 503 438 diem humilliè, & facundiſſime gratnlari.
7 435 502 465 Mone me eraſtina puer, no in leges hums-
8 462 502 489 uitatis peccem. Copr. Monebo, niſi & ipſus
8 486 502 514 obliviſcar. Hire. Si primum dle veneris Ed-
5 511 502 564 eteete
5 560 501 588 Edm. Imò moneas tamen. Iam ante octi-
5 586 501 612 duum promiſerus, & tamen needum manum
6 611 500 637 admoviſti. Certe ſi die veneris ſumm mn-
6 636 502 664 nè e integro confectam non attuleris, ur-
6 661 502 689 gebo D. parentem oonſulem, ut te turri ei-
6 685 502 711 viea per tridunm includat, ſolò pane, & aqus
6 709 501 735 reficiendum. Copr. Vel per triduum inbeat
5 735 509 762 equitare. Edm. Equitare Hire. à propos
6 760 501 786 edie, ap nlhil ex domino conſule parente tuo
5 785 501 811 eudiiſti de conſilio quodam toti urbi ſeluber-
5 810 501 836 rimo, à cive bonl pnblici ſudioſiſſimo ingo-
5 834 501 861 niosè excogitato Edm. De exſtruendo for-
5 858 501 891 ſon aſinot Hire. De hoc ipſiſſimo. Ed. Au-
463 886 500 910 dii
