583 960
2 1 46 19 p
177 19 357 53 to
458 25 496 45 177
1 48 496 80 nſtero Cartuſenſ ad aras ſervii. Nunquid
1 77 498 105 ]Edmunde hane ipiam nuper excuſationem
1 103 496 128 Magiſro attuli? Edm. Aatam audi. Hire.
1 127 496 156 Et hane nunquid approbavit Magiſter Edm.
1 152 498 181 Hoc audii, quòd ex te quæſierit, quis fuerit
1 179 498 209 ille Sacerdos, & quale, & vbi hoe ſacellum
1 203 499 233 domeſticum. Quid reſponderis, non attendi
1 229 500 253 Hæc enim ad me nihil. Domum nune redeo,
1 253 499 279 fnito fors ſenatn domum redlerit pater, quid
1 278 499 305 de tuo ſtatutum conſillo, explorabo. Hirc.
1 302 500 329 ]rge, quantum potes, urge teloſiſſimi civis
1 327 501 353 ſtudium indefeſſum. Edm. Irgebo, ne du-
1 352 501 379 bita. Etiam tu non turrim, ſed eouum con-
8 378 500 403 ſcendes, ſi veſtem πeam ad prſtitutam diem
10 402 500 428 non ceonfeceris. Hire. Aecepto eonditlonem.
11 426 500 454 Capr. Riſum certè tenere non poſſem, ſi te
1 452 240 483 equitem ſpectarem.
174 498 373 531 Scena Quarta.
1 531 458 581 Hircaſius, Luridaſtrus, Capreolus.
73 582 502 608 Hire. Sed edhue aliquid fli. Quis Iiber
8 595 502 633 Iſte, quem in templo legere ſoles? cart. car-
8 631 552 655 tuſchiut. Num tractat fortè de miſcendis chnr-
8 655 502 682 ]tis Lur. Minimè gentium, patet. Liber
8 676 503 707 hic ſanctus eſt. Hirc. Liber ſanctus, qυi
8 705 502 730 docet artem luſoriam? Lut. Neſcis, pater,
7 730 502 754 me Carthoſiani ordinis eandidatum eſſe &
7 754 503 780 hinc ſancti Cartucii, & ſociorum vitam ſum-
7 778 502 809 m ſtudiõ perlego, ut præclara illorum ex-
7 804 503 832 empls, & ficta illuſtria imitari diſcam. An
6 828 503 859 malè hoc factum Hire. Imò optime, fili ml,
5 854 503 901 0ptime. O quà egregie diluis ealumnias,
458 883 518 905 qun
