610 962
231 19 413 45 (0 .
96 22 133 45 17
92 52 545 78 quus in te ſparſit invidi. Omnem iam ſnſpi-
91 77 544 101 ionet ſiniſtram depoo, & Boam de te
92 102 545 128 eſtimationem eoneipio. Lut. An ſiniſtram
91 127 544 153 de ne opinionem oncper pater potniſtiI
90 143 607 177 Hire. Non, nunquam concepi, etſi à multis I
62 178 544 202 tentatus.- t autem videas pnpule τi,
90 201 607 228 ehariſſime fii, domine Carthuſie cnndidate,
89 227 606 256 ut videns, qnenti æſtimem probitatem tuam, ſ
89 251 607 282 ece argenteas fimbrias, ouæ mupet in domo p
89 276 607 302 noſtra remnnſerunt ſupetuæ. Capr. E e- ε
89 302 607 328 ſtibus netpe Domini. Hire. ſile tn puer, ſ
89 326 607 352 t Iabors. Statim poteris his uti, iam ità t
89 350 607 376 aptavi. L. Liberalis es nimium. Cpr. E
89 376 607 402 lieno. Lu. Patere, exoſculer piternam mu- e
89 400 607 426 num. Hic. Hoc fruſtulum ſerviet pro cin-
89 426 607 452 gendo pileo. Hoe pro genibus. Lur. Iterum t
88 451 607 477 eoſculor paternam manum. Hàs tamen or- Iο
51 475 607 501 natetis olim hodie ſuperbus incedere. Ser-
88 499 607 526 vabo pro ſolennire die feſta. Capr. Vel e
87 524 607 552 donec dignus ſis ſodalitetis præſectus. Hirc. r
87 549 607 577 Hàe certè præſectura digoior eſſes aliis om- ti
87 574 606 601 nibus ſodulibus. Lu. Certè etiam illam aſ- 2
68 598 607 632 ſecutus forem, niſi tantum ſyntaxiſta forem. q
86 623 607 651 Cæterdm ambitioſus non ſum. Hire Benè t
86 648 607 676 facis. Humilitas virtus eſt Religioio, & or- e
87 673 607 706 dini tam ſevero, quem ambis, maxiè ne-
86 697 607 726 ceſſatla, Ad prandium, ad prandium, ſu
87 723 607 757 iuam parata eſt oſſa. Capr. Etiam ego ſum pa- q
86 747 537 773 ratus. Hire. Pris temen Capreole ad can-
87 773 536 797 ponam. Id affetas menſuram ereviſiæ pro
87 796 577 827 me & flio. Capr. Et pro me? Hire. pro to
88 828 158 847 quan,
455 845 603 873 Actus
100 886 242 905 Iτmo Scenam.
