603 960
75 18 388 46 1o G0) E.
192 53 406 86 Scena Secunda.
72 91 361 128 Bert. Liph. Hirc. Capr.
69 126 525 156 Ca Magiſter hircaſi, tu rerom peritus es,
72 155 600 181 uanti æſtimas has merces Hire. Quis has
72 180 600 207 bi fmbrias Brei puer hie venales mini pro- S
72 205 600 234 ponit. Hire. Et à quo to has Lipb. A p- e
73 229 600 259 tre τe0, quem noſti, Liphippio. Hire. Et p
73 255 600 281 qu0 pater tuus accepit Lipb. Id equidem n
74 280 600 310 gooro, has ſolum juſſit me pater per urbem
73 304 600 331 ecumferre, & emptores inquirere. Plura I1
71 330 600 355 ee velim, nec nuſim interrogare à patre. Htc.
72 355 600 381 preole, inſpie hæc, quid cenſes Capr. I
72 380 600 405 Puto, quòd. Hire. Et quanti vendere hæo o
72 404 600 430 puſſit paer tuus Lipb. Iuſſit me petere fo- ſ
72 430 600 456 enos uos. Pro uno tamen poſſum emptu- h
72 454 600 489 ro cedere. Hie. Bene. Emum ego. Capreo- p
73 479 600 511 le; non habes, quem τihl interea mutum i
73 504 600 531 des forenum Cap. Per amorem DeiI uode
74 529 600 562 go forenum I quoad vivo, nunquam ultra q
74 554 600 581 uos erucigeros In mels loculis numera vi. u
73 578 600 606 Hire. Hie tu Liphippule, mecum in domum I
72 604 600 631 eam. Exſolvam petitum pretium. Bert. Pro- ſt
73 628 600 656 teſtor. Prior ego tempore, prlor jure oblata ſ
72 653 599 681 am. En florenum præſentem puet. Hirc. ſe
73 678 600 706 Quin mihi cede. Addum floreno decem eru-
72 703 600 732 igeros. Bert. Addam ego viginti. Hire. Ego
72 728 600 756 triginta. Bert. En thaleruma imperialem lnte- e
73 752 600 782 grum prſentem. Lipb. Et tu aureum huo-
73 778 600 817 gricum Bert. Quomodo aureum dabit, qui p
73 803 524 828 tota in omo ſua florenum vix invenit.---
71 827 600 857 Mihi cede. Lipb. hbe. Surrei hodie bo-I
71 851 501 886 s aNibus. Quum getus puarentl veninml
423 879 600 908 Sceu
