581 961
188 23 513 58 A 0 & n
181 58 385 89 Scena Tertia.
10 96 189 136 Hirt. Cr.
63 130 505 160 Hie. Impeτialom integtum ſtati Bereees
1 154 506 185 ] us improbiſſimum puerum, ſi petrt clam
1 182 505 211 e ſubduxit; ſtolidiſſium potrem, ſi tot p
1 204 505 236 unlas tredat puero. Cape. Digni nunquid
1 231 511 261 pater & flius, qui equient? Hire. Digniſſi-
1 255 504 286 ti omnino. Sed num conſtat tibi, Capreole,
1 283 504 310 quæ me cauſa Iimpulerit, has merees ut eme-
1 306 503 335 rem? Capr. Nempe uc majore iterum pretio
8 331 508 361 divendas. Hire. Non ſola lucri caoſs, ſed
7 354 506 385 uliud me impulit. Num bene tuis tooſideraſ
7 380 504 409 oculis oblatas à Liphippulo merces Copr Con-
9 406 561 434 ſieravi, & quod iam prius voleba dieere,
10 431 504 460 has ipſas putabam eſſe fimborios, quas anto
10 454 504 489 ]prandium Luridaſtro donavetas. Hire. Hoe
10 476 506 511 Ipſum τihi perſuaſiſſimum putobam. Sed uu-
9 502 503 536 de ſſta in mauus Liphippuli ? Copr. Dixit ud-
8 526 504 559 que à manu parentis ſui Liphippi. Hire. Sed
7 552 504 583 unde in manus Lphippiit Capr. fors Lurdo-
7 579 505 608 ſtrus Liphiippio vendends attulerit, qui læpo
8 603 506 631 ſtudicſorum mos fert. Here. De oτni al
8 628 505 658 ſudioſo non dubitarem, ſed de filio met poſ-
7 650 501 681 ſem hoc uon creere, imo nec auſim Ioſpcari.
5 679 505 708 apr. Si de alio ſtudioſo hoe crederes, cur noτ
4 701 506 732 de filio tuo Hire. Quia hic ſelus probus
6 728 506 757 eſt ex omnibus ſtudioſis. . . Sed age, parnum
7 753 505 784 aanc defetas in domum noſtram. Ego Liphip-
5 778 503 810 ium adeo, ut certiora eplurem.----2
6 801 520 836 I avidus udium, quid tndem rei ſubſit.
6 827 506 858 At forte Liphippius non ſncere fatebitur. At
6 852 556 882 el Ipſus Lutieſtrus. Hune prius evere
423 876 504 897 e
294 877 344 899 M a
6 882 161 913 C Io,
