588 952
140 11 362 48 0)
467 17 502 37 199
7 45 502 79 gio tuo filio exclaſus eſt eam omοibus ſuis
8 74 504 102 ſociis, & à gymnaſiareha ſeholis penitus eie-
7 99 504 127 ctus. Hire. Etiam excluſus? Capr. Ne qui-
1 124 505 151 ] dem ad gymnuſiarebæ alloquium amplius ad-
1 148 505 176 miſſus, cum ſociis ſuis è gymnaſio ereſſe ju-
1 173 507 202 betur, ſchedà publiè ad gymnaſii ianuam aſ-
1 198 548 227 i fxs. Ità nuoe τihi eius ſocius Tabaccalus
2 223 508 252 pariter excluſus, qui omnes in filium tuum
1 248 508 278 ι ſeductorem peſſimum evomuit las. Hire.
1 275 296 302 O maledictum pnerum
175 322 382 360 Scena Septima.
9 366 512 406 Accedit Edmundus, Conſulis fſlius. Ap-
105 400 215 428 paritores.
80 430 513 461 Edm. Hircaſi, legit & parens meus, quod
1 457 513 492 ] obtuleras, conſilium, & totum approbsvit
2 482 514 512 quàm maximè. Hine ſtatim hodie vult exe-
2 506 514 536 l cucioni mandatum. Age Apparitot, quæ tul
3 532 515 564 ſunt muneris. Hire. Ah ſolve me, obſecro,
1 556 516 610 Eaτ
1 606 517 634 te jubeot Imoponere At quis auſus eſt an-
60 632 517 659 thoritatem meam præevenire, & te equitem
61 657 518 683 crenre? Hirc. Ergo & vos ſic meum agitis?
61 681 518 709 n ſemper & ubique ſartores habentur ludi?
10 705 519 735 Edm. Non tanquam ſartorem, ſed patrem fi-
9 730 518 758 lio nimis conniventem te punire jubet pater.
8 755 520 785 ] Bert. Et nunquid hoc ipſum domino conſull
9 782 520 809 I conſilium obtuleras Edmn. Iam & alteta con-
9 803 519 833 ]ſilii eius pars debet adimpleri. Eja viri Deil
7 827 520 859 perficite juſſum opus, & natum putri adjungit-
259 870 318 904 N 3
384 868 572 904 Scena.
