686 1305
581 52 605 72 05
142 90 554 126 ACTVS rRIMV0.
348 93 433 109 55
492 88 543 111 15
98 153 596 192 VVſthaanes Dathyn ad conſtantiam in
126 187 559 223 fide hortatur, ſimuĺ Saporis odium
210 220 480 256 in (hriſtianos exponit.
154 265 534 292 VSTHAÆANES. DATHYS.
127 299 587 328 Vid huc relicto Principe errantem gradum
155 321 586 353 Diveirſus urges, turba dum lacris frequens
122 346 683 384 Opetata Procerum Solis aditantem focis
132 369 603 399 Ambire Domuini geſtit? D. Iloc ipſum eſt,
71 391 604 444 a
92 438 591 468 Cauſa huc ſubegit. V. Fateor idem animus, procul
90 461 483 490 Fugere execrauda ſara; nec coram pati
89 486 497 513 ,,Ritus profanos. Quippe nec viſu tenus
56 508 541 538 10,,Polluere Chriſti in jura tranſcriptum caput
90 532 506 560 res tſe didici Quod tuâ dignum eſt fide,
63 555 449 584 Et cut favemas numiuis cultu, ſapis.
62 575 475 604 I, ſequere porro. Perge melioris tenax
87 602 521 631 Dum vivis, animii. Perſtet ambobus precor,
55 625 469 654 55 Acer ſut ue ſinilis, & numquam malis
87 648 533 675 vVictu, fatiſcat. D. Si quod in nobis ſitum eſt
86 671 440 696 Spcndere ceto liceat æte rnu ſbi
84 692 543 721 Conſtabit. V. Hac nos mente enieutem decet
87 719 572 744 Quamuamn opperiri turbinem, & coutia gradum
53 742 532 766 O Firmare, trepidat pectus. atque horret tamen
83 764 491 791 Quo ſe minax procella, & mpulſus dabit
82 788 463 811 Iræ æſtuantis fervor. Haud facili reor,
82 810 470 837 Medicve iantus ſcelere fungetur furor.
81 834 551 861 Magnum aliquid in nus ſævus atque odio favens
6 857 518 885 Molitur: huuc vos fallite Sueri? metum.
82 881 464 907 Nec me illa dubium cura oritatim mei
80 904 484 931 Sollicitat: hret uoſter in ſolido llarus:
78 928 510 952 Si fas loqui eſt, fretuſq́ue nil cœlo pavet.
1 947 539 977 5 Causâ timendum eil pul licâ. I Chriſti genu!
7 974 506 998 S0 Nomenq́ue ſceptro ac decore regali tumens
76 997 481 1022 Iniiuica vis aſſurgit. Hæc non jam dolis.
80 1012 573 1046 incâ, ut olim, fiade Acfæmenius parat
32 1043 546 1069 Subruere Princeps. ſed alam aggreſſas quatit.
77 1066 440 1095 Hucuſ ue ſols opibus infeſtus, gravi
7 1090 480 1115 .5 reſſi: tributo, capita deſcribens atrox
78 1110 561 1137 In uæque ! retinm. Verin ubr exhanilis ueqnit
78 1136 487 1160 Ecutere firmo ectore hærentem Deum,
77 1159 491 1185 Iama mole apertâ pugnat, eanlet, ſretit.
538 1178 578 1198 e
