661 1289
1 43 525 74 20 DIONYSII PETAVII
120 96 646 135 Vſtha anes errorem ſuum agnoſcit, quenI
176 129 567 162 Sapor fruſtr à ſantore mente
271 167 474 186 Vocare contur,
155 207 555 231 VSTHAANES. SAPOR.
204 232 638 257 V. Placidas commodes paulum precor.
63 255 640 287 50 Aures loquenti. SA. Quàm voles faciles dabo.
121 278 561 305 ,,V. Si ſana ſemper capere mortales queant
120 302 553 327 ,Conſilia. Princeps. nullus errori locus:
120 325 549 349 ,,Nec pœnitendi cauſſa: nec veterem novâ
119 349 535 373 ,,Mutare mentem tardus incumbat labor.
88 372 534 398 55,, Nunc qualis actos calle prærupto videns
119 396 519 421 ,Auriga currus, hæret, ac dociles ſequi
120 414 658 449 ,,Flectit guadrigas. Tale ſubſidium eſt, retro i
122 442 521 466 ,Malè conttitutis ferre decretis pedem.
76 464 535 491 His ſapere nunc me caſus exemplis docex.
87 489 556 513 60 S. Ambigua mitte verba: quid portes rei
118 512 592 536 Ediſſere agedum. Fronte quid mœſtâ premis?
72 535 521 560 Quid iſte cultus ſquallor inſoliti arguit?
107 557 532 583 V. Quod te minâsfortaſſis auditum juvet.
120 582 553 607 S. Commitre in aures cuncta ſecurus meas.
86 604 553 630 65 V. Fas ſit fateri crimen. S. Ergo ullum tibi
79 622 648 652 Crimen peractû eſt v. Turpe, & horrendâ, & nce
119 650 658 678 ,,Qavis luendum. S. Quis ſuum nullo ſcels !
109 674 642 700 ,, Cogente prodat? V. Quem bene admiſſ pudet.
118 686 649 724 S. Quis ille porro eſt, quâ tuum hoc ſpeat neſas?!
85 721 586 747 5o0 V. Te, magne Princeps, turpibus prudens dolis
118 744 503 768 Ego re fefelli. Quippe non animo tibi,
69 767 513 792 Non obſecutus mente; ſed dextrâ tenus
116 791 460 815 Quos execrabar. Perſico ritu Deos
116 813 500 838 Supplex adivi. Teſtor hunc alium poli
84 837 651 868 55 Ego quem potentem veneror: extortum metn eſt
115 860 579 886 Quodcumque feci. Proinde devotum in caput,
97 883 530 910 Si pœna ſatis eſt ulla, quæ culpæ eſt ſatis,
114 906 552 932 Decerne, Princeps. S. Pena, ſi noxæ piget,
115 928 581 954 Remiſſa ſonti eſt. Nunc te age in melius reſer.
82 952 502 977 t0 Mecumque Divûm ſacra non ſictus cole.
115 975 495 1001 V. Num vera porro liberè effari jubes.
113 992 658 1032 Nec fallere ultrâ?S. Iuheo V. Nec Mithræ jubar;!
112 1021 514 1046 Nec qui reductis veſler in latebris manet
110 1044 503 1068 Æternus ignis, numinis quidquam reor
71 1065 546 1093 s5 Habere. Mutum hoc corpus, & ſenſu caret,
109 1087 536 1116 Infraq́ue ſortem eſt hominis, & vitæ datus
108 1111 538 1133 Vterque in uſus. Hæc ribi ex animo palân
91 1133 500 1155 Non lingua mendax aerit. ac vanâ f?e
106 1153 532 1179 Demulcet aures, Rurſns hunc teor Deum
575 1181 647 1219 s!
