695 1303
126 53 669 83 STHAANES TAGOEDIA. 105
105 82 539 104 Effrænls ardet animus. Hanc mentem exue,
105 103 478 129 Quod facile factu eſt: turis Eoi focos
1 118 562 152 1! Fragrante micâ ſparge. Quid tantum eſt meri
2 149 563 183 5e Fudiſſe laticem? Non ego ut Chriſtum nege,
107 174 482 197 Fiaſq́ue jubeo noſter. Vt ſpecie tenms
106 195 505 221 Vtcumque adores. moris admiſſi tenax;
106 220 466 245 Tuique fimilis mntus, effugium pares
106 242 498 269 Tibi cædis hujus: inde ſecurus domeums
59 264 499 291 55 Ad priſca redeas. Cernis hoſtili in ſolo
106 289 484 314 VVt fæpè cultus advena externos capit?
107 311 517 337 Et fraude juſtâ illudit, ac mortem cavet!
106 335 497 359 Aut nulla ritus culp mentitl aut levis:
51 357 521 383 erfidia quam non ſuadet; at lethi timor,
1 382 477 408 a50 Neceſſitaſq́ue, quam nec exorat poli
106 404 534 431 temnus ille Rector. An Chriſtum times?
106 428 528 451 Dabit ille veniam facilè; ſi veniâ eſt opus,
105 450 547 474 Ant f ille Deus eſt. Quid truci aſpectu ſiles?
107 473 569 499 Quid tu, ſenectus tarda quem efſœtum gravat?
62 497 585 524 a5 Subfiſte trepidat, hæret. Vrgendum acrins,
105 520 622 546 Huc ferrum, & ugues ; ferte fammatas faces.
105 544 518 572 Pergin?? quot artus corpore in toto geris,
103 563 603 593 Obeunda toties pœna. P. Quid demens moro !
105 590 547 618 Ego hunc perire patior ? Ahſatius mori eſt.
1 613 556 641 a0 Quid ſancte titubas ſenior, & mortem times ?
93 637 564 663 Pauliſper oculos comprime. En cœlum patet,
73 660 524 687 revis eſt moræ diſcrimen, æterni decus
14 683 527 711 Inſtat triumphi. Quantulum exhauſto ſeni
104 707 516 734 Quod reſtat ævi? Sed lucro ingenti brevis
62 729 466 756 5 actura vitæ cedit. eEja animum polo
104 755 434 779 Fixus, caducæ lucis aſpectu nega
103 774 522 805 Viſura Chriſtum luminas. Hic qui te dolos
103 798 503 823 Lethi imminentis tardat, expertum levis
104 821 473 850 Etiam jnvabit: Plura quo poſſis pati
11 844 509 876 2â0 ajore palmam decore conſpicuus feres.
104 867 584 893 PR. Hoc fimile monſtri eſt. Alius ex alio labs,
102 892 522 917 Creſcit medendo virus. An Chriſtum pari
97 914 554 944 Furore ſeqneris? PV. Mentis eſt certè furer,
93 938 446 967 Sed ille eœlo miſus, & caſto ſacer
10 949 573 989 2s 5â peore ardet. PR. Sors tibi eſt eadem necis
103 985 475 1011 Obeuada; ſi par crimmuis nexus ligat.
102 1006 572 1034 PV, Ad hæc paratus venio nec mortem abnuo,
51 1030 499 1057 Imo antecedo: junge præeunti gradum.
105 1052 525 1081 Mecumque vitâ fanctus ad ſuperos voni.
1 1071 692 1116 20 ANA. Sequor, ſequor, quemcumque mo in caſu
190 1104 264 1125 trahis;
103 1119 553 1152 ,Nibil moræ uoltra eſt. Hæret in metis eqnus
103 1142 548 1175 ,Plerumqne curſu fractus, aut ſenio graris.
98 1165 541 1201 Sed mox ut icu verberum, aut vocis ſono
529 1155 692 1235 a
379 1192 422 1217 V05
