1000 1743
206 84 756 123 7UVENISVOLUPTARIOUS.
836 84 876 123 293

428 135 474 160 PO
509 135 524 160 L.

118 169 150 207 Dic
174 169 210 207 cito
234 169 286 207 quid
306 169 397 207 afferas,
425 169 481 207 quid
505 169 596 207 offeras,
624 169 664 207 tum
688 169 748 207 aufer
768 169 796 207 te.

373 207 573 234 HIPPOD.

111 243 261 280 Admonitum
294 243 360 280 venio
382 243 535 280 celebrandam
568 243 634 280 nocte
652 243 758 280 proximâ
780 243 795 280 in
820 243 868 280 ſub-

74 275 140 314 urbio
162 275 315 314 remotiſſimo
337 275 440 314 choræam
476 275 575 314 omnium
604 275 787 314 celeberrimam.
839 275 868 314 Vo-

73 314 101 356 bis
122 314 206 356 rhedam
234 314 248 356 in
276 314 339 356 totam
367 314 454 356 noctem
492 314 569 356 maturè
594 314 677 356 offero,
705 314 730 356 ne
758 314 772 356 tu
803 314 870 356 ſeriùs

74 355 78 397 à
112 355 135 397 me
157 355 267 397 requiras.

415 391 461 428 PO
496 391 511 428 L.

111 426 139 463 Ne
160 426 268 463 requiram
296 426 377 463 ſeriùsl
408 426 464 463 quaſi
488 426 530 463 verò
555 426 621 463 herus
649 426 701 463 meus
726 426 764 463 eum
792 426 869 463 volup-

75 457 117 500 tate
138 457 246 500 trahitur,
277 457 333 500 curru
357 457 466 500 indigeat
486 457 514 500 ad
535 457 692 500 currendum;
720 457 794 500 neque
818 457 870 500 illue

84 500 183 537 manibus
203 500 287 537 feratur
310 500 325 537 &
344 500 456 537 pedibus:
483 500 517 537 ſed
532 500 582 537 abi;
609 500 621 537 ſi
640 500 701 537 rhedâ
732 500 785 537 opus
805 500 874 537 fuerit

72 537 98 579 ad
119 537 247 579 vagandum
273 537 353 579 noctu,
382 537 404 579 ad
426 537 440 579 te
459 537 506 579 ibo.

374 574 576 601 HIPPOD.

121 610 166 650 Dum
193 610 243 650 tuus
262 610 346 650 ſaltabit
365 610 446 650 herus,
465 610 503 650 nos
515 610 553 650 unà
580 610 782 650 compotabimus.
809 610 847 650 Heu

77 641 152 689 audis.

432 684 527 711 POL.

124 719 170 755 Quin
201 719 212 755 tu
239 719 304 755 audis
331 719 388 755 quod
419 719 476 755 dieo,
511 719 530 755 &
549 719 610 755 abis?
637 719 744 755 Nemone
775 719 875 755 ſuecedit

78 752 199 792 præterea,
228 752 261 792 qui
283 752 308 792 ad
327 752 466 792 perdendum
491 752 535 792 heri
561 752 597 792 mei
619 752 696 792 eorpus
718 752 733 792 &
747 752 868 792 animam,

78 789 93 829 ſe
115 789 250 829 hortatorem
283 789 408 829 voluptatis
426 789 441 829 &
456 789 617 829 adminiſtrum
643 789 734 829 offerat?
756 789 800 829 nam
822 789 873 829 præ-

80 827 108 866 ter
125 827 146 866 id
174 827 237 866 genus
254 827 362 866 homines
383 827 495 866 neminem
523 827 565 866 hæc
589 827 666 866 recipit
690 827 777 866 domus.
805 827 872 866 Nune

78 864 102 903 ad
122 864 134 903 te
154 864 234 903 redeo,
266 864 397 903 Callodore;
425 864 445 903 &
465 864 509 903 viſo
525 864 573 903 num
600 864 668 903 herus
688 864 832 903 pingendum
856 864 872 903 ſe

79 901 119 942 tibi
147 901 190 942 dare
210 901 286 942 poſſit,
309 901 345 942 aut
369 901 429 942 velit.

382 940 454 967 CAL
489 940 584 967 LOD.

129 973 208 1010 Quidni
229 973 279 1010 velit
300 973 333 1010 aut
354 973 433 1010 poſſit?

432 1012 477 1038 PO
507 1012 526 1038 L.

130 1046 169 1085 Quia
203 1046 287 1085 multùm
314 1046 375 1085 noctu
398 1046 531 1085 ambulavit
558 1046 608 1085 more
631 1046 680 1085 ſuo,
707 1046 726 1085 &
745 1046 814 1085 hodie
837 1046 871 1085 ma-

83 1075 105 1120 nè
123 1075 203 1120 præter
233 1075 306 1120 morem
335 1075 412 1120 ſæpiùs
430 1075 558 1120 evigilavit.
606 1075 727 1120 Videndum
756 1075 833 1120 itaque
847 1075 866 1120 an

86 1117 123 1159 tibi
139 1117 214 1159 adeſſe
231 1117 293 1159 poſſit
318 1117 359 1159 ſine
380 1117 413 1159 ſuo
434 1117 604 1159 ineommodo.

379 1158 379 1187 C
410 1158 413 1187 A
452 1158 581 1187 LLOD.

130 1191 196 1227 Ocyùs
222 1191 266 1227 vide
288 1191 372 1227 quæſo,
401 1191 420 1227 &
438 1191 563 1227 renuneia.

427 1230 469 1255 PO
504 1230 519 1255 L.

127 1262 222 1302 Videbo,
251 1262 270 1302 &
292 1262 354 1302 ocyùs
372 1262 530 1302 renunciabo;
555 1262 574 1302 at
596 1262 636 1302 ipſe
654 1262 683 1302 ſui
698 1262 797 1302 nuneius
808 1262 878 1302 adve-

88 1291 117 1339 nit
146 1291 295 1339 Philedonus,
329 1291 341 1339 &
362 1291 379 1339 ſe
399 1291 437 1339 tibi
462 1291 603 1339 pingendum
636 1291 740 1339 exhibet:

383 1338 387 1367 C
419 1338 529 1367 ALLO
565 1338 585 1367 D.

136 1370 178 1409 Cum
198 1370 273 1409 libro?
298 1370 315 1409 an
344 1370 369 1409 ſic
394 1370 528 1409 pingendus
548 1370 586 1409 eſt?

439 1411 484 1435 PO
518 1411 532 1435 L.

121 1442 165 1482 Non
194 1442 293 1482 librum,
319 1442 352 1482 ſed
370 1442 483 1482 ſpeculum
505 1442 520 1482 in
549 1442 590 1482 ejus
619 1442 699 1482 manum
725 1442 824 1482 ingeres.
850 1442 883 1482 Sic

91 1465 154 1519 ſolet;
185 1465 208 1519 ſie
230 1465 302 1519 decet:
329 1465 351 1519 ſie
369 1465 427 1519 illum
467 1465 530 1519 inges
544 1465 544 1519 .

631 1555 671 1587 T3

951 1698 988 1718 i

952 1718 952 1740 t
