1000 1743
248 74 806 125 PHILEDONUS.
111 96 199 125 294
243 181 750 234 SCEN A II.
115 233 986 284 PHILEDONUS, CALLODORUS,
311 272 728 305 POLYDROMUS.
451 322 592 347 PHIIL.
102 346 985 404 THEATRUM ingreditur librum manu tenens, toto
123 394 985 445 oris habbitu animi anxietatem præferens, ac ſtatim quaſi
114 434 431 477 abiturus retrogreditur.
404 472 578 499 POL.
119 506 986 558 Quò te tam citò refers, here? Pictorem illic non vides,
115 543 518 579 quem heri per me advocaſti?
452 582 591 612 PHIL.
126 613 791 654 A me vel per te adocatum non memineram.
402 655 624 681 CALLOD.
151 690 983 731 Heri adeſſe tibi non potui, quod totus eſſem in abſol-
115 726 983 770 vendâ imagine nobilis fœminæ, quæ opus vehementer
100 763 982 809 urgebat. Sed dum illi darem operam, tibi quoque, ut opi-
111 799 978 838 nor, dabam. Nam illa imago ad te, credo, mittenda ho-
112 834 982 882 die eſt. Nunc tibi mea præſto eſt manus, & induſtria. Illic
59 871 871 909 ſede, & mihi te talem exhibe, qualem te pingi velis.
159 908 871 946 PHIL. ſedet in cathedrâ quam affert ſervus, pictor
261 943 768 983 quoque in conſpectu Philedoni aſſidet.
149 981 981 1025 Pingi equidem volueram, & imaginem ſibi meam po-
112 1017 980 1055 poſcerat fœmina quædam nobilis, quæ me in choræâ noc-
109 1053 981 1101 turnâ ſaltantem nuper viderat; ſed vereor ut ſim hodie
108 1091 318 1126 pingi idoneus.
386 1127 624 1164 CALLOD.
142 1160 980 1208 Idoneus es maximè, ſi otium eſt... caput ad dignita-
109 1200 259 1234 tem erige.
270 1235 761 1271 PHIL. Anxius, & vultu inquieto.
116 1270 843 1311 Mihi propter vigiliam matutinam concidit facies.
404 1308 624 1339 CALLOD.
141 1335 979 1388 Imo ſtat ſolida, & ſucci plena... vultum ad hilarita-
108 1386 313 1414 tem compone.
439 1416 579 1443 PHIL.
112 1447 632 1487 Emarcuit, credo, genarum color.
400 1488 619 1516 CALLOD.
70 1522 789 1563 Colore ſuo nitent genæ. In me oculos intende.
