1000 1743
319 74 729 125 AILEDONUS.

117 96 158 125 294

150 127 150 170 X
211 127 368 170 RXXX
403 127 432 170 YX
496 127 912 170 XXX2XXXX

316 181 400 234 SC
466 181 549 234 EN
609 181 615 234 A
705 181 753 234 II.

135 233 512 284 PHILEDONUS,
548 233 925 284 CALLODORUS,

328 272 632 305 POLYDROM
675 272 728 305 US.

461 322 570 347 PHIIL

177 346 389 404 HEETRUM
412 346 540 404 ingreditur
564 346 640 404 librum
672 346 723 404 manu
747 346 835 404 ienens,
875 346 915 404 ioto

183 394 221 445 oris
240 394 309 445 bbitu
332 394 401 445 animi
416 394 550 445 anxietatem
572 394 706 445 præferens,
729 394 748 445 ac
767 394 836 445 ſtatim
863 394 916 445 quaſi

117 434 220 477 ahiturus
244 434 423 477 rerrogreditur.

483 472 575 499 POLL

167 506 207 558 Quò
231 506 243 558 te
263 506 299 558 tam
327 506 359 558 eitò
383 506 463 558 refers,
487 506 551 558 here?
587 506 687 558 Pictorem
715 506 759 558 illie
775 506 815 558 non
843 506 919 558 vides,

120 543 183 579 quem
208 543 256 579 heri
274 543 311 579 per
340 543 362 579 me
381 543 512 579 advocaſti?

463 582 585 612 PHIL.

156 613 159 654 A
196 613 219 654 me
246 613 272 654 vel
292 613 329 654 per
349 613 366 654 te
382 613 519 654 adocatum
548 613 585 654 non
622 613 781 654 memineram.

417 655 417 681 C
445 655 621 681 ALLOD.

158 690 210 731 Heri
230 690 302 731 adeſſe
322 690 358 731 tibi
382 690 418 731 non
445 690 529 731 potui,
557 690 617 731 quod
637 690 697 731 totus
720 690 776 731 eſſem
804 690 816 731 in
844 690 912 731 abſo-

124 726 194 770 vendâ
220 726 326 770 imagine
352 726 436 770 nobilis
465 726 579 770 fœminæ,
608 726 652 770 quæ
685 726 740 770 opus
770 726 916 770 vehementer

116 763 223 809 urgebat.
252 763 289 809 Sed
314 763 355 809 dum
380 763 413 809 illi
432 763 498 809 darem
523 763 626 809 operam,
655 763 813 809 tibiquoque,
831 763 853 809 ut
871 763 912 809 opi.

114 799 168 838 nor,
201 799 284 838 dabam.
311 799 361 838 Nam
387 799 420 838 illa
440 799 517 838 imago
537 799 560 838 ad
580 799 607 838 te,
640 799 716 838 credo,
753 799 853 838 mittenda
873 799 909 838 ho-

122 834 149 882 die
168 834 202 882 eſt.
229 834 294 882 Nune
313 834 351 882 tibi
378 834 413 882 mea
432 834 512 882 præſto
535 834 558 882 eſt
585 834 665 882 manus,
692 834 707 882 &
714 834 837 882 inluſtria.
867 834 913 882 Illie

119 871 181 909 ſede,
211 871 227 909 &
257 871 303 909 mihi
322 871 342 909 te
361 871 422 909 talem
449 871 545 909 exhibe,
576 871 652 909 qualem
683 871 698 909 te
717 871 783 909 pingi
806 871 867 909 veſis.

172 908 256 946 PHIL.
285 908 340 946 ſedet
358 908 369 946 in
395 908 497 946 ctbedrd
534 908 574 946 uam
614 908 665 946 ffert
684 908 709 946 ſer
728 908 771 946 vus,
797 908 863 946 pictor

267 943 344 983 quoque
363 943 375 983 in
405 943 509 983 conſpectu
539 943 654 983 Philedoni
669 943 757 983 oſiidet.

163 981 220 1025 Pingi
243 981 347 1025 equidem
377 981 511 1025 volueram,
538 981 557 1025 &
576 981 698 1025 imaginem
725 981 763 1025 ſibi
790 981 847 1025 meam
878 981 912 1025 po-

118 1017 220 1055 poſcerat
242 1017 334 1055 fœmina
352 1017 451 1055 quædam
473 1017 576 1055 nobilis,
605 1017 649 1055 quæ
675 1017 701 1055 me
719 1017 730 1055 in
763 1017 847 1055 choræâ
866 1017 913 1055 noe-

115 1053 181 1101 turnâ
203 1053 320 1101 ſaltantem
346 1053 415 1101 nuper
445 1053 544 1101 viderat;
573 1053 606 1101 ſed
635 1053 712 1101 vereor
738 1053 756 1101 ut
782 1053 811 1101 ſim
844 1053 914 1101 hodie

115 1091 183 1126 pingi
203 1091 315 1126 idoneus.

413 1127 489 1164 CAL
525 1127 565 1164 LO
597 1127 621 1164 D.

149 1160 249 1208 Idoneus
269 1160 285 1208 es
309 1160 413 1208 maximè,
441 1160 453 1208 ſi
477 1160 541 1208 otium
573 1160 649 1208 eſt..,
677 1160 737 1208 eaput
761 1160 789 1208 ad
821 1160 913 1208 dignita-

115 1200 149 1234 tem
183 1200 251 1234 erige.

277 1235 363 1271 PHIL.
393 1235 497 1271 Anxius,
527 1235 547 1271 &
567 1235 620 1271 vultu
647 1235 756 1271 inquieio.

151 1270 213 1311 Mihi
231 1270 327 1311 propter
352 1270 444 1311 vigiliam
484 1270 609 1311 matutinam
642 1270 741 1311 eoncidit
759 1270 840 1311 facies.

415 1308 419 1339 C
447 1308 490 1339 AL
526 1308 565 1339 LO
597 1308 617 1339 D.

150 1335 198 1388 Imo
215 1335 254 1388 ſtat
276 1335 354 1388 ſolida,
384 1335 397 1388 &
423 1335 479 1388 ſucei
505 1335 587 1388 plena.
626 1335 626 1388 .
652 1335 739 1388 vultum
765 1335 791 1388 ad
812 1335 907 1388 hilarita-

112 1386 148 1414 tem
178 1386 309 1414 compone.

450 1416 572 1443 PIIIL.

151 1447 284 1487 Emareuit,
316 1447 393 1487 eredo,
424 1447 526 1487 genarum
557 1447 627 1487 eolor.

414 1488 612 1516 CALOD.

145 1522 219 1563 Colore
241 1522 277 1563 ſuo
292 1522 365 1563 nitent
391 1522 453 1563 genæ.
486 1522 497 1563 In
538 1522 560 1563 me
582 1522 655 1563 oculos
673 1522 784 1563 intende.

12 1695 12 1741 l
66 1695 66 1741 E
228 1695 255 1741 LC
