1000 1743
116 61 240 98 296
280 62 751 121 PHILEDONU S,
436 124 621 162 POLYD.
159 148 581 191 Ride igitur, ſi ſum ridiculus.
458 204 599 234 PHIL.
129 226 296 263 He, he!
446 273 630 318 POLYD.
161 300 956 353 Fruſtra riſum ſimulas: mœrorem celat iſte riſus, &
114 338 956 395 celando prodit; ac mihi propè lacrymas elicit. Philed. ſo-
122 372 956 434 licitudinem præ ſe fert. Etiam aliud agis .. animus tuus
122 413 628 464 peregè eſt, & neſcio quò vagatur.
400 466 623 508 PHIIL.
155 491 882 539 Eraſtus quomodo valet hodie? tune ad illum iviſti?
434 550 620 581 POLYD.
152 573 639 628 Nondum, ſed de illo quietus eſto.
453 632 593 661 PHIL.
150 651 921 706 Piget me ab octo diebus, ex quo decubuit juvenis mi-
116 690 956 743 ſer, ad illum iviſſe tantùm ſemel. Oportet illum adeam.
398 740 611 779 POLYD.
148 774 956 832 Quid tu hominem adeas, qui te non agnoſcet; qui ſe
111 808 331 849 ipſe non novit.
449 848 606 897 PHIL.
112 882 956 940 Illa me cauſa, fateor, retardavit quominùs ad ipſum
101 918 956 969 irem ſæpiùs. Nam amicum & ſodalem poſtquam vidi tam
104 954 956 1004 alienatum mente, tam impotentem ſui, illum adire timui,
109 992 916 1037 cujus conſpectum non poſſem his ſuſtinere oculis. Et ta-
107 1029 847 1077 men habet ſe peſſimè, & morbus ingraveſcit in dies.
421 1084 604 1113 POLYD.
97 1106 912 1163 Quomodo ſe habeat ſcio. Tu me ad illum mittis quoti-
41 1143 910 1192 die; & quotidie inquiro. Ægrorat ille quidem, & inſanis-
95 1179 956 1230 ſimè delirat; ſed iſta inſania, iſtud delirium morbus eſt
102 1217 956 1273 ſolemnis juvenum; mox reſidet iſte fervor ſanguinis; &
101 1249 640 1297 Eraſtum videbis ſibi redditum & tibi.
432 1309 571 1339 PHIL.
134 1334 690 1386 Utinam quidem! utinam! ſed... ha!
349 1389 596 1422 POLYD.
134 1416 884 1473 Sed vide tu ne mœrore quoque inſanias. Nam....
