1000 1743
335 62 689 121 PHILEDONU
725 62 745 121 S,

130 61 169 98 296

447 124 613 162 POLID.

167 148 217 191 Ride
238 148 325 191 igitur,
350 148 362 191 ſi
383 148 420 191 ſum
449 148 574 191 ridiculus.

469 204 591 234 PHIL.

168 226 210 263 He,
238 226 275 263 he:

458 273 622 318 POLYD.

172 300 252 368 Fruſtra
284 300 344 368 riſum
376 300 484 368 ſimulas:
524 300 635 368 mœrorem
671 300 723 368 celat
747 300 783 368 iſte
811 300 875 368 riſus,
911 300 927 368 &

130 338 222 395 celando
244 338 336 395 prodit;
361 338 380 395 ae
409 338 457 395 mihi
479 338 545 395 propè
563 338 673 395 lacrymas
695 338 757 395 elicit.
805 338 882 395 Piiled.
900 338 929 395 ſo-

128 372 262 441 licitudinem
289 372 331 441 præ
350 372 361 441 ſe
384 372 434 441 fert.
480 372 537 441 Etiam
568 372 625 441 aliud
648 372 698 441 agis
717 372 736 441 ·
755 372 847 441 animus
877 372 923 441 tuus

129 413 221 464 peregè
249 413 285 464 eſt,
313 413 329 464 &
353 413 424 464 neſcio
452 413 488 464 quò
520 413 624 464 vagatur.

465 466 586 508 PHIIL.

165 491 250 539 Eraſtus
269 491 391 539 quomodo
414 491 468 539 valet
491 491 575 539 hodie?
602 491 652 539 tune
671 491 698 539 ad
717 491 775 539 illum
798 491 874 539 iviſti?

444 550 612 581 POILID.

160 573 288 628 Nondum,
316 573 352 628 ſed
376 573 392 628 de
412 573 448 628 illo
468 573 560 628 quietus
580 573 636 628 eſto.

463 632 585 661 PHIL.

163 651 218 706 Piget
247 651 269 706 me
287 651 306 706 ah
335 651 383 706 octo
408 651 496 706 diebus,
529 651 547 706 ex
577 651 617 706 quo
639 651 745 706 decubuit
767 651 859 706 juvenis
885 651 918 706 mi-

121 690 162 759 ſer,
187 690 213 759 ad
231 690 290 759 illum
316 690 378 759 iviſſe
400 690 480 759 tantùm
510 690 587 759 ſemel.
634 690 722 759 Oportet
740 690 799 759 illum
825 690 916 759 adeam-

437 740 603 779 POILYD.

165 766 217 837 Quid
237 766 253 837 tu
277 766 393 837 hominem
417 766 497 837 adeas,
525 766 561 837 qui
585 766 601 837 te
625 766 665 837 non
689 766 813 837 agnoicet;
841 766 877 837 qui
905 766 917 837 ſe

117 808 161 849 ipſe
179 808 216 849 non
241 808 326 849 novit.

462 848 586 897 PHIL.

153 882 184 941 Illa
218 882 241 941 me
268 882 341 941 cauſa,
371 882 456 941 fateor,
490 882 613 941 retardavit
640 882 766 941 quominùs
789 882 816 941 ad
839 882 908 941 ipſum

111 918 161 981 irem
188 918 272 981 ſæpiùs.
299 918 349 981 Nam
376 918 471 981 amicum
506 918 521 981 &
540 918 636 981 ſodalem
663 918 778 981 poſtquam
808 918 851 981 vidi
866 918 900 981 tam

111 954 231 1017 alienatum
267 954 350 1017 mente,
377 954 410 1017 tam
437 954 590 1017 impotentem
613 954 653 1017 ſui,
673 954 733 1017 illum
749 954 813 1017 adire
826 954 909 1017 timui,

117 992 176 1037 cujus
197 992 337 1037 conſpectum
365 992 403 1037 non
431 992 508 1037 poſſem
539 992 570 1037 his
588 992 696 1037 ſuſtinere
724 992 800 1037 oculis.
849 992 863 1037 Et
884 992 909 1037 ta-

120 1029 153 1077 men
182 1029 245 1077 habet
263 1029 278 1077 ſe
300 1029 402 1077 peſſimè,
435 1029 450 1077 &
476 1029 564 1077 morbus
582 1029 721 1077 ingraveſcit
740 1029 754 1077 in
787 1029 843 1077 dies.

431 1084 599 1113 POLYD.

161 1106 276 1163 Quomodo
295 1106 310 1163 ſe
333 1106 410 1163 habeat
429 1106 479 1163 ſcio.
521 1106 536 1163 Tu
575 1106 598 1163 me
617 1106 640 1163 ad
659 1106 716 1163 illum
755 1106 816 1163 mittis
835 1106 908 1163 quoti-

113 1143 155 1192 die;
189 1143 205 1192 &
220 1143 323 1192 quotidie
339 1143 442 1192 inquiro.
488 1143 576 1192 Ægrorat
588 1143 622 1192 ille
642 1143 749 1192 quidem,
780 1143 799 1192 &
810 1143 906 1192 inſanis-

113 1179 159 1230 ſimè
182 1179 274 1230 delirat;
300 1179 335 1230 ſed
354 1179 385 1230 iſta
411 1179 511 1230 inſania,
541 1179 599 1230 iſtud
629 1179 725 1230 delirium
771 1179 855 1230 morhus
878 1179 905 1230 eſt

108 1217 219 1278 ſolemnis
235 1217 361 1278 juvenum;
395 1217 438 1278 mox
468 1217 545 1278 reſidet
568 1217 602 1278 iſte
629 1217 705 1278 fervor
725 1217 855 1278 ſanguinis;
885 1217 904 1278 &

115 1249 206 1297 Eraſtum
237 1249 325 1297 videbis
344 1249 378 1297 ſibi
401 1249 515 1297 redditum
549 1249 565 1297 &
584 1249 633 1297 tibi.

442 1309 563 1339 PHIL.

156 1334 233 1386 Utinam
259 1334 367 1386 quidem:
394 1334 497 1386 utinam?
528 1334 624 1386 ſed...
647 1334 666 1386 ha

424 1389 591 1422 POLYD.

143 1416 180 1473 Sed
202 1416 249 1473 vide
271 1416 286 1473 tu
311 1416 333 1473 ne
363 1416 450 1473 mœrore
472 1416 564 1473 quoque
589 1416 696 1473 inſanias.
729 1416 798 1473 Nam.
875 1416 875 1473 -

66 1696 66 1741 E
