1000 1743
331 75 740 125 PHILEDONUS,

131 92 168 122 298

472 132 596 163 PIL.

166 166 227 214 Hune
250 166 308 214 defer
331 166 342 214 in
373 166 496 214 eonclave;
519 166 588 214 legam
618 166 660 214 cum
687 166 768 214 animo
791 166 898 214 libuerit.

478 207 585 233 NCG.

173 234 257 280 Veniam
289 234 357 280 dabis,
401 234 537 280 Philedone,
565 234 625 280 quòd
645 234 813 280 imprudenter
841 234 921 280 librum

134 277 204 315 minùs
222 277 330 315 idoneum
354 277 382 315 ad
403 277 417 315 te
448 277 553 315 miſerim.

466 316 590 346 PHIL.

170 349 196 391 Do
218 349 320 391 veniam,
353 349 368 391 &
394 349 430 391 cum
460 349 533 391 voles,
562 349 617 391 dabo
639 349 779 391 pecuniam.

470 390 577 419 NUG.

165 415 223 461 Nolo
242 415 360 461 quiequam
387 415 391 461 à
414 415 429 461 te
456 415 494 461 dari
517 415 632 461 pecuniæ,
666 415 731 461 donec
761 415 842 461 culpam
868 415 880 461 in
907 415 926 461 te

124 459 238 499 admiſſam
265 459 402 499 redemerim
425 459 540 499 ſubmiſſis
555 459 582 499 ad
605 459 620 499 te
639 459 723 499 lihellis
735 459 826 499 aliquot
849 459 926 499 recen-

128 494 236 535 tioribus,
264 494 320 535 quos
344 494 360 535 ex
392 494 476 535 Bataviâ
504 494 608 535 expecto,
636 494 788 535 lepidiſfimis.
836 494 852 535 Tu
876 494 928 535 illos

122 534 230 563 adimittes
247 534 321 563 ultro?

466 572 592 612 PHIIL.

166 602 309 637 Admittam.

478 647 530 673 NU
566 647 582 673 G.

171 670 242 717 Valere
259 670 288 717 te,
321 670 458 717 Philedone,
487 670 508 717 &
529 670 616 717 delicias
637 670 724 717 noſtras
745 670 832 717 ſemper
845 670 924 717 amare

130 719 252 756 ꝓercupio.

202 762 808 785 XX

141 764 283 810 XX
189 764 189 810 x
283 764 283 810 x
503 764 670 810 XXXX

312 807 395 851 SC
467 807 473 851 E
538 807 633 851 NA
734 807 752 851 V.

265 862 269 897 P
314 862 355 897 HI
395 862 395 897 L
435 862 642 897 EDONU
678 862 682 897 S
718 862 790 897 ſolus.

239 912 343 953 PHIII.
387 912 454 953 menſæ
474 912 566 953 aſſidens
590 912 701 953 meditanti
721 912 809 953 ſimilis.

167 951 174 999 D
196 951 321 999 legendum
346 951 383 999 nos
397 951 533 999 referamus.
558 951 715 999 Argumenrum
745 951 843 999 tertium.
876 951 916 999 Pro-

191 994 241 1031 atur
261 994 278 1031 im
294 994 421 1031 inortalitas
444 994 520 1031 animæ
547 994 567 1031 ex
587 994 630 1031 ipſo
650 994 720 1031 animi
740 994 789 1031 ſenſu
823 994 916 1031 intimo,

131 1029 146 1069 &
169 1029 207 1069 eius
227 1029 364 1069 conſcieniid.
395 1029 437 1069 Hae
460 1029 475 1069 de
494 1029 513 1069 re
532 1029 654 1069 quomodo
677 1029 761 1069 dinſerat
784 1029 849 1069 huius
864 1029 918 1069 libri

120 1065 215 1108 auctor,
242 1065 330 1108 neſcio;
356 1065 391 1108 ſed
418 1065 456 1108 rem
482 1065 544 1108 ipſam
578 1065 612 1108 jam
647 1065 727 1108 ſentio.
773 1065 914 1108 Argumenta

124 1102 168 1142 quæ
190 1102 249 1142 priùs
267 1102 322 1142 legi,
355 1102 384 1142 vel
402 1102 468 1142 petita
490 1102 508 1142 ab
537 1102 654 1142 hominum
684 1102 808 1142 conſenſu,
841 1102 866 1142 vel
888 1102 917 1142 de-

126 1137 181 1179 ducta
214 1137 232 1179 ex
261 1137 415 1179 ratiocinandi
441 1137 561 1179 facultate,
594 1137 638 1179 quæ
664 1137 755 1179 homini
781 1137 847 1179 indita
880 1137 916 1179 eſt,

126 1172 191 1216 valida
210 1172 260 1216 ſunt
279 1172 310 1216 illa
336 1172 443 1216 quidem,
478 1172 497 1216 &
512 1172 714 1216 immortalitatem
741 1172 825 1216 animæ
848 1172 917 1216 validè

121 1210 227 1252 probant.
264 1210 300 1252 Sed
319 1210 359 1252 hoc
381 1210 421 1252 ipſe
447 1210 495 1252 ſatis
520 1210 601 1252 probat
619 1210 715 1252 intiimus
733 1210 806 1252 animi
828 1210 902 1252 ſenſus

125 1247 140 1288 &
158 1247 217 1288 tacita
243 1247 286 1288 ejus
308 1247 455 1288 eonſeientia.
484 1247 539 1288 Illud
565 1247 616 1288 enim
642 1247 792 1288 deſiderium,
817 1247 854 1288 ille
880 1247 916 1288 mo-

120 1283 164 1323 tus.
190 1283 227 1323 ille
245 1283 347 1323 impetus
362 1283 446 1323 animæ
468 1283 545 1323 ſponte
563 1283 596 1323 ſuâ
611 1283 636 1323 ad
666 1283 735 1323 æterna
753 1283 914 1323 aſſurgentis,

114 1318 205 1359 aliquid
232 1318 328 1359 æternum
358 1318 412 1359 eſſe,
442 1318 458 1359 &
477 1318 542 1359 ipſam
580 1318 675 1359 æternam
706 1318 740 1359 eſie
763 1318 866 1359 indicat,
897 1318 912 1359 &

121 1353 227 1394 declarat;
260 1353 333 1394 neque
355 1353 385 1394 illa
418 1353 458 1394 vox
480 1353 564 1394 naturæ
590 1353 637 1394 falſa
670 1353 707 1394 eſſe
732 1353 817 1394 poteſt:
842 1353 915 1394 neque

114 1392 173 1431 illud
199 1392 309 1431 oraculum
338 1392 474 1431 ambiguum
503 1392 536 1431 eſt.
565 1392 624 1431 Hane
649 1392 748 1431 equidem
778 1392 836 1431 volui
858 1392 913 1431 com-

114 1426 213 1468 primere
242 1426 338 1468 vocem,
363 1426 403 1468 hoe
425 1426 528 1468 refellere
553 1426 685 1468 oraculum,
714 1426 821 1468 hortante
839 1426 916 1468 libidi-

112 1456 153 1503 ne,
182 1456 230 1503 quæ
255 1456 372 1503 animam,
409 1456 449 1503 quia
493 1456 566 1503 mortis
599 1456 647 1503 ream
680 1456 750 1503 facit,
782 1456 845 1503 ipſam
878 1456 914 1503 eſſe

122 1497 230 1540 mortalem
262 1497 322 1540 velit.
358 1497 397 1540 Sed
425 1497 517 1540 fruſtrs;
545 1497 617 1540 usque
645 1497 661 1540 ſe
689 1497 840 1540 immortalem
876 1497 912 1540 eſſe

865 1710 891 1735 .
