1000 1743
260 75 803 125 PHILEDONUS,
122 92 175 122 298
459 132 598 163 PHIL.
144 166 902 214 Hunc defer in conclave; legam cum animo libuerit.
471 207 588 233 NUG.
157 238 965 280 Veniam dabis, Philedone, quòd imprudenter librum
123 277 560 315 minùs idoneum ad te miſerim.
455 316 592 346 PHIL.
157 349 782 391 Do veniam, & cum voles, dabo pecuniam.
467 390 632 419 NUG.
159 420 965 461 Nolo quicquam à te dari pecuniæ, donec culpam in te
121 459 965 499 admiſſam redemerim ſubmiſſis ad te libellis aliquot recen-
120 495 965 535 tioribus, quos ex Bataviâ expecto, lepidiſſimis. Tu illos
121 534 329 563 admittes ultro?
402 572 594 612 PHIIL.
105 602 312 637 Admittam.
471 647 600 673 NUG.
113 679 965 713 Valere te, Philedone, & delicias noſtras ſemper amare
123 719 259 756 ꝓercupio.
293 807 779 851 SCENA V.
250 862 792 897 PHILEDONUS ſolus.
228 912 824 953 PHIL. menſæ aſſidens meditanti ſimilis.
125 956 965 999 AD legendum nos referamus. Argumenrum tertium. Pro-
118 994 965 1031 batur immortalitas animæ ex ipſo animi ſenſu intimo,
117 1029 965 1069 & ejus conſcientiâ. Hac de re quomodo diſſerat huius libri
117 1066 965 1108 auctor, neſcio; ſed rem ipſam jam ſentio. Argumenta
86 1102 965 1142 quæ priùs legi, vel petita ab hominum conſenſu, vel de-
117 1137 965 1179 ducta ex ratiocinandi facultate, quæ homini indita eſt,
116 1173 964 1216 valida ſunt illa quidem, & immortalitatem animæ validè
115 1210 965 1252 probant. Sed hoc ipſe ſatis probat intimus animi ſenſus;
65 1247 965 1288 & tacita ejus conſcientia. Illud enim deſiderium, ille mo-
115 1283 965 1321 tus. ille impetus animæ ſponte ſuâ ad æterna aſſurgentis,
73 1318 965 1359 aliquid æternum eſſe, & ipſam æternam eſſe indicat, &
112 1354 965 1394 declarat; neque illa vox naturæ falſa eſſe poteſt: neque
109 1392 965 1431 illud oraculum ambiguum eſt. Hanc equidem volui com-
109 1426 965 1468 primere vocem, hoc refellere oraculum, hortante libidi-
107 1460 965 1503 ne; quæ animam, quia mortis ream facit, ipſam eſſe
107 1497 965 1537 mortalem velit. Sed fruſtra; usque ſe immortalem eſſe
