1000 1743
201 86 403 124 7UVENIS
447 86 764 124 VOLUPTARIUS.
841 86 879 124 299

84 132 188 177 clamavit
204 132 296 177 anima;
323 132 339 177 &
363 132 415 177 huie
443 132 535 177 elamori
559 132 646 177 aſſenſit
662 132 738 177 animi
762 132 878 177 conſcien-

79 173 112 212 tia.
145 173 211 212 Atqui
233 173 302 212 tamen
335 173 357 212 ſie
386 173 441 212 vixi,
478 173 478 212 ò
504 173 591 212 pudorl
621 173 690 212 vultun
730 173 771 212 præ
793 173 877 212 pudore

86 210 178 248 manibus
197 210 285 248 obtegit.
316 210 339 248 Ita
365 210 411 248 egi,
442 210 499 248 quaſi
514 210 587 248 anima
610 210 648 248 eum
675 210 721 248 ipſo
740 210 835 248 corpore
854 210 877 248 eſ-

82 243 110 284 ſet
130 243 270 284 interitura;
306 243 322 284 &
342 243 378 284 hae
410 243 510 284 doctrinâ
542 243 634 284 Eraſtum
666 243 750 284 imbui;
782 243 798 284 &
822 243 882 284 hane

79 284 159 322 animo
181 284 291 322 eombibit
306 284 412 322 incautus
430 284 576 322 adoleſcens;
606 284 624 322 &
635 284 690 322 illam
715 284 814 322 expreilit
836 284 876 322 mo-

83 320 155 358 ribus;
186 320 201 358 &
220 320 270 358 inde
289 320 300 358 in
335 320 453 358 morbum,
484 320 499 358 &
526 320 545 358 ex
583 320 656 358 morbo
682 320 694 358 in
732 320 778 358 vitæ
808 320 877 358 diſeri-

91 357 126 395 men
153 357 248 395 ineidit:
275 357 306 395 hei
333 357 390 395 mihil
417 357 428 395 ſi
444 357 501 395 nune
520 357 601 395 illum,
627 357 646 395 ut
662 357 700 395 ſeſe
719 357 800 395 habet,
826 357 880 395 mors

87 393 216 438 onprimat;
245 393 266 438 de
287 393 325 438 illo
354 393 404 438 quid
429 393 483 438 fiet?
529 393 620 438 Quònam
654 393 695 438 eius
716 393 812 438 anima,
845 393 875 438 illa

83 432 222 466 immortalis
242 432 335 466 anima,
365 432 425 466 quam
458 432 565 466 mortalem
588 432 661 466 potuit
684 432 761 466 mecum
791 432 877 466 dicere,

95 465 201 505 mortalem
234 465 329 505 dicendo
347 465 420 505 facere
442 465 479 505 non
508 465 592 505 potuit.
640 465 731 505 Quònam
764 465 816 505 illa?

87 504 113 540 væ
131 504 226 540 illi..
252 504 274 540 væ
303 504 410 540 mihi...
442 504 516 540 Hæret
538 504 666 540 aliquandiu
702 504 820 540 medituns.

124 551 124 595 n
186 551 867 595 AV......A......

270 606 276 650 S
348 606 348 650 C
413 606 497 650 EN
557 606 563 650 A
664 606 718 650 VI.

100 645 499 701 POLYDROMUS,
534 645 889 701 PHILEDONUS.

445 706 487 738 PO
516 706 537 738 I.

127 746 247 783 Ndormit
265 746 350 783 herus,
379 746 412 783 qui
437 746 459 783 ſic
481 746 543 783 caput
569 746 682 783 inelinat,
711 746 729 783 &
751 746 828 783 cubito
854 746 883 783 in-

145 774 211 820 nixus
233 774 306 820 ſedet?
331 774 379 820 ita.
437 774 540 820 non..
562 774 711 820 fortaſſe...
733 774 887 820 neutiquam.

94 810 158 856 Here,
186 810 305 856 tractatum
329 810 385 856 illum
413 810 597 856 philoſophicum
636 810 652 856 de
676 810 796 856 voluptate
812 810 884 856 animi

95 855 111 900 &
131 855 235 900 corporis
259 855 327 900 detuli
347 855 359 900 in
391 855 507 900 eonlave,
535 855 555 900 ut
575 855 707 900 imperaſti.

418 895 544 921 PHIL.

137 931 217 967 Factum
248 931 324 967 probè.

453 966 494 998 PO
522 966 542 998 IL.

132 1001 224 1039 Aliquid
248 1001 268 1039 ex
288 1001 308 1039 eo
332 1001 428 1039 delibavi
452 1001 524 1039 oculis.
556 1001 620 1039 Mihi
640 1001 692 1039 ſapit
724 1001 824 1039 maximè.
868 1001 888 1039 De

97 1038 214 1079 voluptate
239 1038 289 1079 gulæ
310 1038 489 1079 philoſophatur
514 1038 618 1079 eregiè:
643 1038 664 1079 ac
697 1038 735 1079 me,
772 1038 831 1079 quod
856 1038 889 1079 vix

100 1074 180 1115 eredas,
212 1074 280 1115 prope
308 1074 336 1115 am
372 1074 532 1115 Philoſophum
560 1074 624 1115 fecit.

435 1112 559 1144 PHIL.

143 1149 220 1177 Credo.

449 1184 493 1216 PO
529 1184 545 1216 L.

137 1218 189 1254 Inde
217 1218 241 1254 me
261 1218 277 1254 in
305 1218 393 1254 eulinam
429 1218 529 1254 conjeei,
557 1218 577 1254 ut
593 1218 621 1254 ibi
645 1218 661 1254 de
677 1218 825 1254 philoſophiâ
841 1218 893 1254 iſtâ,

104 1253 144 1292 eum
168 1253 212 1292 ipio
240 1253 320 1292 Culinæ
356 1253 460 1292 magiſtro
488 1253 632 1292 diſputarem.
680 1253 716 1292 Ille
736 1253 776 1292 non
808 1253 896 1292 verbis,

101 1291 136 1328 ſed
155 1291 323 1328 experimentis
346 1291 361 1328 eâ
380 1291 399 1328 de
415 1291 434 1328 re
445 1291 560 1328 agendum
583 1291 617 1328 eſſe
636 1291 812 1328 pronuneiavit.
843 1291 892 1328 Quid

101 1326 113 1362 tu
145 1326 224 1362 eenſes?

434 1365 561 1392 PIIL.

144 1400 221 1426 Rectè.

457 1437 551 1467 POL.

142 1471 230 1512 Iubebo
246 1471 321 1512 itaque
342 1471 363 1512 ut
379 1471 467 1512 aliquid
496 1471 533 1512 cibi
566 1471 704 1512 delicatioris
728 1471 766 1512 tibi
791 1471 899 1512 apparet.

105 1508 146 1542 quo
168 1508 351 1542 experimentum
380 1508 428 1542 fiat.

35 1689 67 1740 iE
