1000 1743
210 80 351 99 YTIT

274 83 762 127 VNISVOLUPTARIUS.
839 83 879 127 30I

684 86 719 104 rII

426 134 554 162 PHIL.

118 164 140 195 Ah

433 207 527 235 POL.

128 237 186 289 Etiam
223 237 298 289 gemis.
348 237 398 289 Quid
427 237 576 289 diſſimulas?
606 237 701 289 loquere
726 237 813 289 apertè.
851 237 876 289 An

89 269 192 312 egrots?

424 317 543 354 PHIL.

120 332 180 375 Non.

437 390 531 418 POI.

127 418 177 467 Quid
196 418 265 467 igitur
287 418 364 467 ceſſas?
383 418 429 467 quin
455 418 475 467 te
494 418 593 467 oblectos
616 418 635 467 de
658 418 727 467 more?
757 418 803 467 quin
833 418 879 467 ean-

82 456 142 501 titas?
170 456 201 501 la,
225 456 253 501 la,
281 456 306 501 la.
361 456 403 501 Quin
435 456 512 501 ſaltas?
539 456 599 501 pedes
620 456 690 501 inovet
711 456 721 501 in
749 456 875 501 numerum.

93 492 134 536 Quin
163 492 203 536 exis
222 492 306 536 domo?
335 492 379 536 quin
405 492 533 536 feſtiviores
555 492 690 536 conſectaris
708 492 818 536 cireulos?
840 492 881 536 im-

89 525 155 575 motus
173 525 253 575 hæres?
279 525 297 575 at
319 525 381 575 ſurge
403 525 498 575 herele.
535 525 535 575 ·
560 525 597 575 quò
622 525 641 575 te
663 525 754 575 recipis?

423 573 547 603 PHIL.

116 604 130 653 In
162 604 270 653 eonelave
302 604 326 653 me
347 604 442 653 recipio.
470 604 498 653 Ad
525 604 550 653 me
571 604 658 653 nemini
676 604 781 653 acceſſum
812 604 875 653 dato-

289 662 289 683 X
417 662 417 683 X
479 662 479 683 X
511 662 543 683 44

104 664 500 706 TXXAX
533 664 860 706 XXXXXXT

247 707 253 750 S
322 707 328 750 C
392 707 727 750 ENNAAVII.

288 766 593 798 POLVDROM
683 766 683 798 .

128 797 175 892 quid
200 797 239 892 ipſi
265 797 350 892 doleat,
380 797 431 892 quid
461 797 500 892 non
534 797 602 892 doleat
624 797 718 892 nequeo
739 797 880 892 intelligere.

117 809 197 852 TAme
216 809 307 852 ſervent
326 809 421 852 Superil
447 809 465 852 ut
487 809 538 852 quid
560 809 608 852 velit
626 809 707 852 herus,
736 809 788 852 quid
810 809 880 852 nolit,

92 881 140 928 Verè
158 881 265 928 profecto
283 881 338 928 illud
349 881 415 928 aiunt
441 881 594 928 ægritudinem
613 881 682 928 animi
712 881 789 928 multò,
811 881 869 928 quàm

92 913 260 965 ægrotationem
290 913 388 965 eorporis
418 913 560 965 moleſtiorem
597 913 648 965 eſſe,
681 913 699 965 &
721 913 787 965 curatu
824 913 875 965 diſſi-

89 954 199 998 ciliorem.
239 954 269 998 Qui
291 954 342 998 enim
378 954 462 998 ægrotat
503 954 598 998 orpore,
623 954 634 998 is
653 954 722 998 ſaltem
755 954 876 998 queritur,

82 986 187 1034 auxilium
215 986 281 1034 petit,
313 986 327 1034 &
348 986 449 1034 petendo
477 986 599 1034 remedium
638 986 799 1034 qualecunque
823 986 879 1034 acci-

83 1026 120 1064 pit.
153 1026 171 1064 At
193 1026 241 1064 verò
266 1026 299 1064 qui
329 1026 373 1064 æger
395 1026 420 1064 eſt
431 1026 527 1064 animo,
560 1026 600 1064 dum
626 1026 692 1064 tacet,
721 1026 739 1064 &
758 1026 827 1064 lucem
849 1026 878 1064 fu-

88 1063 126 1106 git,
151 1063 165 1106 is
189 1063 283 1106 morbum
308 1063 357 1106 alit,
392 1063 406 1106 &
430 1063 517 1106 occulto
549 1063 622 1106 morbo
643 1063 737 1106 denique
762 1063 874 1106 contabeſ-

90 1100 121 1141 cit.
174 1100 317 1141 Quærendum
342 1100 412 1141 tamen
440 1100 464 1141 eſt
489 1100 583 1141 aliquod
604 1100 660 1141 hero
685 1100 828 1141 remedium;
860 1100 877 1141 &

84 1126 119 1182 hic
144 1126 172 1182 vel
189 1126 277 1182 invitus
294 1126 319 1182 ad
336 1126 431 1182 lætitiam
466 1126 511 1182 mihi
532 1126 679 1182 revocandus
700 1126 732 1182 eſt.
767 1126 816 1182 Nam
844 1126 875 1182 ip-

88 1170 124 1214 ſum
161 1170 208 1214 mulo
231 1170 258 1214 vel
274 1170 444 1214 ambulatorem
464 1170 494 1214 pe:
507 1170 604 1214 petuumi
624 1170 694 1214 (licet
714 1170 737 1214 me
750 1170 874 1214 ambulan-

88 1204 112 1249 do
133 1204 252 1249 plurimùm
283 1204 402 1249 exerceat)
423 1204 482 1249 quam
503 1204 604 1249 ſeſſorem
628 1204 642 1249 in
674 1204 750 1249 ædibus
771 1204 873 1249 triſtem,

90 1239 105 1281 &
132 1239 250 1281 moroſuim.
300 1239 342 1281 Quis
361 1239 396 1281 ille
419 1239 507 1281 foribus
530 1239 645 1281 ſuecedit?
679 1239 782 1281 Paraſitus
801 1239 878 1281 noſter

97 1276 273 1322 Trechedipnus.
313 1276 387 1322 Homo
412 1276 533 1322 famelicus
555 1276 603 1322 qui.
632 1276 669 1322 quò
694 1276 742 1322 plus
764 1276 878 1322 eomedit,

86 1300 124 1365 hoe
154 1300 216 1365 magis
235 1300 315 1365 eſurit;
342 1300 376 1365 qui
395 1300 483 1365 pinguin
514 1300 617 1365 convivia
640 1300 728 1365 ſemper
739 1300 839 1365 appetit,
862 1300 877 1365 &

86 1349 204 1398 nunquam
227 1349 269 1398 ipie
288 1349 429 1398 pingueſcit.
468 1349 502 1398 Ille
521 1349 594 1398 noſtrâ
616 1349 670 1398 ſæpè
697 1349 765 1398 utitur
796 1349 876 1398 mensâ;

89 1386 130 1431 eius
152 1386 229 1431 operà,
258 1386 357 1431 quoniam
390 1386 441 1431 opus
467 1386 504 1431 eſt,
529 1386 595 1431 atque
621 1386 713 1431 eonſilio
731 1386 837 1431 utamur.
