1000 1743
181 76 948 127 JUVENIS VOLUPTARIUS. 301
415 134 560 162 PHIL.
112 164 169 195 Ah!
423 207 534 235 POL.
115 237 887 289 Etiam gemis. Quid diſſimulas? loquere apertè. An
71 269 198 312 ægrotas?
412 317 550 354 PHIL.
72 332 189 375 Non.
427 390 536 418 POL.
94 418 887 467 Quid igitur ceſſas? quin te oblectas de more? quin can-
71 456 883 501 titas? la, la, la. Quin ſaltas? pedes movet in numerum.
77 492 884 536 Quin exis domo? quin feſtiviores conſectaris circulos? im-
71 528 762 575 motus hæres? at ſurge hercle... quò te recipis?
412 573 563 603 PHIL.
112 604 893 649 In conelave me recipio. Ad me nemini acceſſum dato.
228 718 731 750 SCENA VII.
274 766 689 798 POLYDROMUS.
78 809 883 859 ITA me ſervent Superi! ut quid velit herus, quid nolit,
109 846 894 892 quid ipſi doleat, quid non doleat nequeo intelligere.
70 881 881 928 Verè profecto illud aiunt ægritudinem animi multò, quàm
71 916 882 965 ægrotationem corporis moleſtiorem eſſe, & curatu diffi-
71 954 883 998 ciliorem. Qui enim ægrotat corpore, is ſaltem queritur,
71 989 884 1034 auxilium petit, & petendo remedium qualecunque acci-
71 1026 883 1064 pit. At verò qui æger eſt animo, dum tacet, & lucem fu-
71 1063 882 1106 git, is morbum alit, & occulto morbo denique contabeſ-
70 1100 881 1141 cit. Quærendum tamen eſt aliquod hero remedium; &
71 1132 880 1182 hic vel invitus ad lætitiam mihi revocandus eſt. Nam ip-
71 1170 878 1214 ſum malo vel ambulatorem perpetuum (licet me ambulan-
71 1205 880 1249 do plurimùm exerceat) quam ſeſſorem in ædibus triſtem,
71 1241 882 1281 & moroſuim. Quis ille foribus ſuccedit? Paraſitus noſter
70 1277 881 1322 Trechedipnus. Homo famelicus qui, quò plus comedit,
71 1313 881 1365 hoc magis eſurit; qui pinguia convivia ſemper appetit, &
71 1351 883 1398 nunquam ipſe pingueſcit. Ille noſtrâ ſæpè utitur mensâ;
68 1386 883 1431 ejus operà, quoniam opus eſt, atque conſilio utamur.
