1000 1743
285 67 808 118 PHILEDONUS,
122 91 191 129 302
216 176 791 229 SCENAV VIII.
153 219 860 279 TRECHEDIPNUS, POLYDROMUS.
426 279 614 317 TRECH.
119 316 956 362 ME tibi, Polydrome, & hero tuo excuſatum venio,
104 355 879 399 quòd à mensâ veſtrâ totos abfuerim quatuor dies.
468 395 580 422 POL.
120 426 956 472 Jam te excuſatum habemus, Trechedipne, alibi nem-
118 471 460 513 pe tibi parata fuit cœna.
427 504 616 532 TRECH.
144 534 956 585 Ita me multi ſibi convivam expetunt, ut nequeam om-
119 573 956 612 nibus ſatisfacere. Sed me vobis reſtituo: vobis hodie ad
103 611 956 661 cœnam adero. Hoc Philedono, ſi modò eſt intùs, denuncio.
468 651 583 678 POL.
158 681 956 719 Illum adeas cave. Neminem admittit ad colloquium;
104 721 772 757 utrum admiſſurus ſit ad convivium dubito.
429 760 615 789 TRECH.
118 794 426 843 Quorſum? amabo.
464 833 575 874 POL.
145 860 956 906 Neſcio quæ illum vexent intemperiæ. Sed riſus fugit ab
104 901 956 943 ejus labris, jocus à colloquiis; etiamnum ridet aliquando
116 937 956 983 quidem, ſed quaſi non rideat; ita jocatur, quomodo ſi jo-
117 982 354 1018 corum pœniteat.
421 1012 611 1042 TRECH.
154 1050 575 1095 Mira de Philedono memoras.
463 1088 570 1114 POL.
119 1116 956 1154 Et miſeranda, is adeo miſerè totâ nocte, poſtquam do-
116 1152 956 1196 mum ſe recepit, & toto mane hodie jactatus eſt. Vixque
114 1192 955 1235 impetrare potui, ut ſe lecto demum, ſomnoque permit-
114 1226 956 1268 teret. Neque longa fuit dormitio. Stratis exiluit repentè,
111 1263 865 1315 quaſi aliquo territus ſpectro, quod in ſomnis viderit.
421 1303 611 1332 TRECH.
147 1333 956 1377 Spectro territus ſcilicet, qui nullos ſpiritus à corpore
109 1379 322 1417 ſecretos credit.
431 1412 608 1448 POL.
109 1433 956 1490 Quid credat, quid neget non diſputo. At illum certè
104 1477 956 1516 vidi territum hodie & aliàs non ſemel; & qui cæteris pa-
102 1513 956 1557 vorem exprobrat, ipſe levi ſæpe de causâ pavet præter
