1000 1743
322 67 740 126 PHILEDONUS,

127 91 170 129 302

203 136 265 157 XAA
296 136 296 157 4
391 136 391 157 X
421 136 421 157 X
454 136 454 157 X

487 134 739 176 T

277 173 361 229 SC
427 173 793 229 ENAVIII.

214 230 537 279 TRECIEDIPNUS,
571 230 860 279 POLDROMU.

833 222 839 244 o

192 229 202 253 r

446 279 486 317 TR
522 279 558 317 EC
590 279 612 317 H.

186 316 186 362 E
211 316 269 362 tibi,
306 316 464 362 Polydrome,
506 316 518 362 &
543 316 593 362 hero
622 316 656 362 tuo
685 316 814 362 excuſatum
847 316 926 362 venio,

195 355 255 399 quòd
272 355 276 399 à
307 355 374 399 mensâ
398 355 465 399 veſtrâ
486 355 542 399 totos
559 355 668 399 abfuerim
699 355 797 399 quatuor
822 355 874 399 dies.

482 395 486 422 P
520 395 527 422 O
557 395 572 422 L.

176 420 203 472 am
234 420 249 472 te
272 420 398 472 excuſatum
425 420 555 472 habemus,
589 420 761 472 Trechedipne,
784 420 842 472 alibi
861 420 926 472 nem-

123 471 147 513 pe
168 471 207 513 tibi
224 471 294 513 parata
319 471 361 513 fuit
382 471 455 513 cœna.

445 504 560 532 TREC
586 504 609 532 H.

164 526 186 585 Ita
215 526 241 585 me
270 526 329 585 multi
347 526 384 585 ſibi
409 526 526 585 eonvivum
559 526 684 585 expetunt,
709 526 727 585 ut
746 526 852 585 nequeam
881 526 925 585 om-

125 568 191 613 nibas
210 568 344 613 ſatisfacere.
382 568 420 613 Sed
447 568 470 613 me
497 568 558 613 vobis
581 568 688 613 reſtituo:
723 568 784 613 vobis
811 568 876 613 hodie
895 568 922 613 ad

128 611 205 662 cœnam
227 611 304 662 adero.
333 611 377 662 Hoc
399 611 539 662 Philedono,
557 611 568 662 ſi
594 611 649 662 modò
671 611 696 662 eit
707 611 781 662 intùs,
803 611 924 662 denuneio.

484 651 528 678 PO
561 651 576 678 L.

165 674 225 727 Illum
253 674 317 727 adeas
341 674 397 727 cave.
437 674 557 727 Nemirem
581 674 689 727 admittit
709 674 733 727 ad
765 674 921 727 eolloquium;

124 721 194 758 utrum
222 721 365 758 admiſſurus
386 721 404 758 ſit
421 721 445 758 ad
470 721 603 758 convivium
634 721 725 758 dubito.

444 760 560 789 TREC
588 760 612 789 H.

173 794 296 843 Quorſum?
324 794 419 843 amabo.

478 833 519 874 P9

160 860 240 906 Neſcio
264 860 312 906 quæ
328 860 388 906 illum
420 860 500 906 vexent
512 860 667 906 intemperiæ.
699 860 739 906 Sed
759 860 811 906 riſus
823 860 883 906 fugit
895 860 911 906 ab

128 901 164 943 ejus
190 901 267 943 labris,
296 901 358 943 jocus
376 901 380 943 à
406 901 526 943 colloquiis
567 901 687 943 etiamnum
717 901 772 943 ridet
790 901 918 943 aliquando

126 937 229 983 quidem,
256 937 290 983 ſed
310 937 367 983 quaſi
386 937 424 983 non
447 937 527 983 rideat;
554 937 577 983 ita
600 937 703 983 jocatur,
730 937 848 983 quumdo
867 937 875 983 ſi
890 937 921 983 jo-

124 982 193 1018 corum
227 982 350 1018 pœuaiteat.

438 1012 554 1042 TREC
583 1012 608 1042 A.

159 1050 214 1095 Mira
244 1050 266 1095 de
295 1050 419 1095 Philedono
449 1050 570 1095 memoras.

475 1088 515 1114 PO
561 1088 561 1114 .

164 1111 179 1154 Et
206 1111 339 1154 miſeranda,
366 1111 381 1154 is
397 1111 450 1154 adeo
481 1111 549 1154 miſerè
568 1111 610 1154 totâ
633 1111 710 1154 nocte,
736 1111 855 1154 poſtquam
882 1111 916 1154 do-

130 1149 180 1196 mum
206 1149 222 1196 ſe
245 1149 344 1196 recepit,
371 1149 386 1196 &
405 1149 455 1196 toro
485 1149 539 1196 mane
562 1149 627 1196 hodie
653 1149 741 1196 actatus
760 1149 795 1196 eſt.
833 1149 917 1196 Vixque

118 1192 244 1235 impetrare
262 1192 338 1235 potui,
366 1192 387 1235 ut
408 1192 422 1235 ſe
443 1192 503 1235 lecto
527 1192 632 1235 demum,
663 1192 792 1235 ſomnoque
817 1192 911 1235 permit-

120 1226 182 1268 teret.
209 1226 289 1268 Neque
308 1226 369 1268 longa
392 1226 434 1268 fuit
465 1226 580 1268 dormitio.
618 1226 691 1268 Stratis
714 1226 790 1268 exiluit
813 1226 917 1268 reneniè,

116 1263 175 1315 quaſi
193 1263 274 1315 aliquo
296 1263 388 1315 territus
410 1263 516 1315 ſpectro,
542 1263 604 1315 quod
622 1263 633 1315 in
659 1263 747 1315 ſomnis
765 1263 860 1315 viderit.

444 1303 552 1332 TREC
580 1303 608 1332 H.

154 1326 246 1377 Spectro
266 1326 358 1377 territus
386 1326 486 1377 ſcilieet,
522 1326 554 1377 qni
582 1326 658 1377 nullos
682 1326 774 1377 ſpiritus
794 1326 794 1377 à
822 1326 914 1377 corpore

113 1379 208 1417 ſeeretos
232 1379 316 1417 eredit.

482 1412 522 1448 PO
570 1412 574 1448 .

160 1433 209 1490 Quid
241 1433 326 1490 credat,
353 1433 407 1490 quid
425 1433 492 1490 neget
510 1433 546 1490 non
577 1433 672 1490 diſputo.
717 1433 744 1490 At
766 1433 829 1490 illum
860 1433 914 1490 eerte

113 1477 153 1516 vidi
175 1477 278 1516 territum
304 1477 373 1516 hodie
395 1477 410 1516 &
435 1477 487 1516 aliàs
512 1477 549 1516 non
578 1477 659 1516 ſemel;
688 1477 703 1516 &
721 1477 754 1516 qui
772 1477 856 1516 eæteris
878 1477 911 1516 pa-

111 1512 181 1557 vorem
210 1512 349 1557 exprobrat,
374 1512 418 1557 ipſe
447 1512 491 1557 levi
513 1512 564 1557 ſæpe
597 1512 615 1557 de
645 1512 703 1557 causâ
732 1512 794 1557 pavet
827 1512 908 1557 præter

28 1701 64 1741 I
