1000 1743
203 70 398 121 7UVENIS
437 70 756 121 VOLUPTARIUS.
831 70 871 121 303

75 116 170 169 cæteros.
199 116 235 169 Sed
261 116 301 169 ejus
323 116 422 169 pavores
440 116 528 169 omitto.
564 116 586 169 De
601 116 751 169 ſolicitudine
766 116 868 169 loquor.

75 158 113 208 quâ
132 158 209 208 factum
239 158 278 208 eſt,
304 158 324 208 ut
343 158 442 208 exeuſſus
458 158 477 208 ſit
496 158 592 208 ſomno,
622 158 703 208 diuque
722 158 871 208 vigilaverit,

81 193 136 244 modò
165 193 242 244 librum
268 193 359 244 legens,
389 193 447 244 modò
465 193 524 244 illum
550 193 682 244 deponens;
715 193 759 244 mox
773 193 799 244 ad
821 193 861 244 eum

73 231 190 279 revolans,
216 231 329 279 interdum
373 231 490 279 meditanti
512 231 611 279 ſimilis,
644 231 775 279 aliquando
801 231 867 279 ſuſpi-

73 268 133 313 rns,
161 268 273 313 nunquam
297 268 378 313 animo
402 268 433 313 vel
458 268 549 313 corpore
573 268 752 313 conquieſcens.

392 310 560 339 TRECH.

108 334 158 389 Nam
185 334 231 389 quæ
257 334 311 389 cauſa
334 334 414 389 tantæ,
449 334 483 389 tam
514 334 613 389 inſolitæ
640 334 804 389 ſollicitudinis
831 334 869 389 eſſe

73 370 157 428 poteſt?
181 370 201 428 an
225 370 285 428 illum
309 370 393 428 premit
413 370 441 428 rei
461 370 597 428 nummariæ
613 370 737 428 anguſtia?

426 422 467 449 PO
501 422 516 449 L.

106 454 268 500 Neutiquam:
301 454 304 500 à
334 454 396 500 matre
422 454 528 500 quamvis
553 454 645 500 longiùs
671 454 762 500 abſente
792 454 869 500 defluit

73 479 165 538 pecunia
185 479 229 538 ſuis
245 479 396 538 temporibus
412 479 520 538 largiter.

394 530 510 569 TREC
539 530 564 569 H.

106 561 187 608 Neque
205 561 216 608 in
249 561 359 608 deſtinato
384 561 523 608 voluptatum
556 561 611 608 eurſu
644 561 728 608 ventum
757 561 856 608 aliquem

70 590 190 638 adverſum
218 590 322 638 expertus
346 590 382 638 eſt.

419 641 464 668 PO
498 641 513 668 L.

109 671 155 720 Imo
182 671 194 720 in
228 671 393 720 eonſequendo
419 671 534 720 quidquid
557 671 664 720 appetit,
703 671 772 720 vento
794 671 867 720 utitur

71 699 155 749 nimiui
195 699 307 749 ſeeundo.

434 755 434 780 R
469 755 472 780 E
503 755 503 780 C
531 755 559 780 H.

119 778 171 824 Quid
191 778 239 824 ergo
267 778 327 824 eauſæ
347 778 407 824 aliud
431 778 467 824 eſſe
487 778 659 824 arbitrer...
683 778 711 824 nih
755 778 803 824 uetu
831 778 871 824 ſus-

83 808 169 865 picuris?

426 859 514 898 POIL.

117 885 159 940 Duo
178 885 263 940 quidem
285 885 400 940 ſuſpicor,
427 885 473 940 quæ
488 885 588 940 animum
618 885 660 940 ejus
680 885 817 940 torqueant;
848 885 867 940 &

83 917 175 973 morbum
209 917 270 973 Eraſti
293 917 312 973 de
335 917 393 973 cujus
423 917 462 973 vitâ
485 917 622 973 extimeſeit;
653 917 672 973 &
691 917 768 973 librum
802 917 859 973 pium

74 960 110 999 qui
136 960 206 999 errore
235 960 363 999 Bibliopolæ
378 960 392 999 in
422 960 462 999 ejus
491 960 564 999 manus
583 960 641 999 forte
660 960 759 999 ineidit.

391 1004 557 1034 TRECH.

121 1033 179 1085 Veras
194 1033 289 1085 attigiſti
315 1033 392 1085 cauſus.
432 1033 523 1085 Eraſtum
545 1033 619 1085 amat,
655 1033 725 1085 Eraſto
743 1033 820 1085 timet:
846 1033 868 1085 li-

78 1053 139 1113 hrum
162 1053 215 1113 legit
231 1053 307 1113 pium;
334 1053 387 1113 liber
406 1053 445 1113 ille
456 1053 536 1113 animo
555 1053 674 1113 ſerupulos
693 1053 781 1113 injecit.
823 1053 846 1113 Ute
865 1053 880 1113 i-

78 1104 115 1147 que
144 1104 192 1147 malo
217 1104 349 1147 medendum
382 1104 418 1147 eſt,
451 1104 466 1147 &
484 1104 656 1147 providendum
681 1104 707 1147 ne
729 1104 864 1147 Philedonus

75 1139 155 1189 præter
185 1139 258 1189 ætatem
287 1139 360 1189 ſapere
386 1139 448 1189 velit,
478 1139 496 1189 &
514 1139 635 1189 ſeverioris
657 1139 705 1189 vitæ
719 1139 815 1189 aliquod
826 1139 870 1189 ini-

77 1177 92 1218 re
120 1177 247 1218 conſilium.

428 1221 472 1249 PO
501 1221 523 1249 IL.

116 1249 162 1294 Hoc
181 1249 250 1294 igitur
269 1249 365 1294 ptovide
392 1249 446 1294 eito;
473 1249 515 1294 nam
542 1249 553 1294 ſi
572 1249 626 1294 quid
641 1249 706 1294 ſecum
737 1249 875 1294 Philedonus

79 1278 100 1331 de
128 1278 230 1331 mutandâ
254 1278 342 1331 ratione
363 1278 408 1331 vitæ
429 1278 587 1331 conſtituerit,
615 1278 629 1331 in
653 1278 776 1331 propoſito
800 1278 867 1331 mane-

79 1316 116 1368 bit.
142 1316 204 1368 Novi
222 1316 266 1368 ejus
285 1316 420 1368 ingenium.
453 1316 464 1368 In
501 1316 515 1368 re
548 1316 603 1368 gravi
629 1316 698 1368 hæret
717 1316 867 1368 aliquandiu,

80 1356 182 1402 dubitat;
217 1356 336 1402 deliberat:
367 1356 402 1402 ubi
430 1356 581 1402 deliberavit,
616 1356 721 1402 obfirmat
749 1356 868 1402 animum:

77 1391 161 1442 perſtat
186 1391 197 1442 in
226 1391 351 1442 ſententiâ;
387 1391 435 1442 viam
471 1391 530 1442 quam
559 1391 676 1442 inſtituit,
709 1391 866 1442 perſequiturs

80 1429 153 1470 neque
172 1429 187 1470 ſe
206 1429 306 1470 revocari
329 1429 428 1470 patitur.

397 1473 565 1501 TRECII.

116 1501 234 1551 Ingenium
265 1501 307 1551 ejus
323 1501 407 1551 optimè
430 1501 495 1551 noſti.
526 1501 587 1551 Mihi
599 1501 687 1551 ſemper
714 1501 767 1551 viſus
783 1501 806 1551 eſt
821 1501 871 1551 pre-

103 1528 128 1584 oſi
177 1528 242 1584 enax.

941 1698 954 1718 r

952 1718 952 1740 t
