1000 1743
320 60 728 106 PHILEDONUS,

122 84 169 115 304

477 117 521 146 PO
553 117 568 146 L.

173 143 281 202 Omnino.
307 143 411 202 Ideoque
430 143 506 202 vereor
525 143 552 202 ne
571 143 644 202 fruſtra
671 143 739 202 ipſum
762 143 869 202 revoeare
888 143 919 202 ve-

125 185 147 228 lis
162 185 199 228 aut
217 185 327 228 retinere.
360 185 411 228 Nam
441 185 598 228 oblectament
642 185 686 228 quæ
705 185 767 228 priùs
789 185 921 228 expetebat,

126 230 161 271 jam
192 230 283 271 videtur
304 230 422 271 ſpernere.

443 262 555 303 TREC
585 262 606 303 H.

175 287 279 352 Quoniam
300 287 378 352 adhuc
400 287 503 352 ſolicitus
521 287 598 352 animo
624 287 659 352 eſt,
689 287 745 352 nihil
766 287 810 352 dum
844 287 926 352 eonſilii

128 328 195 381 eepit.
236 328 352 381 Conſilium
383 328 428 381 vitæ
449 328 526 381 eertum
554 328 638 381 omnem
666 328 767 381 excludit
781 328 854 381 animi
868 328 924 381 ſluc-

128 368 271 424 tuationem.
304 368 351 424 Rem
381 368 457 424 itaque
479 368 571 424 ſolerter
600 368 611 424 &
629 368 724 424 properè
742 368 764 424 ag
783 368 925 424 grediamur.

156 404 156 448 u
183 404 263 448 librum
294 404 428 448 amovebis,
466 404 501 448 qui
531 404 650 448 Philedoni
677 404 777 448 animum
811 404 926 448 ſcrupulis

142 450 237 495 upugit,
264 450 302 495 hoc
321 450 440 495 primum.

485 484 528 511 PO
557 484 578 511 IL.

164 520 227 562 Iſtud
245 520 333 562 quidem
365 520 464 562 conabor
486 520 578 562 exequi.

456 554 563 590 TREC
592 554 617 590 H.

170 579 258 632 Videbis
286 579 378 632 deinde,
406 579 426 632 ut
445 579 505 632 nihil
533 579 669 632 Philedonus
689 579 748 632 triſte
768 579 872 632 inaudiat
904 579 924 632 de

134 622 197 669 Eraſti
218 622 365 669 valetudine,
396 622 462 669 donec
480 622 567 669 aimicus
584 622 619 669 ille
644 622 672 669 vel
696 622 843 669 convaluerit
860 622 923 669 peni-

126 666 172 709 tus,
203 666 231 709 vel
256 666 256 709 è
284 666 354 709 medio
378 666 511 709 exceſſerit.

479 703 522 729 PO
554 703 568 729 L.

165 725 187 777 At
205 725 216 777 ſi
245 725 330 777 mortem
362 725 425 777 obeat
450 725 549 777 Eraſtus,
586 725 637 777 mors
666 725 706 777 ejus
736 725 798 777 celari
823 725 849 777 diu
874 725 911 777 non

126 768 214 823 poteſt,
240 768 277 823 qui
295 768 306 823 in
339 768 383 823 vico
405 768 515 823 proximo
533 768 635 823 habitat,
672 768 705 823 qui
723 768 785 823 nobis
811 768 873 823 planè
895 768 917 823 vi-

125 821 183 852 cinus
208 821 244 852 eſt.

448 847 612 882 TRECH.

170 871 217 923 Dum
258 871 309 923 mors
338 871 382 923 ejus
408 871 437 923 vel
455 871 525 923 unum
558 871 605 923 diem
642 871 704 923 celari
722 871 788 923 poſſit
810 871 850 923 (&
869 871 916 923 verò

165 912 218 970 teſt)
238 912 257 970 id
280 912 345 970 nobis
364 912 414 970 ſatis
433 912 475 970 eſt;
502 912 544 970 cum
571 912 651 970 amici,
678 912 697 970 id
724 912 747 970 eſt
770 912 911 970 voluptatum

127 951 179 1002 ſocii
204 951 322 1002 ægrotant,
351 951 373 1002 ex
388 951 461 1002 eorum
490 951 563 1002 dolore
582 951 670 1002 aliquid
695 951 758 1002 Vulgò
783 951 868 1002 doloris
886 951 919 1002 cœ-

127 985 216 1042 pimus;
242 985 277 1042 ubi
308 985 384 1042 mortui
407 985 465 1042 ſunt,
499 985 514 1042 &
534 985 587 1042 nihil
614 985 702 1042 dolent,
733 985 771 1042 tum
802 985 859 1042 nihil
882 985 921 1042 ipſi

126 1023 218 1078 quoque
241 1023 353 1078 dolemus.
379 1023 402 1078 Ita
425 1023 563 1078 plerumque
582 1023 613 1078 fit.
640 1023 651 1078 In
682 1023 720 1078 hoc
736 1023 809 1078 igitur
828 1023 924 1078 diligens

128 1061 168 1106 eſto
188 1061 208 1106 ut
225 1061 301 1106 herum
328 1061 384 1106 tuum
411 1061 464 1106 falſis
488 1061 508 1106 de
524 1061 601 1106 amico
624 1061 714 1106 deludas
734 1061 841 1106 nuneiis.

474 1104 566 1130 POL.

162 1132 180 1184 Si
209 1132 326 1184 mendaciis
348 1132 378 1184 res
396 1132 484 1184 agitur,
513 1132 550 1184 rem
575 1132 634 1184 agam
663 1132 766 1184 ſtrenuè.

476 1181 483 1204 R
518 1181 556 1204 EC
584 1181 608 1204 H.

163 1198 201 1251 Illæ
220 1198 262 1251 tuæ
282 1198 343 1251 erunt
362 1198 443 1251 partes.
489 1198 527 1251 Ego
554 1198 699 1251 Philedonum
738 1198 799 1251 variis
822 1198 918 1251 oblecta-

123 1240 225 1287 tionibus
249 1240 273 1287 diu
305 1240 423 1287 noctuque
444 1240 465 1287 ſie
486 1240 525 1287 tihi
549 1240 668 1287 exercitum
699 1240 716 1287 &
730 1240 863 1287 occupatum
887 1240 915 1287 da-

123 1273 160 1325 bo,
189 1273 208 1325 ut
233 1273 325 1325 animus
354 1273 472 1325 voluptate
494 1273 574 1325 plenus
596 1273 655 1325 nihil
688 1273 827 1325 ægritudinis
853 1273 919 1325 poſſit

122 1313 255 1359 admittere.
293 1313 339 1359 Hoc
363 1313 374 1359 ei
395 1313 520 1359 remedium
545 1313 607 1359 paro.
642 1313 705 1359 Nunc
740 1313 785 1359 mihi
803 1313 918 1359 adjutori-

122 1342 161 1400 bus
184 1342 237 1400 opus
256 1342 287 1400 eſt.
329 1342 413 1400 Uhinam
439 1342 619 1400 eontubernales
642 1342 703 1400 veſtri
734 1342 875 1400 Oenophilus
898 1342 913 1400 &

129 1403 264 1440 Chorœbus.

477 1429 521 1467 PO
553 1429 569 1467 L.

160 1455 255 1503 Alterum
284 1455 295 1503 in
328 1455 427 1503 cauponâ
449 1455 570 1503 proximâ,
599 1455 639 1503 eum
665 1455 763 1503 robuſtis
778 1455 913 1503 potoribus,

115 1491 210 1541 alterum
236 1491 251 1541 in
287 1491 394 1541 Caffæariâ
416 1491 500 1541 popinâ
522 1491 526 1541 è
548 1491 639 1541 regione
672 1491 775 1541 cauponæ
801 1491 841 1541 cum
881 1491 918 1541 mu-

799 1527 893 1565 TRECA

117 1540 159 1579 ſieis
183 1540 197 1579 &
221 1540 357 1579 ſalatoribus
374 1540 493 1579 invenies.

68 1695 68 1741 E

927 1710 927 1735 0

941 1717 950 1741 ii
