1000 1743
204 57 394 109 3UVENIS
439 57 764 109 VOLUPTARIUUS.
839 57 879 109 305

392 111 558 138 TRECH.

106 145 179 181 Ambo
210 145 255 181 mihi
275 145 381 181 adeundi
401 145 466 181 ſunt,
504 145 519 181 &
542 145 553 181 in
584 145 699 181 eonſilium
729 145 874 181 advocandi.

97 188 100 232 u
137 188 232 232 manidata
257 188 352 232 perfice.

151 232 489 252 xXX
244 232 275 252 XX
305 232 337 252 XX
368 232 368 252 X
400 232 400 252 X
433 232 433 252 4
496 232 496 252 X
566 232 596 252 XX
629 232 661 252 XV
694 232 694 252 X
757 232 757 252 4
820 232 820 252 X

168 240 838 282 4XXXXXXXX

241 278 246 313 S
323 278 323 313 C
389 278 395 313 E
455 278 477 313 N
538 278 543 313 A
708 278 708 313 .

275 328 585 358 POLYDROM
624 328 677 358 US.

153 360 157 406 o
175 360 190 406 in
227 360 333 406 mandatis
351 360 439 406 habeo:
464 360 486 406 ut
516 360 604 406 mentiar
626 360 648 406 &
666 360 735 406 furer.
765 360 864 406 Alterum

135 405 172 446 erit
190 405 260 446 faeile.
296 405 336 446 Cum
373 405 395 446 me
424 405 490 446 mittet
508 405 574 446 herus
589 405 760 446 interrogatum
790 405 808 446 de
826 405 870 446 Era-

73 436 113 485 ſto,
139 436 168 485 ire
194 436 216 485 me
238 436 337 485 ſingam,
363 436 399 485 aliò
436 436 561 485 divertam,
597 436 638 485 mox
667 436 762 485 redibo,
792 436 806 485 &
825 436 869 485 læta

76 480 146 517 omnia
171 480 303 517 nunciabo.
343 480 343 517 ·
398 480 493 517 Alterum
526 480 643 517 ineumbit
672 480 796 517 difficilius.
844 480 866 517 Li-

70 517 129 558 brum
158 517 217 558 illum
242 517 349 558 ſuſfurari
363 517 437 558 pium.
466 517 488 558 Id
510 517 554 558 verò
583 517 627 558 elam
656 517 675 558 &
693 517 752 558 taeitè
777 517 818 558 datâ
843 517 873 558 oc-

77 553 158 592 caſione
180 553 311 592 tentandum
344 553 373 592 eſt.
403 553 454 592 Ibo,
483 553 501 592 &
520 553 644 592 quanquam
673 553 684 592 in
710 553 754 592 arte
776 553 867 592 furandi

74 590 109 631 ſum
137 590 203 631 planè
224 590 298 631 rudis,
311 590 357 631 nam
381 590 406 631 ad
420 590 483 631 artem
507 590 560 631 ſuam
588 590 612 631 ne
640 590 664 631 me
689 590 787 631 erudiret
801 590 871 631 pater,

81 627 147 670 morte
169 627 294 670 immaturâ
312 627 448 670 prohibitus
466 627 506 670 eſt;
532 627 546 670 ah
605 627 660 670 Suſpi
678 627 700 670 at
719 627 741 670 ex
759 627 829 670 putris
847 627 873 670 de-

82 663 148 704 iderio
169 663 288 704 imimmaturd
316 663 376 704 morte
397 663 512 704 perempri.
554 663 603 704 Ibo,
635 663 652 704 &
673 663 722 704 rem.
740 663 813 704 furtim
845 663 869 704 ae

75 700 180 737 furaciter
204 700 271 737 hodie
288 700 442 737 tentabo..
491 700 585 737 Procedit
610 700 662 737 leniè
680 700 718 737 ſine
736 700 855 737 ſtrepitu..

87 737 186 777 Oecurrit
206 737 286 777 herus,
317 737 332 777 &
351 737 432 777 librum
455 737 524 777 ipſum
547 737 616 777 habet
639 737 650 777 in
685 737 796 777 manibus.
834 737 873 777 Res

79 775 177 817 omnino
195 775 275 817 tentari
296 775 390 817 nequit.

201 812 234 841 X

92 834 123 870 X
309 834 628 870 X
632 834 632 870 X

267 866 349 901 SC
426 866 426 901 E
486 866 513 901 N
573 866 579 901 A

126 912 445 955 PIIILEDONUS,
493 912 836 955 POLYDROMUS.

419 967 541 993 PHIL.

103 994 103 1084 I
342 994 357 1084 ·i
388 994 658 1084 nvv·.

320 1079 393 1115 POL.
422 1079 433 1115 it
455 1079 473 1115 ac
495 1079 557 1115 ſlatim
583 1079 653 1115 redit.

124 1113 166 1154 Eo,
193 1113 209 1154 &
228 1113 308 1154 refero.
358 1113 408 1154 Quid
427 1113 438 1154 ſi
454 1113 526 1154 autem
553 1113 630 1154 librum
657 1113 714 1154 iſtum
745 1113 802 1154 quem
833 1113 867 1154 jam

88 1149 190 1193 evolviſti
212 1149 260 1193 plus
278 1149 336 1193 ſatis,
362 1149 388 1193 ad
406 1149 497 1193 Eraſtum
523 1149 618 1193 nomine
633 1149 669 1193 tuo
691 1149 801 1193 deferam,
823 1149 874 1193 quo-

91 1184 154 1237 modo
172 1184 227 1237 alios
249 1184 315 1237 detuli
344 1184 432 1237 multos,
454 1184 472 1237 ut
491 1184 549 1237 hune
560 1184 630 1237 legat,
663 1184 703 1237 cum
725 1184 821 1237 primum
850 1184 876 1237 le-

92 1217 134 1281 gere
149 1217 245 1281 poterit.
260 1217 382 1281 Numquid
398 1217 436 1281 hoe
447 1217 486 1281 ipſi
509 1217 585 1281 munus
608 1217 723 1281 ueundum
742 1217 788 1281 fore
803 1217 876 1281 putas:

417 1263 490 1288 PHI
527 1263 541 1288 L.

129 1291 189 1328 Defer
206 1291 249 1328 ſanè
286 1291 322 1328 meo
349 1291 442 1328 nomine
462 1291 472 1328 ſi
495 1291 575 1328 nomen
619 1291 678 1328 meum
705 1291 718 1328 in
748 1291 795 1328 ejus
812 1291 875 1328 auri-

85 1322 127 1379 bus
142 1322 219 1379 ſonare
242 1322 360 1379 etiamnum
387 1322 475 1379 poteſt,
510 1322 525 1379 &
544 1322 624 1379 librum
655 1322 712 1379 hune
735 1322 773 1379 præ
796 1322 877 1379 eæteris

85 1368 158 1417 legat,
185 1368 219 1417 ubi
242 1368 292 1417 quid
311 1368 384 1417 legere
414 1368 518 1417 valetudo
541 1368 606 1417 ſinet.

373 1407 418 1440 PO
453 1407 467 1440 L.
495 1407 499 1440 à
523 1407 593 1440 purre.

127 1436 148 1480 Ah
198 1436 290 1480 libelle,
315 1436 394 1480 triſtis,
427 1436 527 1480 moleſte,
560 1436 664 1480 inſuavis
685 1436 768 1480 libellel
801 1436 872 1480 faciam

101 1475 182 1523 edepol
200 1475 222 1523 ne
240 1475 255 1523 in
284 1475 365 1523 heriles
394 1475 464 1523 manus
482 1475 581 1523 unquam
611 1475 699 1523 redeas.

954 1698 993 1719 r
