1000 1743
180 57 879 109 JUVENIS VOLUPTARIUS. 305
377 111 564 138 TRECH.
100 145 882 181 Ambo mihi adeundi ſunt, & in conſilium advocandi.
58 188 360 221 Tu mandata perfice.
224 279 746 313 SCENA I.
258 328 678 358 POLYDROMUS.
58 366 923 431 DUO in mandatis habeo: ut mentiar & furer. Alterum
130 405 878 446 erit facile. Cum me mittet herus interrogatum de Era-
59 444 877 481 ſto, ire me ſingam, aliò divertam, mox redibo, & læta
59 480 874 513 omnia nunciabo... Alterum incumbit difficilius. Li-
59 517 876 553 brum illum ſuffurari pium. Id verò clam & tacitè datâ oc-
59 553 875 589 caſione tentandum eſt. Ibo, & quanquam in arte furandi
59 590 879 628 ſum planè rudis, nam ad artem ſuam ne me erudiret pater,
59 627 877 669 morte immaturâ prohibitus eſt; ah! Suſpirat ex patris de-
58 663 874 702 ſiderio imimmaturâ morte perempti. Ibo, & rem furtim ac
58 700 877 735 furaciter hodie tentabo... Procedit lentè ſine ſtrepitu...
59 737 911 772 Occurrit herus, & librum ipſum habet in manibus. Res
59 775 394 816 omnino tentari nequit.
250 860 704 901 SCENA X.
109 912 837 955 PHILEDONUS, POLYDROMUS.
405 967 544 993 PHIL.
59 994 882 1064 Polydrome, citò; propera ad Eraſtum; & de illo quan-
123 1054 313 1085 tocyùs refer.
307 1079 656 1115 POL. it ac ſtatim redit.
91 1113 879 1154 Eo, & refero. Quid ſi autem librum iſtum quem jam
59 1149 881 1189 evolviſti plus ſatis, ad Eraſtum nomine tuo deferam, quo-
59 1184 880 1226 modo alios detuli multos, ut hunc legat, cum primum le-
58 1217 884 1265 gere poterit. Numquid hoc ipſi munus jucundum fore putas?
408 1263 546 1288 PHIL.
119 1291 887 1328 Defer ſanè meo nomine ſi nomen meum in ejus auri-
59 1327 919 1368 bus ſonare etiamnum poteſt, & librum hunc præ cæteris
59 1368 610 1409 legat, ubi quid legere valetudo ſinet.
365 1407 648 1440 POL. à parte.
119 1436 887 1480 Ah! libelle, triſtis, moleſte, inſuavis libelle! faciam
59 1475 703 1516 edepol ne in heriles manus unquam redeas.
648 1518 712 1557 U
