1000 1743
331 72 746 111 PIIILEDONUS.

127 71 168 104 306

460 121 582 149 PHIL.

163 147 199 196 Hei
243 147 303 196 quàm
335 147 427 196 vereor,
454 147 478 196 ne
498 147 554 196 quid
570 147 646 196 ſervus
662 147 678 196 ab
706 147 777 196 Eraſto
797 147 877 196 nuncii
897 147 925 196 re-

125 194 201 233 portet
233 194 285 233 mali.
321 194 329 233 O
353 194 433 233 Eraſtel
469 194 525 233 miſer
549 194 693 233 Eraſte...
713 194 749 233 heu
801 194 877 233 ſortem
909 194 929 233 u-

426 228 487 276 Quod
504 228 517 276 ſi
543 228 595 276 mors
608 228 665 276 illum
691 228 769 276 eripiet
790 228 851 276 mihi,
877 228 929 276 quid

127 230 189 258 venis
204 230 365 258 acerbaml..

120 269 178 314 agam
211 269 310 314 eertum,
343 269 511 314 deliberatum,
544 269 558 314 &
584 269 719 314 conſtitutui
767 269 807 314 eſt;
851 269 924 314 vobis,

129 306 257 345 voluptates
276 306 386 345 perfidæ,
415 306 459 345 quæ
477 306 573 345 amicum
602 306 635 345 tam
668 306 701 345 citò
719 306 877 345 proligaſtis,
903 306 925 345 di-

122 342 161 378 cam
196 342 293 378 æternum
321 342 430 378 vale....
468 342 545 378 Durum
569 342 621 378 erit,
642 342 726 378 fateor,
751 342 820 378 carere
845 342 922 378 volup-

121 376 205 422 tatibus
226 376 272 422 quæ
296 376 324 422 vel
345 376 450 422 necando
467 376 568 422 placent.
607 376 628 422 At
652 376 736 422 valeant
757 376 840 422 tamen.
879 376 921 422 Illis

122 415 191 458 cerere
213 415 276 458 ſatius
298 415 334 458 eſt,
364 415 426 458 quàm
452 415 488 458 per
503 415 551 458 illas
569 415 708 458 perire....
741 415 859 458 Ridebunt
884 415 921 458 me,

121 452 187 486 eredo
209 452 330 486 equidem,
363 452 448 486 ſodales
462 452 583 486 protervi;
620 452 635 486 &
660 452 682 486 me
701 452 825 486 ſtelidum,
851 452 924 486 imbe-

122 485 210 527 cillum,
229 485 279 527 falsò
302 485 329 527 vel
344 485 508 527 intempeſtivè
527 485 585 527 pium
604 485 768 527 appellabunt:
795 485 810 527 at
829 485 921 527 rideant

118 524 178 568 ſanè;
206 524 294 568 præſtat
318 524 386 568 rideri
402 524 418 568 ab
446 524 626 568 inſipientibus,
662 524 722 568 quàm
754 524 754 568 à
778 524 922 568 ſapientibus

115 562 199 601 lugeri.
221 562 221 601 .
301 562 367 601 Erunt
386 562 477 601 quoque
503 562 572 601 amici
598 562 722 601 crudeliter
752 562 796 601 miſe
807 562 916 601 ricordes,

117 598 154 636 qui
180 598 205 636 me
224 598 249 636 ad
271 598 377 636 inſaniam
407 598 476 636 velint
498 598 619 636 revocare;
648 598 666 636 &
688 598 751 636 vitnm
780 598 857 636 juveni
875 598 915 636 ſine

123 635 238 674 voluptate
265 635 299 674 eſſe
322 635 402 674 vitaleim
425 635 559 674 negent...
586 635 624 674 Sed
639 635 750 674 faceſſant
765 635 857 674 procul;
876 635 914 674 niſi

117 671 153 711 qui
183 671 205 711 me
223 671 322 711 ſobrium
351 671 370 711 &
388 671 461 711 caſtum
487 671 586 711 amabit,
626 671 670 711 mihi
685 671 780 711 amicum
806 671 916 711 reputabo

113 708 253 744 neminem:
291 708 319 744 &,
347 708 393 744 quæ
421 708 456 744 vita
484 708 603 744 hominem
641 708 715 744 mortis
750 708 827 744 æternæ
855 708 907 744 reum

120 744 204 783 deceat,
242 744 319 783 mecum
344 744 428 783 aſſiduè
456 744 571 783 cogitabo.
603 744 662 783 Seder
683 744 722 783 altù
774 744 886 783 cogitans.

257 794 257 809 4
415 794 415 809 X

512 795 512 814 X
612 795 800 814 4X

149 797 697 839 .T.....aT.T..A..A....
741 797 912 839 A.....

294 837 300 885 S
372 837 377 885 C
444 837 449 885 E
506 837 594 885 NA
734 837 749 885 I

688 840 691 857 V

125 887 474 935 COROEBUS,
525 887 911 935 PIILEDONUS.

382 938 386 975 C
413 938 463 975 HO
493 938 520 975 R.
577 938 654 975 parte.

155 980 193 1016 HO
235 980 307 1016 qualis
330 980 376 1016 mihi
403 980 495 1016 offertur
525 980 663 1016 Philedonus
705 980 724 1016 ut
743 980 800 1016 ceſſat
846 980 869 1016 ut
881 980 907 1016 ſe-

169 1013 213 1056 detl
239 1013 257 1056 ut
279 1013 374 1056 ſuſpirat
414 1013 458 1056 vera
488 1013 506 1056 de
531 1013 568 1056 illo
601 1013 773 1056 Trechedipnus
799 1013 909 1056 memora-

111 1054 148 1092 vit.
199 1054 287 1092 Ægrotat
313 1054 342 1092 hie
360 1054 441 1092 animo
467 1054 536 1092 certe;
562 1054 613 1092 huic
646 1054 774 1092 medicinam
800 1054 910 1092 adhibea-

118 1091 191 1128 mus..
230 1091 275 1128 ald
300 1091 349 1128 voce.
391 1091 440 1128 Quid
457 1091 523 1128 tecum
555 1091 618 1128 iſthic
649 1091 772 1128 meditaris,
807 1091 908 1128 Philedo-

107 1125 142 1170 ne?
177 1125 219 1170 dum
247 1125 261 1170 te
292 1125 400 1170 Caffœaria
425 1125 526 1170 expectat
547 1125 665 1170 ſodalitas,
697 1125 711 1170 &
735 1125 850 1170 morantem
871 1125 903 1170 in-

107 1161 195 1198 crepat?
225 1161 287 1198 veni,
313 1161 411 1198 advola.

449 1201 570 1228 PHIL.

146 1231 274 1280 Excuſatum
311 1231 337 1280 me
351 1231 428 1280 habeat
447 1231 483 1280 iſta
505 1231 535 1280 tua
560 1231 681 1280 ſodalitas,
707 1231 828 1280 Chorœbe:
853 1231 901 1280 huic

103 1271 210 1308 intereſſc
233 1271 298 1308 hodie
321 1271 356 1308 non
386 1271 490 1308 poſſum.

445 1310 449 1338 C
477 1310 529 1338 HO
557 1310 585 1338 R.

152 1343 203 1380 Quid
225 1343 293 1380 vetat?

442 1383 446 1422 P
486 1383 566 1422 HIL.

136 1417 179 1444 Non
212 1417 281 1444 vacat.

434 1455 438 1482 C
468 1455 566 1482 HOR.

134 1487 180 1526 Hoe
201 1487 239 1526 eſt,
267 1487 302 1526 non
333 1487 403 1526 juvat.
431 1487 532 1526 Ainicum
560 1487 577 1526 &
602 1487 783 1526 contubernalem
815 1487 874 1526 contu

95 1519 183 1562 bernali
207 1519 221 1562 &
238 1519 315 1562 amico
333 1519 413 1562 licetne
430 1519 559 1562 admonere
577 1519 654 1562 paneis
