1000 1743
123 71 174 104 306
312 72 745 111 PHILEDONUS.
450 121 589 149 PHIL.
156 147 949 195 Hei! quàm vereor, ne quid ſervus ab Eraſto nuncii re-
118 194 949 233 portet mali. O Eraſte! miſer Eraſte! ... heu! ſortem ju-
117 230 948 267 vens acerbam!... Quod ſi mors illum eripiet mihi, quid
118 269 949 304 agam certum, deliberatum, & conſtitutum eſt; vobis,
116 306 949 345 voluptates perfidæ, quæ amicum tam citò profligaſtis, di-
118 342 930 378 cam æternum vale... Durum erit, fateor, carere volup-
117 379 949 413 tatibus quæ vel necando placent. At valeant tamen. Illis
116 415 949 450 cerere ſatius eſt, quàm per illas perire.... Ridebunt me,
116 452 949 486 credo equidem, ſodales protervi; & me ſtolidum, imbe-
116 488 949 525 cillum, falsò vel intempeſtivè pium appellabunt: at rideant
115 524 949 563 ſanè; præſtat rideri ab inſipientibus, quàm à ſapientibus
113 562 949 601 lugeri.... Erunt quoque amici crudeliter miſericordes,
112 598 949 633 qui me ad inſaniam velint revocare; & vitam juveni ſine
113 635 949 672 voluptate eſſe vitalem negent... Sed faceſſant procul; niſi
111 671 949 710 qui me ſobrium & caſtum amabit, mihi amicum reputabo
112 708 949 743 neminem: &, quæ vita hominem mortis æternæ reum
87 745 949 783 deceat, mecum aſſiduè cogitabo. Sedet altùm cogitans.
280 837 749 885 SCENA XI
109 887 916 935 CHOROEBUS, PHILEDONUS.
368 938 658 975 CHOR. à parte.
110 980 915 1016 EHO! qualis mihi offertur Philedonus! ut ceſſat! ut ſe-
105 1013 913 1056 det! ut ſuſpirat! vera de illo Trechedipnus memora-
106 1054 914 1092 vit. Ægrotat hic animo certe; huic medicinam adhibea-
103 1091 912 1128 mus...  altâ voce. Quid tecum iſthic meditaris, Philedo-
103 1125 910 1170 ne? dum te Caffœaria expectat ſodalitas, & morantem in-
102 1161 416 1198 crepat? veni, advola.
435 1201 576 1228 PHIL.
137 1231 949 1269 Excuſatum me habeat iſta tua ſodalitas, Chorœbe: huic
100 1271 493 1308 intereſſe hodie non poſſum.
434 1310 589 1338 CHOR.
134 1343 299 1380 Quid vetat?
431 1383 569 1422 PHIL.
106 1417 289 1444 Non vacat.
424 1455 573 1482 CHOR.
88 1487 899 1526 Hoc eſt, non juvat. Amicum & contubernalem contu-
88 1522 676 1562 bernali & amico licetne admonere paucis?
