1000 1743
199 75 392 112 7UVENIS
435 75 762 112 VOLUPTARIVS.
839 75 877 112 30

414 124 418 150 P
448 124 539 150 HIL.

120 160 171 195 Licet
193 160 321 195 admonere
339 160 460 195 pluribus,
489 160 500 195 ſi
522 160 595 195 lubet.

411 197 415 223 C
445 197 498 223 HO
525 197 547 223 R.

118 234 243 271 Admoneo
261 234 346 271 igitur,
379 234 393 271 &
415 234 463 271 oro,
489 234 514 271 ne
536 234 588 271 quid
610 234 650 271 iſto
679 234 742 271 ætatis
760 234 830 271 flore,
848 234 884 271 iſtâ

80 267 168 315 ingenii
191 267 313 315 feſtivitate
332 267 458 315 indignum
485 267 562 315 facias,
596 267 623 315 vel
650 267 745 315 cogites.

422 309 495 333 PHI
527 309 542 333 L.

116 342 208 381 Nequid
234 342 261 381 me
280 342 407 381 indignum
434 342 526 381 faeiaml
556 342 690 381 quomodo?

409 382 413 408 C
443 382 493 408 HO
523 382 550 408 R.

118 415 173 453 Illam
203 415 309 453 fovendo
327 415 404 453 aniimi
437 415 587 453 ægritudinem
627 415 671 453 quæ
700 415 715 453 te
748 415 836 453 coquit;
865 415 884 453 &

77 450 210 491 auſterioris
238 450 284 491 vitæ
305 450 420 491 eonſilium
445 450 571 491 agitando,
602 450 662 491 quod
686 450 760 491 neque
788 450 882 491 recipiat

88 490 140 533 ætas,
168 490 241 533 neque
262 490 359 533 patiatur
377 490 485 533 indoles.

426 528 549 554 PHIL.

123 562 211 600 Ergone
232 562 259 600 vel
287 562 343 600 meam
375 562 406 600 vel
427 562 553 600 cujusquam
591 562 661 600 ætatem
692 562 706 600 &
720 562 818 600 indolem
846 562 881 600 vir-

85 594 125 643 tuti
145 594 272 643 inhabilem
296 594 372 643 putas?

417 638 421 663 C
449 638 500 663 HO
527 638 551 663 R.

119 673 164 711 Non
192 673 231 711 hoe
255 673 318 711 puto.
356 673 394 711 Sed
419 673 454 711 non
485 673 551 711 virtus
576 673 649 711 omnis
673 673 722 711 ætati
750 673 813 711 omni
834 673 883 711 con-

93 706 150 763 eruit
161 706 161 763 ·

427 744 551 772 PIHIL.

120 782 164 818 Non
193 782 233 818 hoc
251 782 321 818 nego.
350 782 387 818 Sed
405 782 478 818 neque
507 782 580 818 vitium
606 782 675 818 ullum
708 782 756 818 ætati
770 782 810 818 ulli
836 782 880 818 con-

90 814 160 858 venire
181 814 292 858 nrbitror.

421 855 425 882 C
454 855 504 882 IO
533 855 557 882 R.

125 891 198 926 Rectè.
231 891 308 926 Neque
330 891 378 926 verò
407 891 513 926 juvenem
546 891 601 926 deeet
623 891 733 926 infamari
759 891 832 926 vitiis;
873 891 888 926 &

92 924 162 964 digito
190 924 305 964 monſtrari
329 924 350 964 ut
378 924 469 964 vappam
493 924 528 964 aut
556 924 717 964 nebulonem;
752 924 787 964 ſed
811 924 878 964 ipſum

89 964 115 1000 nil
142 964 192 1000 vetat
215 964 239 1000 iis
255 964 285 1000 uti
305 964 482 1000 voluptatilus,
512 964 562 1000 quas
578 964 621 1000 fert
641 964 735 1000 natura,
761 964 838 1000 ſuadet
851 964 885 1000 in-

93 999 163 1042 doles,
192 999 280 1042 excuſat
309 999 361 1042 ætas,
394 999 408 1042 &
427 999 467 1042 ipſa
493 999 569 1042 probat
595 999 753 1042 eonſuetudo.

433 1039 559 1073 PHIL.

136 1071 202 1110 Quid?
220 1071 246 1110 iis
264 1071 356 1110 quoque
374 1071 404 1110 uti
422 1071 594 1110 voluptatibus,
624 1071 675 1110 quas
693 1071 734 1110 fert
748 1071 822 1110 natuta
844 1071 888 1110 cor-

90 1102 166 1144 rupta:
193 1102 269 1144 ſuadet
286 1102 376 1144 indoles
389 1102 472 1144 prava;
502 1102 589 1144 excuſat
615 1102 652 1144 ætas
672 1102 818 1144 ineonſulta,
838 1102 884 1144 pro-

91 1143 124 1180 bat
147 1143 290 1180 conſuetudo
320 1143 380 1180 mala;
413 1143 466 1180 vetat
486 1143 556 1180 autem
586 1143 653 1180 caſtus
673 1143 759 1180 pudor;
799 1143 885 1180 damnat

92 1173 161 1223 ſancta
180 1173 230 1223 lex,
261 1173 276 1223 &
295 1173 406 1223 prohibet
425 1173 471 1223 ſana
490 1173 559 1223 ratio.

420 1219 424 1245 C
453 1219 505 1245 HO
534 1219 560 1245 R.

132 1252 180 1287 Sana
206 1252 257 1287 ratio
275 1252 316 1287 non
341 1252 466 1287 prohibet,
492 1252 536 1287 imo
561 1252 624 1287 jubet
646 1252 668 1287 iis
690 1252 730 1287 frui
756 1252 891 1287 oblectatio-

93 1283 159 1324 nibus
180 1283 229 1324 quas
243 1283 310 1324 affert
331 1283 436 1324 tempus,
467 1283 481 1324 &
498 1283 561 1324 locus
579 1283 649 1324 oſfert.
677 1283 754 1324 Nam,
771 1283 792 1324 ut
813 1283 890 1324 aiunt,

100 1323 195 1366 deſipere
214 1323 228 1366 in
254 1323 301 1366 loco
323 1323 338 1366 &
360 1323 466 1366 tempore
488 1323 561 1366 ſapere
586 1323 623 1366 eſt.

431 1364 553 1389 PHIL.

132 1394 219 1433 Nullum
247 1394 377 1433 inſaniendi
398 1394 489 1433 tempus
513 1394 552 1433 eſt,
580 1394 657 1433 nullus
671 1394 744 1433 locus.
772 1394 797 1433 Iis
814 1394 884 1433 autem

94 1426 136 1469 frui
160 1426 360 1469 ohlectationibus
377 1426 430 1469 quas
451 1426 531 1469 amaris
555 1426 573 1469 &
590 1426 678 1469 forſitan
720 1426 800 1469 æternis
825 1426 891 1469 lucti-

94 1462 132 1505 bus
153 1462 279 1505 expendas;
311 1462 360 1505 quas
384 1462 426 1505 totâ
457 1462 492 1505 vitâ
517 1462 622 1505 ineertus
639 1462 664 1505 ſis
681 1462 695 1505 nn
730 1462 765 1505 rite
786 1462 891 1505 expiave-

98 1502 133 1546 ris.
156 1502 194 1546 non
213 1502 336 1546 ſapientia,
362 1502 397 1546 ſed
408 1502 511 1546 inſania,
527 1502 561 1546 ſed
580 1502 707 1546 dementia,
733 1502 764 1546 ſed
779 1502 840 1546 furor
860 1502 894 1546 eſt.

662 1543 698 1569 U2

43 1685 64 1741 ii

988 1698 988 1718 .

188 1712 223 1734 X

949 1713 952 1740 t
