1000 1743
254 72 404 122 VVENIS
449 72 774 122 VOLUPTARIUS.
849 72 889 122 309

235 80 353 99 rI

418 131 541 159 PAIL.

113 170 179 195 Narra
207 170 297 195 autem.

400 205 562 232 ARIST.

127 241 193 278 Timet
206 241 239 278 illa
260 241 339 278 (quod
364 241 410 278 fieri
431 241 468 278 non
498 241 589 278 poteſt)
610 241 635 278 ne
652 241 668 278 te
689 241 718 278 ſui
739 241 806 278 eapiat
831 241 885 278 obli-

85 272 123 315 vio;
155 272 176 315 ne
207 272 322 315 maternum
347 272 448 315 amorem
472 272 486 315 in
514 272 553 315 tuo
570 272 689 315 extinguat
703 272 797 315 pectore
811 272 878 315 amor

77 313 160 359 aliquis
196 313 331 359 eregrinus.

414 353 536 380 PAIIL.

118 387 166 416 Hoe
188 387 218 416 illa
248 387 326 416 timet?

392 425 558 453 ARIST.

131 460 194 499 Timet
214 460 323 499 quidem,
352 460 369 499 &
389 460 435 499 ſuos
464 460 514 499 mihi
531 460 627 499 timores
652 460 702 499 ſæpe
723 460 881 499 ſignifieavit:

80 486 113 541 ſed
130 486 180 541 illos
196 486 279 541 aeriter
300 486 453 541 impugnavi.

415 537 539 563 PHIL.

115 572 170 609 Illam
200 572 251 609 amo
276 572 342 609 certè;
368 572 437 609 atque
455 572 474 609 ut
507 572 572 609 merita
598 572 635 609 eſt,
664 572 744 609 eximiè
770 572 854 609 diligo-

395 612 557 637 ARIST.

116 645 139 683 Ita
170 645 242 683 eredo.
292 645 372 683 Teque,
403 645 487 683 qualem
521 645 563 683 vidi
586 645 651 683 olim,
685 645 762 683 pium,
792 645 876 683 tempe-

80 674 183 717 rantem,
212 674 308 717 caſtum,
337 674 396 717 nune
418 674 473 717 etiam
509 674 561 717 eſſe,
590 674 605 717 &
630 674 711 717 deinde
729 674 773 717 fore
792 674 880 717 perſua-

83 715 125 760 ſum
150 715 233 760 habeo.

423 755 543 782 PHII.

119 790 174 821 Illud
196 790 350 821 eonfitendum
380 790 413 821 eſt,
449 790 526 821 multos
552 790 618 821 ineſſe
636 790 676 821 hac
695 790 706 821 in
735 790 790 821 urbe
812 790 878 821 virtu-

81 818 104 865 tis
123 818 238 865 ſeopulos,
268 818 349 865 quibus
368 818 464 865 juvenes
483 818 590 865 ineantos
609 818 670 865 allidi
697 818 713 865 &
736 818 808 865 frangi
831 818 881 865 faci-

96 861 96 908 e
121 861 156 908 eſt.

395 903 558 929 ARIST.

120 936 219 972 Ineautis
237 936 376 972 juvenibus,
409 936 424 972 &
442 936 515 972 parum
548 936 625 972 ſalutis
650 936 687 972 ſuæ
712 936 815 972 providis
837 936 877 972 ſeo-

83 966 132 1010 puli
151 966 197 1010 ſunt
216 966 300 1010 ubique
323 966 400 1010 obvii,
430 966 446 1010 &
469 966 560 1010 objecti:
591 966 625 1010 ſed
648 966 755 1010 deelinari
770 966 877 1010 poſſunt,

84 1005 96 1044 ſi
116 1005 196 1044 eurſum
224 1005 280 1044 rectè
307 1005 399 1044 dirigas;
427 1005 439 1044 ſi
459 1005 495 1044 non
527 1005 563 1044 quà
587 1005 642 1044 itur,
670 1005 706 1044 ſed
726 1005 762 1044 quâ
786 1005 806 1044 ſit
830 1005 878 1044 eun-

88 1043 151 1082 dum,
187 1043 308 1082 diligenter
334 1043 473 1082 conſidẽres:
498 1043 608 1082 inprimis
630 1043 674 1082 verò
703 1043 714 1082 ſi
736 1043 831 1082 comites
846 1043 879 1082 iti-

85 1080 142 1116 neris
165 1080 276 1116 adhibeas
295 1080 380 1116 probos
406 1080 529 1116 duntaxat,
559 1080 575 1116 &
594 1080 690 1116 ſobrios.
724 1080 755 1116 Sic
774 1080 827 1116 enim
854 1080 881 1116 fa-

89 1116 122 1154 cilè
151 1116 228 1154 curſum
264 1116 294 1154 vel
326 1116 385 1154 media
414 1116 469 1154 inter
495 1116 539 1154 ſaxa
572 1116 689 1154 obtinebis
714 1116 780 1154 longè
806 1116 879 1154 ſecun-

103 1104 225 1212 uu.

19 1206 122 1234 lXX
215 1206 215 1234 X
533 1206 533 1234 X
563 1206 563 1234 X
596 1206 596 1234 X
626 1206 626 1234 4

232 1222 360 1251 X
454 1222 640 1251 XXXXX

230 1252 308 1288 SC
374 1252 524 1288 ENA
614 1252 758 1288 XIII.

102 1288 107 1344 o
142 1288 475 1344 ENOPIILUS,
510 1288 884 1344 PHILEDONES,

280 1340 700 1368 ARISTOBULUS.

138 1387 145 1426 O
162 1387 281 1426 ENOPH,
313 1387 400 1426 ridens,
428 1387 449 1426 &
470 1387 519 1426 pede
536 1387 645 1426 titubunti
669 1387 774 1426 incedens
799 1387 855 1426 quuſi

234 1425 276 1460 vino
304 1425 412 1460 madidus,
440 1425 461 1460 &
478 1425 583 1460 perpetuò
604 1425 743 1460 balbutiens.

130 1449 236 1527 .
199 1449 236 1527 ha.
268 1449 299 1527 ha.
357 1449 389 1527 Qui
405 1449 426 1527 ·
426 1449 426 1527 ·
542 1449 569 1527 ho
611 1449 648 1527 eſt,
680 1449 849 1527 conubernalis
880 1449 891 1527 &

158 1502 250 1534 conviva
272 1502 356 1534 noſter?
389 1502 463 1534 Audio
477 1502 492 1534 te
514 1502 532 1534 te
547 1502 624 1534 triſtem
657 1502 675 1534 ae
708 1502 814 1534 moroſum
844 1502 888 1534 eſſe.

683 1543 717 1577 U3

43 1683 73 1741 i

939 1712 975 1740 ii
