1000 1743
328 70 738 117 PIIILEDONUS,

127 89 170 114 3I0

128 124 178 177 Mi,
216 124 249 177 mi,
286 124 340 177 mitte
361 124 486 177 triſtitiam.
528 124 619 177 Imitare
652 124 690 177 me,
715 124 752 177 ha,
777 124 819 177 ha,
844 124 881 177 ha,
910 124 927 177 &

127 168 284 212 amplectere,
310 168 329 212 ut
352 168 391 212 tibi
410 168 440 212 af,
463 168 498 212 af,
525 168 594 212 afflem
617 168 728 212 lætitiam.
762 168 804 212 Ha,
827 168 869 212 ha,
892 168 927 212 ha.

470 206 595 243 PHIL.

164 240 259 287 Abſtine
281 240 367 287 quæſo,
389 240 406 287 &
423 240 462 287 ubi
475 240 510 287 ſis,
540 240 609 287 qualis
626 240 661 287 ſis,
687 240 734 287 quis
747 240 816 287 adſit,
838 240 928 287 reſpiee.

430 279 634 307 OENOPH.

179 307 267 356 Qui·
292 307 325 356 qui
267 307 362 356 ·
362 307 362 356 ·
404 307 450 356 quis
466 307 500 356 ille
520 307 558 356 eſt?
579 307 641 356 ipſum
670 307 695 356 no
716 307 716 356 ·
737 307 737 356 ·
778 307 824 356 no.
870 307 870 356 ·
890 307 928 356 no-

130 350 161 388 vi,
184 350 207 388 ni
222 350 295 388 fallor.
337 350 360 388 An
391 350 467 388 fallor?
502 350 666 388 no.
567 350 685 388 ·
708 350 747 388 non
773 350 846 388 fallor.
881 350 926 388 Ari-

127 385 234 433 ſtohulus
253 385 276 433 eſt
307 385 364 433 mi..
414 385 490 433 mi..
521 385 567 433 mihi
590 385 632 433 olim
662 385 785 433 cognitus,
819 385 862 433 dum
881 385 892 433 is
904 385 919 433 in

127 424 199 463 legum
227 424 303 463 ſtudio
327 424 462 463 verſaretur;
494 424 530 463 ego
558 424 570 463 in
602 424 674 463 ſtadio
705 424 801 463 Phi...
829 424 925 463 Philoſo-

128 460 194 501 phieo
216 460 370 501 excurrerem.
399 460 450 501 No.
487 460 487 501 .
509 460 571 501 no..
615 460 655 501 non
681 460 695 501 tu
732 460 754 501 me
772 460 893 501 agnoſeis?

444 500 604 528 ARIST.

176 533 213 575 Quo
234 533 251 575 te
280 533 343 575 magis
364 533 472 575 inſpicio,
501 533 539 575 hoc
568 533 635 575 minùs
651 533 768 575 agnoſeo.

431 573 435 608 O
467 573 639 608 ENOPH.

161 605 252 645 No...
275 605 317 645 n0..
382 605 420 645 non
451 605 462 645 tu
500 605 645 645 Oenophilum
676 605 748 645 noſti?

444 649 606 674 ARIST.

170 675 322 722 Oenophilum
350 675 402 722 certè
418 675 486 722 novi,
514 675 606 722 uvenem
630 675 746 722 nobilem,
770 675 786 722 &
802 675 858 722 bene
886 675 922 722 mo-

123 724 213 745 ratum.

421 755 629 784 OENOPH.

159 785 184 831 Ita
212 785 289 831 he...
310 785 365 831 bene
393 785 516 831 moratum,
551 785 589 831 hoc
617 785 641 831 eſt
669 785 757 831 no...
781 785 819 831 non
854 785 921 831 moro-

124 826 197 866 ſum..
235 826 235 866 .
266 826 300 866 Ille
323 826 361 866 ego
384 826 438 866 ſum.
465 826 533 866 Ipſum
568 826 591 866 me
614 826 686 866 vides.

447 864 608 894 ARIST.

161 898 289 935 Ingenuum
321 898 337 935 &
353 898 489 935 liheralem.

423 930 633 966 OENOPH.

158 968 185 1014 Sic
208 968 231 1014 eſt
258 968 327 1014 li..
354 968 423 1014 li...
453 968 587 1014 liberalem,
614 968 649 1014 nec
672 968 779 1014 avarum.
825 968 859 1014 Ille
882 968 921 1014 ego

120 1007 182 1043 ſum,
208 1007 277 1043 ipſum
310 1007 336 1043 me
358 1007 432 1043 vides.

432 1048 436 1075 A
472 1048 594 1075 RIST.

168 1079 260 1109 Omninò
285 1079 402 1109 ſobrium.

416 1120 626 1147 OENOPH.

152 1151 233 1186 So...
257 1151 331 1186 ſo...
352 1151 450 1186 ſobrium
481 1151 590 1186 omnino,
614 1151 656 1186 hoc
677 1151 702 1186 eſt
723 1151 807 1186 no..
831 1151 912 1186 no.

115 1187 155 1229 non
184 1187 279 1229 omnino
305 1187 400 1229 ebrium.
429 1187 462 1229 Ille
484 1187 524 1229 ego
542 1187 601 1229 ſum,
630 1187 696 1229 ipſum
732 1187 754 1229 me
783 1187 853 1229 vides.

434 1227 438 1255 A
474 1227 598 1255 RIST.

151 1259 214 1299 Nunc
232 1259 305 1299 annos
322 1259 396 1299 natum
423 1259 458 1299 non
486 1259 587 1299 amplius
612 1259 692 1299 viginti
716 1259 783 1299 duos.

411 1300 418 1331 O
449 1300 619 1331 ENOPH.

148 1333 225 1374 Annos
246 1333 323 1374 na...
344 1333 407 1374 na..
407 1333 425 1374 .
446 1333 533 1374 natum.
575 1333 621 1374 Quot
635 1333 722 1374 annos?
750 1333 817 1374 no...
838 1333 894 1374 no..

109 1368 144 1405 non
176 1368 230 1405 bene
261 1368 419 1405 memini...
448 1368 460 1405 It
492 1368 580 1405 na..
603 1368 675 1405 natum
694 1368 767 1405 annos
786 1368 846 1405 plus,
878 1368 906 1405 ni-

113 1403 166 1446 nus,
201 1403 281 1446 viginti
304 1403 408 1446 duos..
438 1403 469 1446 Ille
492 1403 527 1446 ego
553 1403 611 1446 ſum:
642 1403 707 1446 ipſum
745 1403 768 1446 me
791 1403 864 1446 vides.

434 1443 594 1474 ARTST.

145 1472 167 1514 At
189 1472 263 1514 vultus
281 1472 318 1514 iſte
350 1472 471 1514 marcidus,
501 1472 515 1514 &
530 1472 621 1514 papulis
640 1472 720 1514 rubens
739 1472 856 1514 hominem
878 1472 907 1514 in-

108 1510 160 1551 dicat
174 1510 237 1551 anno
266 1510 325 1551 ætatis
343 1510 534 1551 quudrageſimo,
556 1510 614 1551 quàm
640 1510 750 1551 vigeſimo
765 1510 908 1551 propiorem.

45 1697 64 1740 i
