1000 1743
189 79 389 118 7UVENIS
434 79 749 118 VOLUPTARIUS.
824 79 864 118 3II

359 131 367 159 O
397 131 573 159 ENOIH.

108 158 188 206 Fo...
208 158 284 206 fo...
304 158 396 206 fortaſſe
416 158 520 206 quidem.
548 158 588 206 Sed
616 158 692 206 mi...
724 158 804 206 mi...
836 158 864 206 mi-

68 201 106 245 rari
130 201 209 245 deſine.
255 201 313 245 Brevi
334 201 442 245 tempore
471 201 554 245 multùm
588 201 642 245 vixi.
691 201 737 245 Qui,
758 201 804 245 qui,
829 201 862 245 qui

68 242 119 282 enim
156 242 236 282 multum
262 242 335 282 bibit,
368 242 456 282 multum
481 242 543 282 vivit.
584 242 617 282 Qui
693 242 748 282 quid
770 242 851 282 vultum

65 279 160 318 avertis,
193 279 329 318 Philedone?
358 279 439 318 no...
461 279 486 318 no
505 279 541 318 ..
571 279 607 318 non
640 279 655 318 tu
684 279 710 318 ita
732 279 813 318 ſentis,
846 279 861 318 &

75 312 147 362 doces?
174 312 210 362 lo.
250 312 250 362 ·
273 312 367 362 loquere
385 312 466 362 igitur.
516 312 565 362 Quid
592 312 678 362 pudet?

404 354 528 398 PHIL.

104 386 139 428 Me
161 386 230 428 pudet
247 386 290 428 tui.

366 427 576 453 OENOPH.

101 461 143 498 Ne,
169 461 207 498 ne,
234 461 257 498 ne
284 461 368 498 pudeat
391 461 463 498 fateri.
505 461 520 498 Et
540 461 551 498 tu
593 461 669 498 mecum
704 461 780 498 ſentis,
814 461 860 498 Ari-

68 489 212 546 ſtobule..
244 489 316 546 Bi..
340 489 400 546 bi..
440 489 516 546 bibere
544 489 616 546 vivere
640 489 676 546 eſt.

384 538 548 565 ARIST.

109 572 170 610 Vitam
201 572 239 610 ego
258 572 270 610 in
300 572 408 610 ſapientiâ
431 572 522 610 poſitam
549 572 618 610 puto:
656 572 672 610 &
691 572 706 610 is
733 572 790 610 ſolus
821 572 859 610 meo

66 606 150 661 judicio
181 606 265 661 multum
296 606 365 661 vivit,
392 606 426 661 qui
453 606 541 661 multum
568 606 633 661 ſapit.

356 648 363 674 O
396 648 563 674 ENOPH.

113 680 208 722 Ohl...
229 680 279 722 ſa..
296 680 296 722 ·
316 680 387 722 ſa..·
408 680 470 722 ſapio
495 680 599 722 multùm.
632 680 707 722 Atque
724 680 736 722 ſi
761 680 861 722 Philedo-

70 716 116 760 num
146 716 254 760 excipias,
288 716 323 760 qui
353 716 380 760 me
407 716 468 760 omni
495 716 564 760 ſa...
587 716 656 760 ſa..
679 716 756 760 ſapore
783 716 863 760 vineit,

68 755 131 804 ne..
173 755 215 804 ne.
278 755 344 804 nemo
365 755 439 804 vinum
463 755 547 804 bonum
582 755 656 804 maelius
673 755 740 804 ſapit.

411 794 528 820 PHIL.

116 830 193 867 Omitte
223 830 246 867 me
269 830 353 867 quæſo,
383 830 402 867 &
422 830 490 867 te.·

388 867 553 893 ARIST.

108 891 188 939 Novam
215 891 303 939 prorſus
338 891 433 939 didiciſti
456 891 613 939 ſapientiam,
648 891 671 939 ex
694 891 736 939 quo
766 891 862 939 Philoſo-

87 933 124 991 hiæ
153 933 240 991 operam
265 933 277 991 in
306 933 385 991 ſcholis
414 933 489 991 dabas.

366 973 570 1002 OENOPH.

107 1007 199 1039 No·
224 1007 250 1039 no
290 1007 290 1039 ·
334 1007 411 1039 novam
433 1007 447 1039 in
473 1007 586 1039 conviviis
604 1007 670 1039 Phi..
699 1007 791 1039 Phi..
820 1007 864 1039 Phi-

72 1036 190 1082 loſophiam
225 1036 298 1082 doeuit
328 1036 351 1082 me
371 1036 524 1082 Philedonus,
555 1036 631 1082 v0...
658 1036 781 1082 voluptatis
804 1036 865 1082 magi-

76 1081 110 1128 ſter
132 1081 183 1128 ſa..
200 1081 200 1128 ·
222 1081 256 1128 ſa.
274 1081 274 1128 ·
295 1081 295 1128 ·
321 1081 510 1128 ſapientiſſimus.

412 1121 534 1147 PHIL.

110 1146 154 1197 Non
182 1146 194 1197 tu
226 1146 246 1197 de
274 1146 298 1197 me
326 1146 414 1197 ſilebis?

366 1192 373 1219 O
406 1192 577 1219 ENOPH.

117 1223 193 1259 Ve..·
220 1223 273 1259 Ve.
319 1223 400 1259 veteris
423 1223 491 1259 tamen
530 1223 579 1259 Phi.
652 1223 740 1259 Phi...
771 1223 866 1259 Philoſo-

73 1258 128 1304 phiæ
142 1258 230 1304 aliquid
252 1258 391 1304 retineo..
416 1258 431 1304 &
442 1258 541 1304 adimitto
559 1258 676 1304 horrorem
705 1258 709 1304 à
734 1258 815 1304 va...
840 1258 866 1304 v-

77 1301 119 1344 cuo.
153 1301 192 1344 Ego
213 1301 328 1344 nunquam
356 1301 394 1344 ſum
425 1301 499 1344 va...
530 1301 621 1344 vacuus.

393 1338 552 1364 ARIST.

110 1361 209 1411 Multum
239 1361 320 1411 vacuus
339 1361 377 1411 eſt,
407 1361 438 1411 qui
457 1361 480 1411 ſie
507 1361 583 1411 plenus
606 1361 644 1411 eſt.

373 1408 380 1436 O
415 1408 530 1436 ENOP
561 1408 582 1436 H.

116 1434 193 1478 Va...
235 1434 277 1478 a..
322 1434 413 1478 vaeuus,
441 1434 532 1478 plenus.
587 1434 640 1478 Quo,
664 1434 717 1478 quo,
744 1434 867 1478 quomodo

81 1474 145 1516 dicis?
173 1474 209 1516 qui
229 1474 229 1516 ·
249 1474 249 1516 ·
293 1474 324 1516 qui
348 1474 432 1516 vaeuus
452 1474 492 1516 eſt,
524 1474 603 1516 plenus
623 1474 687 1516 eſt.
735 1474 767 1516 hie
799 1474 871 1516 diſtin-

84 1515 196 1568 guendum
225 1515 296 1568 eſt...
333 1515 412 1568 Di...
441 1515 566 1568 diſtinguo.
620 1515 661 1568 Qui,
694 1515 728 1568 qui
748 1515 840 1568 vacuus.
840 1515 873 1568 ··

670 1552 709 1584 U4

69 1685 69 1740 i

940 1718 978 1740 ii
