1000 1743
309 72 721 119 PHILEDONUS,

111 83 152 119 3I4

450 130 458 158 P
486 130 578 158 HIL.

145 163 237 201 Amieus
262 163 310 201 mihi
335 163 456 201 cariſſimus
478 163 573 201 revixit,
602 163 730 201 convaluit.
763 163 796 201 Per
814 163 829 201 te
858 163 902 201 mihi

106 200 179 240 quæſo
201 200 263 240 liceat
282 200 307 240 ad
325 200 384 240 illum
417 200 497 240 viſere.

333 239 374 270 PO
408 239 421 270 L.
468 239 519 270 erum
547 239 673 270 continens.

143 274 249 302 Nondum
278 274 345 302 licet.

442 314 568 342 PHIL.

153 346 248 400 Quidni?
278 346 330 400 quid
356 346 425 400 vetat?

461 387 557 418 POL.

149 410 241 460 Quieſcit
265 410 357 460 Eraſtus.
405 410 501 460 Dormit.
549 410 589 460 Cùm
625 410 713 460 viſendi
737 410 829 460 tempus
853 410 889 460 erit

102 458 141 500 ego
160 458 179 500 te
206 458 309 500 monebo.
340 458 390 500 Sine
409 458 505 500 quieſcat
528 458 635 500 interim;
666 458 681 500 &
700 458 716 500 tu
743 458 846 500 quieſce.

235 496 338 536 PHIL.
367 496 481 536 vinolento
499 496 554 536 ſervi
587 496 639 536 aliu
664 496 760 536 aſſlatus.

135 531 227 570 Sinam;
258 531 273 570 &
292 531 419 570 quieſcam.
453 531 472 570 At
499 531 572 570 Phu.·

458 572 500 599 PO
535 572 550 599 L.

140 603 209 646 Vinum
248 603 301 646 nmeus
324 603 416 646 fortaſſe
439 603 478 646 olet
501 603 604 646 ſpiritus.

434 646 556 672 PIIL.

127 676 191 719 Mihi
218 676 268 719 certè
287 676 352 719 totam
378 676 424 719 uno
447 676 520 719 ſpiritu
546 676 649 719 popinam
680 676 798 719 inhalaſti.

446 718 487 745 PO
521 718 536 745 L.

125 749 169 790 Non
202 749 220 790 ex
242 749 329 790 popinâ
348 749 417 790 tamen
443 749 530 790 aſlatur
552 749 585 790 hie
611 749 669 790 odor.
702 749 742 790 Me
761 749 830 790 ſemel
852 749 885 790 ite-

90 786 188 828 rumque
209 786 293 828 poculo
314 786 422 828 iuvitavit
450 786 510 828 Eraſti
534 786 646 828 famulus,
674 786 691 828 ut
712 786 835 828 reſtitutam
856 786 884 828 he-

87 824 108 863 ro
129 824 164 863 ſuo
189 824 339 863 valetudinem
373 824 506 863 gratularer.
541 824 579 863 Ego
597 824 635 863 ſum
659 824 788 863 obſecutus.
816 824 883 863 Idque

85 859 123 898 tibi
144 859 179 898 non
207 859 365 898 improbatum
393 859 417 898 iri
441 859 532 898 credidi.
560 859 585 898 An
613 859 746 898 improbas?

425 901 552 938 PHIL.

131 932 211 973 Laudo.
244 932 259 973 Et
284 932 328 973 mihi
350 932 441 973 quoque
463 932 503 973 cum
529 932 609 973 amicis
628 932 697 973 hodie
723 932 829 973 gratulari
851 932 880 973 vo-

84 968 109 1010 lo.
151 968 308 1010 Obſonatorem
336 968 409 1010 adito,
444 968 588 1010 Polydrome.
629 968 647 1010 Ut
664 968 741 1010 cœnam
769 968 832 1010 nobis
853 968 881 1010 ſo-

79 1006 119 1043 lito
139 1006 255 1043 lautiorem
282 1006 391 1043 apparet,
421 1006 507 1043 curato.

435 1047 480 1075 PO
510 1047 525 1075 L.

120 1077 138 1113 Id
160 1077 241 1113 curabo
263 1077 413 1113 ſedulò...
450 1077 527 1113 Vivant
549 1077 604 1113 ſervi
633 1077 762 1113 mendaces.

155 1128 155 1148 Y
249 1128 249 1148 X
343 1128 343 1148 X
593 1128 593 1148 X

236 1173 315 1210 SC
377 1173 468 1210 EN
525 1173 734 1210 AXVI.

362 1166 362 1192 T

121 1223 440 1271 PHILEDONUS,
483 1223 840 1271 ARISTOBULUS.

417 1276 538 1302 PHIL.

120 1307 288 1339 DERISmihi
310 1307 332 1339 ad
357 1307 456 1339 cœnam,
489 1307 631 1339 Ariſtobule.

396 1350 554 1374 ARIST.

109 1379 153 1419 Non
182 1379 281 1419 equidem
310 1379 387 1419 hodie.
420 1379 467 1419 Nam
500 1379 544 1419 viro
573 1379 621 1419 mihi
646 1379 665 1419 &
683 1379 869 1419 neceſſitudine,

77 1413 92 1458 &
110 1413 224 1458 aſfinitate
246 1413 433 1458 conjunctiſſimo
455 1413 558 1458 promiſi.
616 1413 660 1458 Quis
682 1413 756 1458 autem
789 1413 870 1458 Eraſtus

68 1450 115 1492 ille,
145 1450 203 1492 quem
229 1450 269 1492 tibi
291 1450 416 1492 reſtitutum
452 1450 547 1492 gaudes?
580 1450 599 1492 an
632 1450 665 1492 ille
686 1450 807 1492 popularis
833 1450 870 1492 no-

70 1485 125 1529 ſter,
151 1485 210 1529 filius
228 1485 349 1529 parentum
371 1485 466 1529 unicus;
499 1485 513 1529 &
532 1485 543 1529 in
572 1485 623 1529 ſpem
645 1485 781 1529 ampliſſimi
799 1485 869 1529 patri-

78 1522 145 1550 monii
162 1522 229 1550 natus
