1000 1743
318 81 733 118 PIIILEDONUS,

121 82 162 116 316

409 136 621 163 OENOPH.

158 167 282 211 Oh.
224 167 341 211 pa
264 167 359 211 .
282 167 300 211 ·
395 167 395 211 ·
417 167 512 211 palatum
538 167 549 211 in
582 167 596 211 eâ
618 167 637 211 re
655 167 688 211 uſu
717 167 805 211 erudivi
827 167 911 211 plu...

113 205 223 253 plurimo.
260 205 330 253 Audio
348 205 465 253 interdum
491 205 502 253 in
535 205 733 253 Amphitheatro,
762 205 795 253 qui
814 205 814 253 ·
854 205 854 253 ·
883 205 916 253 qui

110 242 190 285 audito
209 242 319 285 poëmate
337 242 425 285 tragieo
443 242 469 285 vel
487 242 590 285 comieo,
615 242 688 285 dicant
699 242 740 285 hoe
758 242 820 285 So...
846 242 912 285 So..

113 278 272 326 Sophoclæum
301 278 380 326 eſt...
422 278 480 326 Iſtud
509 278 547 326 Eu.
613 278 763 326 Euripidæum
792 278 826 326 eſt.
859 278 917 326 Illud

121 315 183 349 Plau.
202 315 202 349 ·
248 315 370 349 Plautinum
401 315 432 349 eſt.
470 315 516 349 Hoc
547 315 620 349 Te..
654 315 811 349 Terentianum
842 315 873 349 eſt.

116 352 156 394 Ego
188 352 272 394 guſtato
304 352 352 394 vino
380 352 447 394 ſtatim
483 352 547 394 dieo,
579 352 619 394 hoc
647 352 722 394 Be...
750 352 854 394 Belnenſe
878 352 910 394 eſt.

112 388 172 436 Iſtud
192 388 276 436 Au...
300 388 439 436 Auvillæum
463 388 495 436 eſt.
523 388 579 436 Illud
599 388 659 436 ſi...
679 388 742 436 ſi...
766 388 902 436 Sillerarium

114 424 195 464 eſt...
217 424 264 464 Hæc
286 424 385 464 doctrina
411 424 458 464 po.
542 424 564 464 0.
586 424 586 464 ·
608 424 685 464 potior
707 424 748 464 eſt:
773 424 817 464 hæc
843 424 909 464 do.-

116 461 212 501 docirina
242 461 276 501 mea
303 461 337 501 eſt.
368 461 406 501 Ha,
429 461 463 501 ha,
490 461 524 501 ha.

659 510 761 535 4

236 514 314 558 XXT
362 514 422 558 XXX
455 514 455 558 x
527 514 886 558 XXXXXT

242 560 324 596 SC
388 560 475 596 EN
540 560 545 596 A
633 560 790 596 XVIII.

207 609 523 641 ECHHEDIPNUS,
565 609 882 641 OENOPHILUS.

456 663 591 687 RECH.

163 730 229 763 ſilium
257 730 327 763 venit.

156 698 259 737 BINAM
290 698 424 737 Chorœbus?
455 698 554 737 nondum
589 698 623 737 ille
646 698 673 737 ad
699 698 826 737 habendum
856 698 902 737 eon-

407 775 410 803 O
443 775 616 803 ENOPH.

141 808 233 850 No..
252 808 279 850 no
313 808 328 850 ..
351 808 466 850 nondum.
505 808 528 850 Eſt
547 808 581 850 ille
600 808 623 850 ut
643 808 696 850 ju..
712 808 712 850 ·
742 808 838 850 uniores
857 808 899 850 qui-

100 843 153 882 piam
174 843 188 882 in
219 843 334 882 Provineiâ
348 843 421 882 noſtrâ
442 843 515 882 ve...
540 843 613 882 Ve..
637 843 791 882 velociſſimus
805 843 833 882 ad
850 843 896 882 con-

103 880 205 925 vivium;
229 880 254 925 ad
275 880 387 925 conſilium
415 880 565 925 tardiſſimus.
593 880 691 925 Auditur
712 880 786 925 cuntus
807 880 824 925 ex
849 880 898 925 poſt-

97 916 177 955 ſcenio,
212 916 282 955 Oenopb
307 916 408 955 numeros
425 916 520 955 repetit,
544 916 572 955 la,
597 916 625 955 la,
652 916 677 955 la.
705 916 824 955 Auſculta,
855 916 894 955 Tre-

103 952 222 993 chedipne.
257 952 272 993 En
299 952 337 993 tibi
356 952 414 993 adeſt
437 952 510 993 noſter
540 952 613 993 Cho..
663 952 797 993 Chorœbus.

494 1016 586 1033 4

251 1055 257 1096 S
327 1055 333 1096 C
397 1055 402 1096 E
461 1055 548 1096 NA
635 1055 757 1096 XIX.

145 1106 145 1148 C
169 1106 434 1148 IOROEBUS,
482 1106 858 1148 TRECHEDIPNUS.

314 1146 690 1177 OENOPHILUS.

222 1196 338 1238 CHOR.
365 1196 494 1238 ingreditur
515 1196 620 1238 numieros
648 1196 767 1238 modulans.

140 1235 162 1268 A,
192 1235 218 1268 la,
244 1235 274 1268 Ia.

273 1275 443 1313 OENOPH.
482 1275 596 1313 Chorœbum
621 1275 722 1313 imitans.

134 1310 166 1350 La,
190 1310 218 1350 la,
242 1310 266 1350 la.
302 1310 386 1350 Aecede
402 1310 474 1350 igitur
502 1310 598 1350 Cho..
634 1310 750 1350 Chorœbe.
790 1310 802 1350 Et
826 1310 890 1350 iſthie

92 1344 148 1390 ſede.
184 1344 248 1390 Tu..
264 1344 264 1390 ·
288 1344 300 1390 tu
324 1344 384 1390 illie,
420 1344 588 1390 Trechedipne.
628 1344 664 1390 Ego
684 1344 736 1390 hie,
764 1344 796 1390 he
816 1344 888 1390 ſedeo.

89 1381 138 1418 Nam
166 1381 187 1418 ut
205 1381 229 1418 ad
250 1381 324 1418 bi..
345 1381 488 1418 bibendum,
516 1381 540 1418 ſic
565 1381 589 1418 ad
617 1381 778 1418 conſulendum
806 1381 841 1418 ſe.

88 1416 161 1462 ſedere
184 1416 331 1462 commodius
358 1416 391 1462 eſt.
428 1416 474 1462 Rem
504 1416 601 1462 pro.·
628 1416 681 1462 Dro.
744 1416 885 1462 proponite,

94 1451 110 1498 &
134 1451 254 1498 conſulite.
286 1451 326 1498 Ego
342 1451 422 1498 ſu...
442 1451 542 1498 ſuffragia
570 1451 694 1498 colligam.

413 1496 524 1531 TREC
552 1496 577 1531 H.

124 1524 161 1563 Res
179 1524 252 1563 hercle
281 1524 350 1563 magna
372 1524 387 1563 in
420 1524 533 1563 conſilium
566 1524 635 1563 venit.

40 1697 65 1740 i
