1000 1743
194 64 892 115 UVENIS VOLUPTARIUS. 3IY
403 123 558 151 CHOR.
118 154 857 192 De ſanando Philedoni animo deliberandum ſcilicet.
390 196 580 224 TRECH.
116 228 729 272 Non de ipsâ re, ſed de modo agendum eſt.
375 270 603 297 OENOPH.
116 300 893 349 Qui ... quid ais de re, non de modo? non intelligo.
391 343 582 371 TRECH.
118 375 891 415 Aio non de re deliberandum eſſe; hoc eſt, utrùm ad
15 410 892 463 voluptatem revocandus ſit Philedonus. Id enim jam fixum
15 446 352 495 ac deliberatum eſt.
371 489 601 518 OENOPH.
115 520 928 562 Si... ſi... ſi jam deliberatum eſt, de... de... de-
16 546 889 602 liberandum non eſt. Sed nihil de... de.:. deliberatum eſt.
371 599 585 627 TRECH.
116 631 892 670 Annon hoc deliberatum & certum eſt, non debere Phi-
16 656 891 711 ledonum tam citò à voluptatibus abſtrahere ſe, qui ætate
17 705 243 747 juvenis eſt?
340 745 557 776 CHOR.
115 777 714 820 Haud ſanè juvenem decet tam citò ſapere.
371 819 595 847 OENOPH.
115 851 893 895 Ve... veriſſimè. Nam qui, qui juvenes ſunt, ſe...
19 880 302 933 ſenes non ſunt.
394 928 585 957 TRECH.
121 960 393 999 Qui auro dives eſt.
413 1002 566 1029 CHOR.
117 1032 876 1077 Illum profecto divitiis oportet benè & liberaliter uti.
369 1073 596 1102 OENOPH.
121 1106 895 1149 Pla... planiſſime; & quo... quoniam aurum no...
18 1132 895 1183 non bibitur; auro id emendum eſt, quo... quod bibatur.
391 1182 580 1210 TRECH.
119 1212 753 1257 Qui nullo munere vel negotio occupatus eſt.
409 1256 564 1283 CHOR.
105 1284 892 1335 Quoniam, nihil habet negotii, huic eſto negotium ge-
20 1310 294 1361 nio indulgere.
373 1364 604 1392 OENOPH.
119 1380 895 1432 Ma... maximè. In hanc urbem ad ju... jus civile
21 1421 899 1475 diſcendum miſſus equidem eſt; ſed ju... ius civile, &
21 1460 921 1505 Gen... Gentium non le... legendo, ſed bi ... bibeudo
21 1498 588 1540 more Græco di... di... diſcitur.
10 1682 109 1741 t
813 1710 898 1734 t ara-
134 1710 260 1735 r
857 1717 997 1740 i
