1000 1743
249 64 404 115 VVENIS
450 64 774 115 VOLUPTARIUS.
846 64 882 115 3IV

417 123 421 151 C
447 123 496 151 HO
527 123 549 151 R.

132 154 155 192 De
178 154 281 192 ſanando
312 154 430 192 Philedoni
449 154 529 192 animo
556 154 724 192 deliberandum
751 154 850 192 ſcilicet.

407 196 523 224 TREC
552 196 577 224 H.

122 228 164 272 Non
199 228 218 272 de
237 228 279 272 ipsâ
302 228 333 272 re,
359 228 394 272 ſed
417 228 436 272 de
462 228 524 272 modo
543 228 653 272 agendum
688 228 722 272 eſt.

389 270 599 297 OENOPH.

135 300 163 349 Qui
179 300 179 349 .
179 300 199 349 ·
219 300 219 349 ·
243 300 295 349 quid
315 300 343 349 ais
367 300 382 349 de
406 300 438 349 re,
466 300 502 349 non
538 300 554 349 de
586 300 661 349 modo?
689 300 725 349 non
757 300 885 349 intelligo.

407 343 523 371 TREC
551 343 576 371 H.

124 375 157 415 Aio
175 375 212 415 non
252 375 274 415 de
296 375 311 415 re
344 375 512 415 deliberandum
549 375 600 415 eſſe:
626 375 666 415 hoc
696 375 732 415 eſt,
758 375 831 415 utrùm
861 375 887 415 ad

90 410 226 463 voluptatem
255 410 401 463 revocandus
416 410 438 463 ſit
460 410 606 463 Philedonus.
636 410 654 463 Id
680 410 731 463 enim
757 410 793 463 jam
812 410 878 463 fixum

82 446 102 495 ae
134 446 278 495 deliberatum
310 446 346 495 eſt.

385 489 593 518 OENOPI.

125 520 198 562 Si..
225 520 255 562 ſi.
309 520 320 562 ſi
336 520 370 562 iam
401 520 546 562 deliberatum
577 520 615 562 eſt,
646 520 718 562 de.
745 520 829 562 de...
856 520 887 562 de-

83 546 227 602 liberandum
251 546 287 602 non
311 546 343 602 eſt.
375 546 411 602 Sed
427 546 487 602 nihil
503 546 563 602 de...
587 546 655 602 de..
679 546 827 602 deliberatum
851 546 887 602 eſt.

414 599 526 627 TREC
554 599 582 627 H.

122 631 199 670 Annon
226 631 268 670 hoc
287 631 433 670 deliberatum
463 631 478 670 &
505 631 582 670 certum
612 631 647 670 eſt,
674 631 712 670 non
743 631 823 670 debere
842 631 884 670 Phi-

80 656 190 711 ledonum
216 656 252 711 tam
282 656 315 711 citò
340 656 340 711 à
366 656 527 711 voluptatibus
549 656 681 711 abſtrahere
711 656 740 711 ſe,
769 656 802 711 qui
832 656 886 711 ætate

96 705 178 747 uvenis
199 705 236 747 eſt?

415 745 555 776 CHOR.

120 777 186 820 Haud
208 777 256 820 ſanè
282 777 384 820 juvenem
417 777 476 820 decet
494 777 531 820 tam
560 777 597 820 citò
619 777 710 820 ſapere.

384 819 391 847 O
424 819 587 847 ENOPH.

129 851 205 895 Ve..·
232 851 351 895 veriſſimè.
389 851 438 895 Nam
469 851 515 895 qui,
545 851 580 895 qui
599 851 694 895 juvenes
717 851 778 895 ſunt,
805 851 862 895 ſe..

86 880 145 933 ſenes
169 880 205 933 non
236 880 296 933 ſunt.

409 928 579 957 TRECH.

138 960 171 999 Qui
187 960 245 999 auro
270 960 324 999 dives
353 960 390 999 eſt.

427 1002 431 1029 C
457 1002 506 1029 HO
537 1002 559 1029 R.

124 1032 181 1077 Illum
212 1032 319 1077 profecto
342 1032 430 1077 divitiis
453 1032 541 1077 oportet
557 1032 614 1077 benè
641 1032 656 1077 &
676 1032 806 1077 liberaliter
825 1032 871 1077 uti.

382 1073 389 1102 O
422 1073 589 1102 ENOPH.

132 1106 216 1149 Pla..
237 1106 384 1149 planiſſime;
415 1106 429 1149 &
457 1106 516 1149 quo.
516 1106 537 1149 ·
579 1106 684 1149 quoniam
708 1106 785 1149 aurum
813 1106 855 1149 no.

89 1132 126 1183 non
155 1132 258 1183 bibitur;
273 1132 327 1183 auro
346 1132 364 1183 id
390 1132 507 1183 emendum
533 1132 569 1183 eſt,
591 1132 631 1183 quo
646 1132 646 1183 .
712 1132 774 1183 quod
789 1132 892 1183 bibatur.

410 1182 578 1210 TRECH.

137 1212 168 1257 Qui
187 1212 248 1257 nullo
275 1212 363 1257 munere
393 1212 420 1257 vel
443 1212 539 1257 negotio
565 1212 688 1257 oceupatus
711 1212 749 1257 eſt.

423 1256 507 1283 CO
534 1256 561 1283 R.

137 1284 261 1335 Quoniam,
289 1284 345 1335 nihil
365 1284 429 1335 habet
449 1284 553 1335 negorii,
577 1284 629 1335 huic
649 1284 689 1335 eſto
709 1284 825 1335 negotium
857 1284 889 1335 ge-

89 1310 125 1361 nio
157 1310 279 1361 indulgere
292 1310 292 1361 ·

386 1364 597 1392 OENOP.

124 1380 222 1432 Ma...
253 1380 355 1432 maximè.
386 1380 400 1432 In
432 1380 488 1432 hunc
516 1380 589 1432 urbem
621 1380 645 1432 ad
670 1380 708 1432 ju.
729 1380 750 1432 .
782 1380 803 1432 us
827 1380 890 1432 civile

92 1421 220 1475 diſeendum
256 1421 324 1475 miſſus
348 1421 448 1475 equidem
480 1421 516 1475 eſt;
544 1421 576 1475 ſed
604 1421 648 1475 ju.
664 1421 664 1475 .
684 1421 684 1475 ·
720 1421 740 1475 us
764 1421 844 1475 civile,
872 1421 892 1475 &

100 1460 195 1505 Gen..
224 1460 319 1505 Gentium
341 1460 378 1505 non
407 1460 459 1505 le..
481 1460 481 1505 ·
514 1460 613 1505 eendo,
638 1460 675 1505 ſed
689 1460 766 1505 bi...
785 1460 887 1505 bibendo

100 1498 150 1540 more
184 1498 249 1540 Græco
276 1498 344 1540 di...
375 1498 390 1540 di
482 1498 581 1540 diſcitur.

956 1698 956 1719 r
