1000 1743
309 78 722 111 PHILEDONUS.

116 84 156 114 3I8

432 129 598 155 TRECI.

151 164 228 202 Itaque
258 164 276 202 de
298 164 430 202 revocando
448 164 474 202 ad
496 164 631 202 voluptatem
668 164 719 202 ægro
741 164 859 202 Philedoni
870 164 914 202 ani-

124 203 148 231 mo
173 203 344 231 deliberandum
368 203 406 231 non
438 203 473 231 eſt.

459 240 463 266 C
489 240 538 266 HO
569 240 591 266 R.

149 277 306 312 Neutiquam.

412 313 419 340 O
450 313 616 340 ENOPH.

148 351 235 384 Mi...
267 351 366 384 minimè.

429 386 545 413 TREC
574 386 594 413 H.

160 422 202 463 Tota
225 422 297 463 igitur
320 422 339 463 de
362 422 454 463 ſanandi
477 422 519 463 ejus
534 422 607 463 animi
633 422 721 463 ratione
748 422 763 463 &
794 422 855 463 modo
882 422 908 463 de-

109 460 216 488 liberatio
243 460 279 488 eſt.

412 497 419 523 O
452 497 625 523 ENOPH.

153 526 232 573 De..·
261 526 394 573 deliberatio
415 526 486 573 facilis
506 526 540 573 eſt.
573 526 648 573 Bi...
669 526 744 573 bibat,
769 526 835 573 bibat.
864 526 910 573 Hæe

117 569 243 607 ægrotantis
261 569 334 607 animi
362 569 439 607 me.·
470 569 554 607 me...
586 569 690 607 medieina
715 569 795 607 optima
823 569 862 607 eſt.

428 612 471 632 IR
508 612 544 632 EC
574 612 598 632 H.

148 638 221 679 Bibat,
248 638 286 679 hoc
309 638 332 679 eſt
355 638 366 679 in
397 638 519 679 eonvivio,
550 638 588 679 cum
611 638 707 679 amieis;
741 638 776 679 ubi
798 638 898 679 animum

106 678 180 715 paſat
201 678 309 715 omnibus
337 678 411 715 menſæ
435 678 533 715 deliciis;
561 678 585 715 ne
610 678 676 715 ipſum
718 678 830 715 mordeant
858 678 907 715 ſoli-

111 716 177 751 citudi
188 716 243 751 nes,
278 716 324 751 quæ
348 716 432 751 animis
456 716 543 751 jejunis
568 716 707 751 plerumque
735 716 903 751 adhæreſcunt.

108 752 150 793 Itu,
181 752 261 793 eredo,
292 752 349 793 tuum
376 752 433 793 illud
448 752 509 793 bibot
528 752 654 793 intelligis.

405 789 605 822 OENOPH.

150 823 161 864 Bi
242 823 304 864 bibat
323 823 334 864 in
367 823 491 864 convivio;
510 823 579 864 bi..
601 823 663 864 bibat
671 823 722 864 ante
751 823 902 864 convivium;

104 861 160 895 bi..
199 861 261 895 bibat
282 861 328 895 poſt
349 861 502 895 convivium:
533 861 593 895 quo.
631 861 631 895 ·
655 861 844 895 quotiescunque
854 861 900 895 ani-

113 892 158 935 mum
189 892 235 935 cura
263 892 336 935 re..
357 892 437 935 re...
465 892 626 935 remordebit,
657 892 692 935 bi.
755 892 825 935 bibat.
870 892 901 935 Sic

104 934 226 971 intelligo,
252 934 278 971 ſie
295 934 360 971 facio.

427 971 427 1000 C
456 971 558 1000 HOR.

139 1005 275 1042 Remedium
307 1005 429 1042 mulcendis
457 1005 510 1042 curis
534 1005 632 1042 uterque
660 1005 744 1042 offertis
776 1005 877 1042 eximium

104 1042 134 1078 ſed
159 1042 196 1078 non
229 1042 357 1078 eximendis
375 1042 485 1078 ſerupulis
507 1042 591 1078 efſicax.
627 1042 784 1078 Adhibeantur
810 1042 898 1078 oportet

112 1079 177 1115 mollia
212 1079 296 1115 Theatri
315 1079 456 1115 ſpectacula,
483 1079 521 1115 ubi
537 1079 632 1115 animus
648 1079 762 1115 erudiatur
774 1079 801 1115 ad
820 1079 896 1115 volup-

101 1115 185 1153 tatem,
217 1115 311 1153 deponat
329 1115 419 1153 veterem
451 1115 552 1153 pueritiæ
577 1115 730 1153 diſciplinam,
758 1115 814 1153 novâ
835 1115 895 1153 inſti-

98 1151 172 1187 tuatur
202 1151 278 1187 morum
308 1151 421 1187 doctrinâ,
448 1151 547 1187 ipſisque
574 1151 664 1187 Deorum
694 1151 707 1187 &
727 1151 817 1187 heroum
847 1151 893 1187 eon-

98 1187 203 1224 firmetur
228 1187 354 1224 exemplis;
385 1187 403 1224 &
417 1187 441 1224 ad
466 1187 550 1224 omnem
585 1187 707 1224 exuendam
742 1187 889 1224 forinidinem

97 1223 116 1261 ac
139 1223 295 1261 verecundiam
330 1223 448 1261 excitetur.
490 1223 540 1261 Quid
563 1223 643 1261 cenſes,
681 1223 822 1261 Oenophile?

273 1262 280 1296 O
303 1262 440 1296 ENOPH.
476 1262 592 1296 dormitare
609 1262 725 1296 incipiens.

142 1297 211 1332 Be...
233 1297 310 1332 be...
332 1297 398 1332 bene.
438 1297 515 1332 To...
537 1297 584 1332 toto
613 1297 679 1332 capite
697 1297 789 1332 annuo.

418 1333 533 1361 TREC
560 1333 584 1361 H.

137 1368 174 1405 Ipſa
203 1368 307 1405 convivia
332 1368 341 1405 ſi
362 1368 466 1405 liberiora
487 1368 524 1405 ſint
549 1368 587 1405 (ut
607 1368 653 1405 ſunt
682 1368 749 1405 vulgò
778 1368 841 1405 apud
866 1368 899 1405 Ju-

98 1404 182 1439 venes)
204 1404 266 1439 ſatis,
303 1404 347 1439 mihi
369 1404 446 1439 erede,
468 1404 563 1439 animos
589 1404 648 1439 omni
673 1404 769 1439 ſolvunt
787 1404 894 1439 formidi-

95 1438 135 1476 ne;
165 1438 178 1476 &
198 1438 198 1476 i
218 1438 355 1476 mportunam
391 1438 511 1476 expellunt
535 1438 715 1476 verecundiam;
751 1438 795 1476 dum
828 1438 885 1476 cordu

94 1476 197 1513 ſolvente
220 1476 296 1513 lætitiâ
319 1476 338 1513 de
358 1476 484 1513 Moribus,
518 1476 537 1513 de
564 1476 690 1513 Doctrinis,
725 1476 740 1513 de
759 1476 889 1513 Religioni-

93 1513 144 1548 bus,
174 1513 269 1548 habetur
295 1513 368 1548 ſermo
394 1513 408 1548 &
427 1513 496 1548 fertur
526 1513 647 1548 ſententia,
680 1513 797 1548 voluptate
830 1513 889 1548 magi-

97 1546 135 1583 ſtrâ
160 1546 177 1583 &
193 1546 276 1583 judiee.
318 1546 368 1583 Ouid
385 1546 426 1583 tibi
447 1546 551 1583 videtur,
589 1546 730 1583 Oenophile?
