1000 1743
247 68 401 124 UVENIS
473 68 768 124 OLUPTARIUS.
845 68 883 124 3I9

336 118 343 154 O
366 118 514 154 ENOPH.
545 118 624 154 ſtertis.

120 157 183 185 Hon.
205 157 226 185 ·

402 194 569 231 TRECH.

122 228 169 258 Hem
202 228 298 258 dormis.

384 267 592 304 OENOPII.

128 302 188 337 Do..
233 302 335 337 dormire
370 302 391 337 me
422 302 562 337 neſciebam.
608 302 692 337 Re...
716 302 772 337 recte
804 302 884 337 mones.

84 332 133 373 Nam
160 332 171 373 in
194 332 236 373 hoc
259 332 351 373 Conſeſſu
378 332 458 373 bi...
477 332 557 373 bibere
576 332 603 373 fas
626 332 664 373 eſt;
695 332 737 373 do.
802 332 878 373 dormi-

88 374 103 413 re
126 374 149 413 eſt
168 374 233 413 neſas.
275 374 306 413 Qui
325 374 340 413 ·.
363 374 363 413 ·
386 374 440 413 quid
455 374 528 413 aiebas
547 374 643 413 autem?

395 414 511 451 TREC
540 414 564 451 H.

119 449 207 487 Aiebam
235 449 252 487 &
273 449 308 487 aio
332 449 455 487 doctrinam
493 449 640 487 voluptariam
675 449 723 487 ſatis
744 449 881 487 eommodè,

84 484 121 525 imò
150 484 300 525 commodiùs
319 484 407 525 hauriri
425 484 436 525 in
469 484 597 525 conviviis,
627 484 689 525 quàm
722 484 733 525 in
773 484 884 525 Theatris,

85 522 226 565 propinante
256 522 337 565 Baceho
356 522 440 565 lætitiæ
459 522 535 565 patre.

420 562 420 590 C
452 562 500 590 HO
532 562 556 590 R.

119 593 139 639 At
162 593 200 639 ego
227 593 280 639 illam
307 593 422 639 eontendo
460 593 521 639 multò
556 593 633 639 certiùs
659 593 747 639 pereipi
767 593 778 639 in
824 593 881 639 Theas-

82 629 133 674 tris,
166 629 206 674 dum
232 629 247 674 ab
276 629 367 674 auribus
389 629 404 674 &
422 629 488 674 oculis
507 629 521 674 in
543 629 613 674 ipſum
635 629 741 674 pervadit
759 629 880 674 animum,

78 664 229 710 lenocinante
254 664 309 710 cantu
339 664 368 710 vel
390 664 459 710 geſtu,
492 664 507 710 &
525 664 573 710 toto
595 664 665 710 ſeenæ
683 664 808 710 apparatu.

384 708 391 736 O
424 708 591 736 ENOPH.

120 738 190 777 No..
212 738 282 777 ·no.
322 738 322 777 .
351 738 421 777 nolite
454 738 604 777 contendere.
644 738 674 777 Illa
707 738 725 777 &
743 738 754 777 in
791 738 883 777 theatris

87 772 157 818 certò,
186 772 204 818 &
223 772 234 818 in
267 772 380 818 conviviis
402 772 439 818 citò
461 772 534 818 per.·
553 772 670 818 ·
578 772 831 818 percipitur.
861 772 883 818 Il-

80 812 118 852 lam
149 812 160 852 in
191 812 294 852 utrisque
321 812 359 852 gu.
378 812 378 852 ·
424 812 527 852 guſtavi,
561 812 576 852 &
607 812 714 852 combibi.
748 812 825 852 Multa
855 812 878 852 me

91 849 171 894 m..
203 849 220 894 ma
252 849 297 894 iſtri
322 849 339 894 de
357 849 461 894 nioribus
486 849 545 894 do..
591 849 717 894 docuerant
731 849 745 894 in
769 849 881 894 collegio:

83 880 100 923 &
123 880 203 923 do...
233 880 366 923 documentas
390 880 416 923 ſua
443 880 456 923 in
480 880 560 923 animo
586 880 629 923 meo
649 880 676 923 diu
703 880 783 923 hæſura
809 880 849 923 cre.

85 923 169 969 cre..
199 923 353 969 erediderant,
382 923 488 969 homines
507 923 573 969 ſtultè
595 923 683 969 ere..
708 923 800 969 creduli.
848 923 880 969 Vix

81 957 106 995 nd
123 957 203 995 theatra
231 957 249 995 pu
277 957 277 995 .
311 957 311 995 .
332 957 420 995 publica
444 957 531 995 acceſſi:
573 957 601 995 vix
622 957 646 995 ad
674 957 779 995 convivia
807 957 877 995 li..

79 993 186 1035 liberiora
216 993 239 1035 me
262 993 362 1035 contuli,
392 993 429 1035 cùm
455 993 512 1035 illam
532 993 575 1035 pue
652 993 762 1035 puerilem
792 993 869 1035 morum

87 1030 226 1076 diſciplinam
262 1030 376 1076 dedidici;
420 1030 434 1076 &
460 1030 548 1076 omnem
577 1030 650 1076 abjeci
672 1030 822 1076 formidinem
859 1030 877 1076 ac

87 1066 123 1109 ve.
189 1066 262 1109 Ve..
292 1066 467 1109 verecundiam.
507 1066 577 1109 Bi...
599 1066 657 1109 bibat
679 1066 752 1109 itaque
778 1066 881 1109 Philedo-

87 1101 125 1140 nus
140 1101 155 1140 in
186 1101 312 1140 eonviviis;
346 1101 358 1140 &
377 1101 388 1140 in
430 1101 526 1140 The...
560 1101 656 1140 Theatris
679 1101 759 1140 ſedeat.
805 1101 835 1140 Bi.

87 1134 157 1180 bibat,
191 1134 203 1180 &
224 1134 324 1180 ſpectet;
349 1134 432 1180 ſpectet
457 1134 474 1180 &
490 1134 565 1180 bi...
586 1134 661 1180 bibat.

415 1181 419 1210 C
451 1181 499 1210 HO
531 1181 555 1210 R.

121 1212 198 1255 Neque
225 1212 324 1255 Choræas
339 1212 366 1255 ad
381 1212 508 1255 ſpectaeula
530 1212 645 1255 negabitis
660 1212 817 1255 adjieiendas.

404 1252 520 1281 TREC
548 1252 568 1281 H.

131 1277 171 1316 Poſt
193 1277 269 1316 cœnam
305 1277 422 1316 videlicet.

418 1326 418 1354 C
446 1326 497 1354 iO
524 1326 548 1354 R.

124 1354 166 1402 Poſt
187 1354 285 1402 cœnam,
316 1354 334 1402 de
355 1354 435 1402 nocte,
463 1354 484 1402 ut
505 1354 599 1402 animus
624 1354 683 1402 totus
707 1354 728 1402 ſit
749 1354 763 1402 in
798 1354 879 1402 nugis.

88 1378 105 1432 &
125 1378 179 1432 nihil
200 1378 295 1432 ſeverum
328 1378 419 1432 cogitet.

380 1433 591 1462 OENOPH.

118 1463 195 1506 S...
216 1463 328 1506 ſapienter
360 1463 489 1506 Chorœbus.
524 1463 573 1506 Nam
601 1463 696 1506 chorœæ
713 1463 780 1506 totum
804 1463 878 1506 homi-

83 1491 127 1542 nem
157 1491 160 1542 à
190 1491 259 1542 ſe...
289 1491 362 1542 ſe...
388 1491 472 1542 ſeveris
498 1491 685 1542 cogitationibus
710 1491 828 1542 avocant:
868 1491 882 1542 &
