1000 1743
326 76 733 123 PHILEDONIS,

121 93 163 120 324

446 139 607 169 ARIST.

158 172 235 217 Ineptè
258 172 365 217 quidem,
392 172 411 217 &
426 172 495 217 impiè
514 172 575 217 Eraſti
598 172 686 217 mortem
705 172 823 217 aecipiunt
835 172 869 217 iſti
885 172 915 217 tui

122 208 218 252 ſodales,
240 208 273 252 qui
298 208 353 252 modò
372 208 456 252 iſthine
467 208 559 252 abeunt.
588 208 610 252 At
628 208 676 252 eave
691 208 702 252 tu
727 208 749 252 ne
764 208 819 252 illam
837 208 914 252 animo

123 246 214 287 quoque
233 246 288 287 feras
310 246 401 287 nimiùm
427 246 522 287 iniquo;
552 246 585 287 neu
610 246 691 287 præter
717 246 797 287 modum
830 246 919 287 doleas.

462 287 586 324 PHIIL.

156 315 189 357 Ne
204 315 281 357 præter
307 315 409 357 modum,
442 315 442 357 ô
464 315 549 357 Superi:
574 315 596 357 an
622 315 706 357 poſſum
736 315 805 357 dolere
827 315 908 357 nimis?

120 356 137 401 an
162 356 246 401 poſſum
274 356 333 401 ſatis?
358 356 375 401 ah
428 356 501 401 decidit
522 356 533 401 in
557 356 676 401 cthedram
697 356 816 401 vehementi
841 356 911 401 dolore

122 396 249 430 correptus.

441 432 605 461 ARIST.

169 463 265 507 Omnino
288 463 356 507 potes.
391 463 406 507 Et
425 463 459 507 jam
486 463 532 507 plus
555 463 608 507 æquo
631 463 708 507 dolore
727 463 780 507 viſus
803 463 826 507 es.
861 463 906 507 Dum

123 502 138 545 te
161 502 180 545 ex
211 502 272 545 Eraſti
295 502 325 545 vix
352 502 467 545 demortui
490 502 590 545 cubieulo
609 502 708 545 proripis
727 502 811 545 furenti
838 502 915 545 magis,

123 539 183 575 quàm
218 539 319 575 mœrenti
336 539 427 575 ſimilis.

408 577 528 614 PIL.
565 577 648 614 ſurgit.

159 611 235 654 Neſcis
255 611 323 654 ergo,
343 611 486 654 Ariſtobule,
510 611 562 654 quid
582 611 694 654 viderim,
717 611 769 654 quid
785 611 913 654 audierim.

440 654 598 678 ARIST.

152 684 252 724 Amicum
282 684 355 724 vidiſti
378 684 534 724 expirantem,
565 684 580 724 &
599 684 675 724 ultima
702 684 744 724 eius
763 684 855 724 ſuſpiria
882 684 908 724 ex-

122 720 201 756 cepiſti.
239 720 280 756 Hoc
301 720 355 756 ſcio.

460 760 586 790 PHIL.

147 792 191 833 Non
216 792 231 833 tu
260 792 381 833 obſervaſti
403 792 524 833 quomodo
546 792 575 833 illi
594 792 700 833 proximè
729 792 850 833 adſiſtens,
876 792 909 833 ap-

113 829 227 871 prehensâ
245 829 289 871 ejus
311 829 410 871 dexterâ,
439 829 480 871 dum
502 829 571 871 altiùs
586 829 700 871 inelamo:
740 829 817 871 Eraſte,
835 829 913 871 agnos-

114 866 138 898 cis
164 866 194 898 me.
241 866 278 898 Ille
301 866 384 898 fractos
408 866 424 898 &
451 866 571 898 morientes
594 866 608 898 in
651 866 674 898 me
691 866 801 898 attollens
824 866 907 898 oculos.

145 902 215 943 gnoſco
240 902 264 943 te,
306 902 428 943 Philedone,
456 902 547 943 inquit,
578 902 673 943 æternùm
704 902 732 943 peνr
746 902 777 943 eo,
805 902 826 943 &
844 902 858 943 iu
907 902 907 943 e

116 939 237 976 perdidiſti.
266 939 394 976 Statimque
409 939 490 976 averſo
515 939 581 976 capite
603 939 735 976 ingemuit,
757 939 772 976 &
787 939 908 976 expiravit.

115 974 219 1013 Hæccine
242 974 322 1013 vidiſti.
368 974 513 1013 Ariſtobule?
540 974 639 1013 hæeeine
658 974 785 1013 andiviſti?
811 974 815 1013 à
838 974 907 1013 purte.

134 1011 225 1049 Æternùm
246 1011 323 1049 pereo,
351 1011 372 1049 &
393 1011 404 1049 tu
435 1011 456 1049 me
474 1011 596 1049 perdidiſti.
641 1011 715 1049 Iterùm
746 1011 820 1049 decidit
841 1011 851 1049 in
879 1011 907 1049 c-

112 1046 225 1078 tbedram.

428 1087 589 1113 ARIST.

153 1119 233 1160 Horum
260 1119 348 1160 aliquid
371 1119 429 1160 vidi,
455 1119 498 1160 quæ
528 1119 647 1160 memoras,
678 1119 693 1160 &
709 1119 797 1160 aliquid
816 1119 908 1160 inaudi-

117 1156 145 1195 vi;
173 1156 204 1195 ſed
229 1156 274 1195 vana
309 1156 421 1195 delirantis
442 1156 515 1195 animi
536 1156 620 1195 iomnia
641 1156 714 1195 neque
735 1156 826 1195 attendi
843 1156 903 1195 ſatis,

115 1193 188 1229 neque
208 1193 221 1229 tu
245 1193 365 1229 attendere
381 1193 478 1229 nimiùm
508 1193 582 1229 debes.

343 1230 442 1268 PIHIL.
472 1230 541 1268 ſedens
564 1230 674 1268 loquitur.

145 1264 187 1297 Non
215 1264 274 1297 hæc,
288 1264 372 1297 amice,
393 1264 431 1297 non
459 1264 501 1297 hiæe
518 1264 592 1297 animi
609 1264 658 1297 vana
686 1264 787 1297 deliratio
804 1264 836 1297 eſt.
864 1264 902 1297 Sed

108 1299 261 1341 adoleſcentis
289 1299 384 1341 æternùm
411 1299 540 1341 pereuntis,
572 1299 589 1341 &
603 1299 638 1341 per
666 1299 687 1341 me
708 1299 837 1341 pereuntis,
858 1299 893 1341 heu

107 1335 201 1376 nimiùm
233 1335 278 1376 vera
303 1335 415 1376 confeſſio.
450 1335 527 1376 Iterùm
551 1335 628 1376 ſurgit.
663 1335 730 1376 Video
744 1335 758 1376 te
772 1335 894 1376 attonituim

107 1370 203 1410 hærere;
233 1370 252 1410 &
268 1370 279 1410 in
306 1370 341 1410 iis,
371 1370 413 1410 quæ
433 1370 490 1410 dieo,
509 1370 567 1410 nihil
586 1370 728 1410 intelligere.
770 1370 824 1410 Quod
839 1370 904 1410 igno-

110 1408 136 1446 ras
162 1408 217 1446 diſce.
268 1408 330 1446 Fine
360 1408 396 1446 tibi
418 1408 583 1446 adoſeſcentem
612 1408 685 1446 pium,
718 1408 814 1446 caſtuim,
847 1408 902 1446 vere-

110 1444 226 1484 cundum,
254 1444 345 1484 animo,
387 1444 443 1484 ultu,
467 1444 516 1484 voce
534 1444 558 1484 ad
579 1444 712 1484 inodeſtiam
740 1444 838 1484 factum,
859 1444 901 1484 ſtu-

112 1477 189 1518 dioſum
223 1477 327 1518 virtutis,
357 1477 376 1518 &
396 1477 430 1518 per
465 1477 533 1518 omnia
568 1477 644 1518 virtuti
667 1477 828 1518 ſimilliinum;
859 1477 901 1518 talis

102 1514 146 1545 fuit
169 1514 268 1545 Eraſtus.

943 1718 978 1740 ii
