1000 1743
214 75 758 133 3UVENISVOLOPTARIUS.
835 75 878 133 325

396 141 561 174 ARIST.

129 175 191 218 Talem
217 175 268 218 enim
294 175 342 218 verò
364 175 430 218 fuiſſe
448 175 543 218 audivi;
576 175 591 218 &
602 175 730 218 aliquando
745 175 807 218 talem
833 175 880 218 cog-

84 210 145 251 novi.

424 251 552 278 PHIIL.

123 283 138 326 Et
160 283 204 326 talis
226 283 284 326 nune
303 283 394 326 quoque
413 283 482 326 foret;
508 283 519 326 ſi
544 283 570 326 me
588 283 629 326 non
662 283 816 326 eognoviſſet.
849 283 878 326 Ex-

83 314 207 363 horreſeisl
233 314 335 363 nonlum
361 314 452 363 horrori
467 314 537 363 locus.
566 314 624 363 Audi
650 314 683 363 me.
712 314 767 363 Illuim
793 314 829 363 ego
848 314 881 363 ru-

89 359 149 395 dem,
173 359 187 395 &
205 359 309 395 ignarum
334 359 358 395 ad
383 359 466 395 omnem
494 359 617 395 nequitiam
648 359 749 395 erudivi;
774 359 872 395 invitum

83 394 105 436 ac
123 394 237 436 nolentem
270 394 296 436 ad
318 394 384 436 omne
402 394 508 436 flagitium
538 394 611 436 illexi,
640 394 750 436 pertraxi,
798 394 883 436 ræcipi-

81 433 119 474 tem
144 433 235 474 impuli.
263 433 298 474 Ille
326 433 371 474 meis
392 433 504 474 ineitatus
525 433 609 474 verbis,
641 433 791 474 conſirmatus
809 433 879 474 exem-

82 469 132 512 plis,
159 469 172 512 in
202 469 279 512 omnes
299 469 312 512 ſe
339 469 468 512 voluptates
485 469 611 512 immerſit,
638 469 661 512 ſie
684 469 751 512 vixit;
781 469 804 512 ſie
817 469 877 512 imor-

83 503 135 548 tuus
155 503 195 548 eſt;
219 503 243 548 ſie
271 503 367 548 æternùm
391 503 471 548 periit;
499 503 523 548 ſie
547 503 607 548 illum
635 503 675 548 ego
695 503 803 548 perdidi.

399 545 561 575 ARIST.

132 576 220 619 Terrere
242 576 319 619 debent
337 576 385 619 iſta,
414 576 498 619 fateor,
527 576 571 619 quæ
589 576 695 619 narraſti;
725 576 754 619 ſed
787 576 871 619 omnem

88 615 106 652 de
125 615 194 652 amici
212 615 274 652 ſalute
293 615 347 652 ſpem
377 615 472 652 omninò
494 615 592 652 nbjieere
610 615 647 652 non
684 615 753 652 debes.

411 655 528 681 PIIL.

128 687 205 730 Fruſtra
238 687 260 730 me
286 687 304 730 de
322 687 395 730 amieo
414 687 502 730 ſperare
520 687 608 730 aliquid
626 687 681 730 ultra
710 687 769 730 velis.
828 687 883 730 Æter-

89 725 131 762 nùm
150 725 215 762 periit
238 725 333 762 Eraſtus,
360 725 379 762 &
394 725 448 762 illum
474 725 505 762 ego
524 725 619 762 perdidi.
658 725 665 762 O
692 725 757 762 Deusl
788 725 791 762 ô
810 725 879 762 juſtel

93 760 93 802 ô
119 760 203 802 vindex
229 760 291 802 Deusl
320 760 371 802 quid
390 760 558 802 adoleſeentem
587 760 660 802 alienâ
686 760 766 802 fraude
788 760 880 802 corrup-

87 796 126 840 tuim
154 796 220 840 rapis?
241 796 293 840 quid
311 796 468 840 corruptorem
492 796 667 840 frnudulentum
691 796 764 840 vivere
785 796 880 840 ulteriùis

90 832 152 875 ſinis?
188 832 276 875 Eraſtum
305 832 411 875 uleiſeere
459 832 543 875 vindiea
565 832 579 875 te
630 832 693 875 Perde
711 832 824 875 impium,
842 832 879 875 per

89 870 147 911 quem
177 870 213 911 tibi
232 870 316 911 ſibique
338 870 415 911 infelix
437 870 573 911 adoleſcens
598 870 690 911 æternùm
716 870 793 911 periit.

130 928 288 947 4X4X
412 928 412 947 X
442 928 442 947 X
570 928 570 947 .
668 928 668 947 X

213 931 528 966 R

216 971 222 1009 S
290 971 295 1009 C
357 971 363 1009 E
419 971 448 1009 N
504 971 510 1009 A
600 971 775 1009 XXVI.

136 1021 471 1057 POLIDROMUS,
523 1021 844 1057 PIILEDONUS.

281 1059 705 1089 ARISTOBULUS.

289 1109 333 1146 PO
381 1109 384 1146 .
410 1109 476 1146 libros
512 1109 563 1146 ſfert
582 1109 692 1146 tremens.

156 1151 232 1190 OStibi
259 1151 320 1190 Eraſti
339 1151 439 1190 famulus
458 1151 523 1190 refert
542 1151 622 1190 libros,
653 1151 706 1190 quos
725 1151 779 1190 hero
802 1151 836 1190 ſuo
859 1151 882 1190 le-

181 1187 247 1224 endos
276 1187 378 1224 dederas.

317 1225 387 1263 PHI
422 1225 439 1263 L.
467 1225 572 1263 accipiens
590 1225 670 1263 libro.

132 1259 181 1301 Hæe
202 1259 241 1301 ipſa
258 1259 307 1301 ſunt
318 1259 395 1301 arma,
419 1259 500 1301 quibus
517 1259 583 1301 amici
604 1259 713 1301 pudorem
737 1259 888 1301 expugnavi;

97 1293 139 1335 hæe
164 1293 241 1335 venena
269 1293 349 1335 quibus
363 1293 464 1335 animum
492 1293 538 1335 ejus
555 1293 632 1335 infeci.
660 1293 695 1335 Hæ
712 1293 782 1335 faces,
807 1293 887 1335 quibus

95 1330 110 1372 in
143 1330 183 1372 ejus
201 1330 319 1372 caſtiſſimo
337 1330 429 1372 pectore
447 1330 535 1372 impuri
550 1330 638 1372 amoris
652 1330 755 1372 ſlammas
766 1330 891 1372 impuriſſi-

103 1366 138 1408 mas
156 1366 257 1408 aecendi.
288 1366 309 1408 Ah
334 1366 428 1408 pereant
445 1366 498 1408 libri
515 1366 630 1408 exitiales,
658 1366 693 1408 per
711 1366 766 1408 quos
780 1366 815 1408 ille
836 1366 889 1408 æter-

100 1405 138 1443 nùi
166 1405 236 1443 periit.
264 1405 306 1443 Hos
324 1405 334 1443 tu
366 1405 429 1443 mihi,
457 1405 607 1443 Polydrome,
628 1405 691 1443 ignes
705 1405 705 1443 i
723 1405 800 1443 gnibus
821 1405 894 1443 extin-

102 1440 151 1480 gue,
183 1440 197 1480 &
211 1440 358 1480 abſume...
382 1440 414 1480 heu
452 1440 487 1480 mel
519 1440 554 1480 quò
589 1440 610 1480 me
631 1440 708 1480 deinde
729 1440 827 1480 vertam?
851 1440 893 1480 quò

98 1475 200 1519 fugiam?
228 1475 333 1519 ſtatutum
360 1475 402 1519 eſt,
427 1475 437 1519 in
465 1475 507 1519 loca
532 1475 567 1519 ſola
605 1475 630 1519 me
657 1475 759 1519 confero,
787 1475 825 1519 ubi
846 1475 885 1519 cum

100 1513 191 1552 nemine
226 1513 349 1552 mortalium
387 1513 475 1552 vivam,
503 1513 538 1552 ubi
562 1513 580 1552 &
597 1513 685 1552 lugeam
713 1513 828 1552 amicum.
867 1513 895 1552 qui

675 1554 720 1586 X3
