1000 1743
306 93 735 127 PH,ILEDONUS,
121 96 174 130 326
117 141 987 184 periit; & me, qui illum perdidi. Ariſtobule, vale. Ariſto-
118 180 784 217 bulum raptim quaſi dolore amens amplectitar.
116 218 988 264 a.,..
223 273 817 309 SCENA XXVII.
102 322 891 368 PHILEDONUS, ARISTOBULUS.
434 378 608 405 ARIST.
115 423 754 460 NoN fic temerè abibis, amice, non ſinam.
454 463 593 488 PHIL.
152 497 496 536 Quid me? quid retines?
432 537 605 563 ARIST.
150 570 984 612 Quia in omni re, ſed in mutatione vitæ præſertim ca-
111 607 979 645 vendum eſt, ne quid nimis. Quia nihil ſtatuendum turbi-
112 640 984 687 do conſilio: uihil ſubito animi impetu aggrediendum; ne
110 681 983 728 quid ſuſcipias quod nequeas exequi, aut eò pedem feras,
98 718 503 747 udè mox revocatum velis.
442 755 642 785 PHIL.
147 784 983 835 Mene hic diutiùs manere, ubi meis omnia ſunt plena
109 826 978 864 fagitiis? ubi quidquid video, Eraſtum meis objicit oculis.
109 862 975 891 Ubi illum aſſiduè audio meis inclamantem auribus cter-
109 897 981 939 num pereo; & tu me perdidiſti. Ah! permitte obſecro, in
108 937 981 976 nemora, in rupes, in antra me conjiciam; ubi & homi-
109 972 981 1017 num alloquio caream, & cœli aſpectu, quem ferre nequeo.
425 1011 597 1035 ARIST.
144 1043 983 1090 Nefas, inquam, id me permittere, ut facias quod non
107 1082 193 1108 decet.
440 1119 580 1144 PHIL.
141 1140 981 1198 Non me decet in portum longiſſimè, à ſcopulis poſt
105 1188 425 1224 naufragium confugere?
425 1228 597 1253 ARIST.
137 1261 906 1300 Decet quidem recedere ab infami ſodalium grege, qui-
101 1296 980 1341 buscum neque ſobriè vivere, neque honeſtè verſari licet;
98 1333 979 1380 ſed in loca ſola, procul ab omni conſortio, absque longâ,
97 1369 902 1405 prudenti, & certâ deliberatione confugiendum non cenſeo.
97 1406 900 1434 Imò te in hae urbe, in omnium oculis commorari forſi-
68 1441 977 1484 tan decet, ut ubi exemplo nocuiſti, ibi exemplo proſis;
94 1477 977 1522 & qus à virtute abduxeras, ad virtutem, quoad licet,
96 1522 262 1550 revoces.
1 1696 263 1740 tr
