1000 1743
322 93 327 127 P
359 93 729 127 H.IILDONUS,

125 96 171 130 326

124 141 204 184 periit;
232 141 252 184 &
272 141 312 184 me,
332 141 368 184 qui
380 141 440 184 illum
460 141 560 184 perdidi.
592 141 736 184 Ariſtobule,
756 141 808 184 vale.
836 141 916 184 Ariſto-

120 180 187 217 bulum
215 180 288 217 rptim
320 180 342 217 &
361 180 418 217 quaſi
443 180 512 217 dolore
531 180 601 217 amens
620 180 775 217 amplectirur.

129 218 648 264 nt.*X.AA...A.
738 218 903 264 ...A.A.

241 273 246 309 S
320 273 325 309 C
388 273 394 309 E
444 273 473 309 N
535 273 819 309 AXXVII.

155 322 481 368 PHILEDONUS,
527 322 885 368 ARISTOBULUS.

440 378 600 405 ARIST.

125 423 213 460 N
213 423 256 460 Nie
279 423 359 460 temerè
378 423 463 460 abibis,
489 423 574 460 amiee,
601 423 639 460 non
666 423 750 460 ſinam.

463 463 585 488 PHIL.

169 497 219 536 Quid
248 497 285 536 me?
318 497 372 536 quid
393 497 489 536 retines?

438 537 438 563 A
476 537 597 563 RIST.

166 570 210 612 Quia
232 570 247 612 in
276 570 339 612 omni
357 570 390 612 re,
416 570 448 612 ſed
467 570 481 612 in
514 570 639 612 mutatione
665 570 712 612 vitæ
738 570 855 612 præſertim
884 570 914 612 ca-

120 607 216 645 vendum
245 607 282 645 eſt,
307 607 333 645 ne
351 607 406 645 quid
425 607 502 645 nimis.
542 607 582 645 Quia
597 607 656 645 nihil
674 607 817 645 ſtatuendam
843 607 912 645 turbi-

121 640 143 687 do
165 640 272 687 conſilio:
297 640 356 687 uihil
374 640 448 687 ſubito
462 640 536 687 animi
550 640 635 687 impetu
660 640 866 687 aggrediendum;
888 640 913 687 ne

119 681 170 728 quid
189 681 295 728 ſuſeipias
313 681 375 728 quod
393 681 492 728 nequeas
514 681 609 728 exequi,
635 681 671 728 ant
697 681 712 728 eò
737 681 814 728 peuem
840 681 909 728 feras,

113 718 173 747 undè
204 718 248 747 mox
270 718 387 747 revocatun
434 718 494 747 velis.

451 755 575 785 PHIL.

153 784 222 835 Mene
245 784 280 835 hie
306 784 387 835 diutiùs
421 784 520 835 manere,
547 784 582 835 ubi
616 784 662 835 meis
685 784 754 835 omnia
776 784 826 835 ſunt
841 784 903 835 plena

123 826 223 864 lagitiis?
250 826 284 864 ubi
307 826 422 864 quidquid
441 826 522 864 video,
556 826 644 864 Eraſtum
675 826 721 864 meis
736 826 813 864 objicit
832 826 909 864 oculis.

129 862 159 891 Ubi
176 862 236 891 illum
259 862 343 891 aſfiduè
366 862 436 891 audio
473 862 516 891 meis
539 862 699 891 inelamantem
729 862 826 891 aurihus
856 862 906 891 cter-

113 897 162 939 nu
180 897 257 939 pereo;
292 897 306 939 &
326 897 326 939 r
365 897 386 939 me
403 897 529 939 perdidiſti.
557 897 595 939 Ah:
623 897 732 939 permitte
756 897 861 939 obſeero,
885 897 899 939 in

115 937 224 976 nemora,
248 937 261 976 in
294 937 371 976 rupes,
397 937 407 976 in
437 937 497 976 antra
527 937 550 976 me
570 937 703 976 conjiciam;
736 937 773 976 ubi
796 937 813 976 &
833 937 906 976 homi-

113 972 162 1017 num
180 972 285 1017 alloquio
306 972 403 1017 caream,
428 972 442 1017 &
459 972 505 1017 cœli
515 972 620 1017 aſpectu,
651 972 707 1017 quem
732 972 787 1017 ferre
805 972 906 1017 nequeo.

430 1011 589 1035 ARIST.

147 1043 227 1090 Nefas,
254 1043 360 1090 inquam,
387 1043 406 1090 id
433 1043 456 1090 me
475 1043 624 1090 permittere,
651 1043 670 1090 ut
693 1043 758 1090 facias
780 1043 838 1090 quod
857 1043 895 1090 non

114 1082 188 1108 decet.

450 1119 576 1144 PHIL.

149 1140 191 1198 Non
233 1140 254 1198 me
287 1140 345 1198 decet
370 1140 378 1198 in
416 1140 503 1198 portum
533 1140 678 1198 longiſſimè,
703 1140 707 1198 à
732 1140 832 1198 ſeopulis
857 1140 903 1198 poſt

110 1188 253 1224 naufragium
282 1188 417 1224 eonfugere?

430 1228 589 1253 ARIST.

150 1261 209 1300 Deeet
231 1261 319 1300 quidem
344 1261 451 1300 recedere
469 1261 487 1300 ab
517 1261 597 1300 infami
616 1261 726 1300 ſodalium
759 1261 832 1300 grege,
854 1261 902 1300 qui-

105 1296 196 1341 huscum
221 1296 294 1341 neque
311 1296 381 1341 ſobriè
402 1296 493 1341 vivere,
521 1296 594 1341 neque
615 1296 710 1341 honeſtè
738 1296 814 1341 verſari
832 1296 898 1341 licet;

103 1333 136 1380 ſed
155 1333 169 1380 in
195 1333 235 1380 loca
261 1333 312 1380 ſola,
341 1333 422 1380 procul
437 1333 455 1380 ab
484 1333 546 1380 omni
565 1333 693 1380 conſortio,
711 1333 795 1380 absque
813 1333 898 1380 long.

100 1369 227 1405 prudenti,
250 1369 267 1405 &
287 1369 340 1405 certâ
360 1369 523 1405 deliberatione
543 1369 727 1405 confugiendum
747 1369 783 1405 non
813 1369 897 1405 cenſeo.

103 1406 147 1434 Imò
169 1406 188 1434 te
204 1406 217 1434 in
245 1406 283 1434 hae
299 1406 369 1434 urbe,
397 1406 407 1434 in
445 1406 543 1434 omnium
577 1406 647 1434 oculis
676 1406 812 1434 commorari
834 1406 894 1434 forſi-

101 1441 125 1484 tan
157 1441 227 1484 decet,
255 1441 276 1484 ut
293 1441 328 1484 ubi
349 1441 454 1484 exemplo
479 1441 591 1484 nocuiſti,
622 1441 650 1484 ibi
678 1441 787 1484 exemplo
811 1441 895 1484 proſis,

105 1477 119 1522 &
140 1477 196 1522 quos
214 1477 217 1522 à
245 1477 329 1522 virtute
350 1477 497 1522 abduxeras,
528 1477 553 1522 ad
581 1477 703 1522 virtutem,
734 1477 804 1522 quoad
829 1477 892 1522 licet,

102 1522 202 1550 revoces.

64 1696 153 1740 E

857 1712 898 1736 ee
