1000 1743
183 59 883 114 TrLNIS VOLUPTARIUS. 327
185 71 373 88 II
407 126 556 154 PHIL.
111 156 923 201 Jubes, ut à pravis recedam ſodalibus; idemque ut in
15 179 951 234 hac urhe remaneam ſuades. Quò me igitur, vel ad quos
16 232 281 272 vis concedere?
394 271 570 298 ARIST.
112 303 885 347 Ad me, ſi lubet. Lutetiæ commoraturus ſum aliquam-
16 337 885 380 diu, in illo meo veteri hoſpitio liberali, honeſto, & pu-
16 378 885 417 dico; illic mecum habita, & quid facere te deinde opor-
16 414 886 452 teat, vel tecum ipſe ſolus, vel cum aliquo prudenti viro
16 450 258 491 conſiderabis.
406 490 544 527 PHIL.
111 518 955 561 Tu me tecum habitare velis! tu domi habere ſuſtineas
17 553 887 600 perfidum, impium, parricidam, per quem amicus periit!
18 597 702 638 non metuis, ne te quoque perdam brevi?
400 640 573 663 ARIST.
116 668 932 706 Non hoc metuo, amice; imò te mihi virtutis ducem
18 690 348 746 brevi fore confido.
384 744 552 772 PHIL.
117 778 887 820 O Deus immortalis! dux virtutis ego, qui vitiorum om-
20 807 890 856 nium hortator & magiſter; per quem amicus æternùm periit.
104 863 523 881 4Æ V v
20 863 968 906 xxx xxxa,,
159 902 811 947 SCENAXXVIII.
103 957 920 1000 ERGASTUS, POLYDROMUS.
171 996 802 1044 PHILEDONUS, ARISTOBULUS.
434 1043 542 1069 POL.
90 1074 940 1119 Ntibi Philedonus: alloquere, ſi te audire volet, &,
19 1096 560 1143 quod affers muneris, exhibe.
424 1153 535 1179 ERG.
107 1182 891 1225 Hanc tibi, Philedone, pyxidem cum epiftolâ mittit Circe.
401 1224 555 1251 PHIL.
123 1253 337 1291 Quænam Circe?
392 1295 544 1326 ERG.
122 1324 891 1366 Fœmina illa nobilis, quæ tibi nuper cum Eraſto cœnanti
22 1355 892 1401 aſſidebat; quæ te poſt cœnam vidit ſaltantem & admirata eſt.
420 1404 557 1440 PHIL.
124 1432 936 1477 OSuperi! quæ meum perdidit amicum, quanquam
22 1461 893 1509 non ſola perdidit; ſed perdidit tamen) jam mihi tenit in-
23 1501 892 1551 ſidias. Iſthæc aufer procul, & tua tecum venena remove.
675 1550 735 1582 4
1 1688 112 1740 ſt
111 1710 263 1734 t;
