1000 1743
306 59 399 114 NIS
445 59 766 114 VOILUPTARIUS.
835 59 877 114 327

196 71 363 88 7III

417 126 489 154 PHI
527 126 546 154 L.

121 156 198 201 Jubes,
225 156 244 201 ut
267 156 271 201 à
294 156 367 201 pravis
397 156 493 201 recedam
528 156 654 201 ſodulibus;
681 156 792 201 idemque
819 156 838 201 ut
861 156 873 201 in

79 179 117 234 hac
136 179 190 234 urhe
209 179 335 234 remaneam
362 179 446 234 ſuades.
503 179 542 234 Quô
568 179 591 234 me
610 179 695 234 igitur,
725 179 756 234 vel
771 179 798 234 ad
825 179 878 234 quos

87 232 110 272 vis
136 232 273 272 coneedere?

401 271 559 298 ARIST.

117 303 147 347 Ad
176 303 212 347 me,
238 303 249 347 ſi
271 303 340 347 lubet.
381 303 468 347 Lutetiæ
494 303 684 347 commoraturus
702 303 743 347 ſum
765 303 878 347 aliquam-

87 337 131 380 diu,
157 337 168 380 in
201 337 237 380 illo
267 337 307 380 meo
333 337 398 380 veteri
417 337 519 380 hoſpitio
538 337 640 380 liberali,
669 337 775 380 honeſto,
808 337 823 380 &
841 337 878 380 pu-

84 378 142 417 dieo;
172 378 215 417 illie
245 378 318 417 mecum
347 378 439 417 habita,
472 378 483 417 &
508 378 559 417 quid
581 378 651 417 facere
673 378 691 417 te
713 378 794 417 deinde
816 378 878 417 opor-

80 414 131 452 teat,
164 414 193 452 vel
215 414 281 452 tecum
307 414 351 452 ipſe
369 414 439 452 ſolus,
472 414 501 452 vel
530 414 567 452 cum
596 414 677 452 aliquo
702 414 812 452 prudenti
834 414 878 452 viro

87 450 255 491 conſiderabis.

417 490 541 527 PHIL.

131 518 142 561 Tu
179 518 201 561 me
223 518 292 561 tecum
318 518 420 561 habitare
446 518 508 561 velisl
537 518 548 561 tu
585 518 643 561 domi
662 518 742 561 habere
771 518 881 561 ſuſtineass

81 553 213 600 perſidum,
231 553 348 600 impium,
370 553 528 600 parricidam,
553 553 590 600 per
612 553 667 600 quem
692 553 780 600 amicus
802 553 868 600 periit

82 597 120 638 non
155 597 246 638 metuis,
271 597 295 638 ne
316 597 330 638 te
351 597 442 638 quoque
463 597 550 638 perdam
578 597 659 638 brevi?

405 640 564 663 ARIST.

121 668 165 706 Non
191 668 231 706 hoc
264 668 345 706 metuo,
371 668 459 706 amiee;
492 668 532 706 imò
565 668 579 706 te
612 668 660 706 mihi
686 668 774 706 virtutis
803 668 873 706 ducem

88 690 148 746 brevi
169 690 217 746 fore
242 690 341 746 confido.

419 744 545 772 PHIL.

132 778 139 820 O
167 778 216 820 Deus
233 778 387 820 immortalisl
418 778 456 820 dux
477 778 565 820 virtutis
579 778 631 820 ego,
655 778 690 820 qui
708 778 812 820 vitiorum
837 778 879 820 om-

88 807 141 856 nium
164 807 267 856 hortator
282 807 302 856 &
324 807 431 856 magiſter,
447 807 481 856 per
500 807 554 856 quem
577 807 664 856 amicus
687 807 783 856 æternùm
806 807 882 856 periit.

191 863 865 906 XXXXXXaXaX.XTXV..C..J.*X?

177 902 253 947 SC
317 902 405 947 EN
463 902 813 947 AXXVII.

119 957 418 1000 ERGASTUS,
465 957 861 1000 POLVDROMUS.

183 996 188 1044 P
208 996 459 1044 HILEDONUS,
502 996 802 1044 ARISTOBULUS.

443 1043 487 1069 PO
534 1043 534 1069 .

133 1074 145 1119 N
173 1074 209 1119 tibi
237 1074 385 1119 Philedonus:
413 1074 545 1119 alloquere,
577 1074 589 1119 ſi
609 1074 625 1119 te
645 1074 725 1119 audire
753 1074 825 1119 volet,
853 1074 885 1119 &,

148 1096 209 1143 quod
232 1096 297 1143 affers
328 1096 435 1143 muneris,
465 1096 557 1143 exhibe.

435 1153 439 1179 E
470 1153 529 1179 RG.

126 1182 190 1225 Hane
206 1182 258 1225 tibi,
282 1182 417 1225 Philedone,
433 1182 533 1225 pyxidem
561 1182 597 1225 eum
625 1182 712 1225 epiſtolâ
736 1182 800 1225 mittit
824 1182 884 1225 Circe.

430 1224 434 1251 P
464 1224 551 1251 HIL.

141 1253 231 1291 Quænam
266 1253 330 1291 Circe?

442 1295 446 1326 E
475 1295 541 1326 RG.

133 1324 224 1366 Fœmina
245 1324 276 1366 illa
301 1324 399 1366 nobilis,
420 1324 465 1366 quæ
482 1324 521 1366 tibi
538 1324 615 1366 nuper.
632 1324 671 1366 cum
699 1324 768 1366 Eraſto
786 1324 884 1366 cœnanti

90 1355 212 1401 aſſidebat;
235 1355 281 1401 quæ
292 1355 307 1401 te
323 1355 368 1401 poſt
384 1355 464 1401 cœnam
491 1355 540 1401 vidit
556 1355 670 1401 ſaltantem
689 1355 708 1401 &
720 1355 831 1401 admirata
854 1355 884 1401 eſt.

431 1404 555 1440 PHIL.

140 1432 144 1477 O
166 1432 258 1477 Superil
287 1432 331 1477 quæ
368 1432 430 1477 meum
463 1432 562 1477 perdidit
587 1432 704 1477 amicum,
734 1432 877 1477 (quanquam

94 1461 130 1509 non
160 1461 196 1509 ſola
218 1461 332 1509 perdidit;
358 1461 391 1509 ſed
405 1461 508 1509 perdidit
526 1461 622 1509 tamen)
636 1461 673 1509 jam
706 1461 754 1509 mihi
772 1461 845 1509 tenadit
856 1461 890 1509 in-

91 1501 164 1551 ſidias.
193 1501 266 1551 Iſthæc
285 1501 347 1551 auſer
365 1501 457 1551 procul,
490 1501 504 1551 &
526 1501 552 1551 tua
577 1501 643 1551 tecum
676 1501 757 1551 venena
779 1501 885 1551 remove.

682 1550 693 1582 X
721 1550 728 1582 4

38 1688 71 1740 i

237 1710 237 1734 X
