1188 1984
489 154 813 215 Æ(0C
270 172 318 216 S2
222 236 1185 311 primum ad altare confugit; deinde fratris ſui hu-
229 286 1185 348 mauitate illectus, ad illius genua accidit, veniamque
229 333 1185 399 obtinuit. Qua de cauſa confidentior factus, mortuo
230 381 1185 459 jam Dapride. Abiſag Sunamitidis coniugium ad id
60 436 1185 519 ! mpetrandum Bethſabee auctoritate, && precilus in-
236 487 1185 554 terpoſitis, a ſratre petiit. ed audita vix petitione,
235 534 1185 654 e
243 633 1185 695 nortem ilius iuopinato juſſerit, qaærunt ſacrarum
246 684 1185 744 Litterarum interpretes. Communior opinio ea eſt,
246 733 1185 804 quam iidem fere Tirini verbis expono. Cum Ado-
249 776 1185 846 nias primogenitus eſſet Filiorum Regis, &
250 832 1185 898 toti populo apprime carus, a quo Rex non
253 879 1185 946 ita pridem fucrat conclamatus; ſi ad hæc ac-
255 931 1185 992 ceſſiſſcnt nuptiæ Sunamitidis nuper Reginæ.
259 979 1185 1048 & populo propter formæ venuſtatem, hone-
261 1027 1185 1098 ſtosque mores admodum gratæ, procul dubio
264 1077 1185 1147 ad regnum obtinendum illi prompta, facilis-
266 1127 1185 1201 que patuiſſet via. Et hoc fuit callidum oa-
267 1175 1185 1240 bi, de ſe, ſuisque rebus alioqui deſperantis,
268 1226 1185 1291 &Abjatharis, aliorumque Adoniæ faventium
271 1276 1186 1345 conſilium. His omnibus per poeticam licentiam
272 1324 1185 1392 varias peripetias, agnitionesque, ex ipſius facti hi-
265 1372 1185 1447 ſtorici viſceribus natas, ſacroque textuſ mininiè ad-
277 1428 1006 1493 1erſarias, ad Iragœdi ornatum addimus.
947 1748 1096 1805 PER.
