1188 1984
282 137 893 186 AcT SECDus. 1o7
52 214 958 269 t opto, magnis excidam auſis : obruent
49 265 486 306 Sæva nec inertem fata.
324 347 680 399 5ONATHAS.
609 405 937 450 Sed cura interim
56 449 872 506 Thalamos Abiſag rurſus ut lupplex roges,
48 501 785 556 Quærasque urum Regis itetata prece
46 549 883 599 Mollire pectus. Si annuat, mirum, tuum
48 600 899 653 Conferre quantum valeat ad regnum, tibi
45 648 932 704 Iugata Abiſag. Populus hanc, poccresque
710 705 883 751 amiant.
44 745 932 804 Hæc flectit,ut vult,corda.Nam quem non rapit
44 797 786 848 Flexanima ſpecics oris, addit cui jubar
44 847 831 896 Æthereus aoimi candor, & raro comes
43 896 854 950 Decoris, intactus pudor? Quodſi preces
44 946 851 992 Audire renuat; nemo erit, caulam tuam
44 995 879 1049 Qui non pcroret: quisquc te regem volet,
42 1044 882 1099 tilla regnet: quam tamen blandis itude
42 1093 927 1149 Mulcere dictis. Quid ſuas, tumulum prope,
43 1143 899 1196 Gelidosque cincres, lacrymis fiammas alit?
42 1191 927 1248 Quid fruſtra inuina quærit cxanitium virum?
42 1242 740 1288 In te luperſtes vivit. Annon Scnis
41 1289 768 1346 Flaveſcere in te geſtiat rurſus comas,
42 1340 811 1392 Vernare rurlus vividum frontis decus,
43 1390 868 1451 Celerique motu ſangumnem rurſum pigras
40 1443 824 1497 Agitare venas. Adue, qu piura cloqui
40 1489 356 1534 Sciunt amnantes,
338 1583 623 1628 ADONIAS.
302 1644 924 1703 Sed rogo: vos quam hactenus
39 1692 385 1751 Navaſti operam!
792 1748 873 1801 O-
