665 1279
211 28 490 54 IACOBI LIDENI
62 33 94 53 s
71 52 519 80 25 Lævâ atque dextrâ. Liberis peccas. pins
98 77 507 102 Conjur; piuſq́ue, coniugi peccas. pater.
98 98 500 127 Ingrate. dubitas? jura conjugii, & fides
102 121 515 145 Sic excidere? vincat, ut debet, RacheI,;
101 145 520 172 Hanc ſequore: fic natura, ſic pietas jubet;
69 167 517 197 50 Pars ill potior; redde quam debes, tuæ
100 191 517 218 Vitum Racheli. umouid & natis? dedi
101 213 656 249 Natis. Quid ultra eſt? hanc quoque t ſerves; Hcet,
101 237 483 265 Servabo, vel poſt fata; ſat vivam pater
100 261 444 287 Diviſus in tot, melior & major mei
71 283 519 314 5 Pars eſt in illis; tenue quod ſuperat, meæ
103 306 566 333 Dandum eſt Racheli. Dabitur ; ad tuos celex,
102 329 553 355 Quod decuit olim, pronus in tumulum ſenex
102 354 500 379 Manes recurro; recipe nunc uxor virum
102 376 515 405 Secura, & avidis ſtringe complexu obvio
58 400 516 428 Æ20 Rachel lacertis: ſtringe Quid vanis capi
103 422 457 446 Somnis amaſti. ludicro & paſci dolo
101 445 521 471 Miſerande Iacob? ſtare, quo ſoles, gradu,
100 469 448 495 Nec eſſe ſub dolore, maorem malis
101 491 503 518 Senem decebat, generis & memorem tui
58 516 457 543 0, Non indecoro terere lamento diem.
100 539 495 566 Quin ipſa, tanto quâ voves frui ambitu,
100 564 454 588 Tenetur à te, ſpirat in natis parem;
99 583 537 611 Supereſt. Rachelis magna pars, Ioſe ph tibi:
100 608 539 636 Et Aenjamin pars magna, & hos caſus licet,
58 632 448 657 10 Deſisve matri jungat, ereptos patri,
100 653 544 680 Conſtante, & æquo immotus animo perferas
96 677 577 703 Tamen neceſſe eſt. Reſpice ad avitam indolem,
98 701 457 726 Proniſque Iſâci pendulum cervicibus
99 725 487 750 Revolve ferrum, patriâ ſtrictum manu.
58 747 448 772 2 Ad illa nunc exempla duris arduum
98 770 500 798 Oppone pectus: quod jubet cœlum pari,
98 796 462 820 Infractus animo vince par avo nepos.
98 817 454 843 Indigna canis pelle lamenta, & viro
98 839 527 866 Turpem querelam; patere longanimus tori
57 864 463 889 120 Iugrata vidni tædia, & tua obſequens
51 884 541 910 Permitte ſuperis fata. Sic placuit. Bene eſt.
97 908 522 933 Vivamus. O qui ſemper & jam nunc pius,
72 932 486 959 Et non ſuperbas ſupplicum preces Deus
100 954 505 980 Audire facilis, dirige hoc quidquid traho
57 977 544 1003 25 vVite, & caducum. nam potes, firma gradum
98 1001 515 1026 Senio trementem debili; & quo nil qu0am
50 1023 439 1051 Majus precari, liberos ſimiles avo
97 1047 455 1069 Simileſq́ue patri præſidis dextræ pio
97 1069 455 1094 Ductu gubemns. Tota bis ſenis ftetit
55 1092 480 1116 E30 Natis propago, exinde poſteritas Abrsx
99 1114 475 1139 Promiſſa tories, fiderum vinceus faces
95 1137 460 1167 Olim exituma: ſurgit hinc meis ſeges
508 1156 646 1196 Ineit !
