690 1299
175 55 687 86 OSPH TRAGOEDI. 115
1 78 527 104 Sncendat ardor; te tuum hortetur genus.
1 102 582 129 LEV. Et ille ferrum ſtrinxit in pueri caput.
1 125 560 152 ! RVB. Inbente cælo. Non furor rapuit virum,
112 147 593 173 Sed trepida pietas. SI. Quid meas etiam tenes
1 170 491 199 0 Ingratus aures monitor? implacabiles
5 194 478 221 Fert animus iras, hæret exeſis tenax
1 216 506 246 Invidia venis, igneam infammans ſitim.
112 235 600 264 RVB. Tuum ipſe Simeon ſanguinem demens ſſs.
113 261 613 285 SIM. Meum? RV. Parentis numquid unius genusl
5 284 611 336 v:eteâ:ettâ
114 332 613 358 SI. Omitre patris nomen. RVB. O nimiùm patri
113 354 568 382 Dilecte Ioſeph! LEV. Odia multorum trabit,.
1 365 26 386 i
115 378 569 405 Qui placuit unus. RVB. Vivit in puero ſenox.
2 392 26 408 V
1 403 499 441 I4o Perite fratrem ſi cupis. patrem cupis.
117 425 611 451 SIM. Hoc eſt quod avidam tenuit à cæpto mannm.
114 449 495 475 Pridem ſub umbras iſſet æternas puer;
114 469 571 498 Patri peperci. RVB. Nunc & in patrem furis.
113 494 568 520 Fruſtra miſericors, fruſtra adhuc fratri pios?
65 518 538 546 145 SIM. Adhuc peperci, fateor; ulteriùs vetat
115 541 546 568 Vrens medullas ira RVB. Sed pietas jubet.
115 566 549 591 Pars aliqua noſtri frater eſt. ſanguis meus,
115 589 574 614 Tuuſq́ue Simeon, ſi parum hoc, etiam patris,
116 612 514 634 Servandus hic eſt. Genitor occurrat tibi
1 635 577 666 50 Grandævus, aſtris carus; heu ! quas lacrymas,
114 658 582 684 Quos ille gemitus, quos miſer planctus dabit!
115 681 616 708 SIM. Quis noſtra prodet auſa? RVQui ſolet, dies,
116 704 550 730 Quin teſtis animus, & ſuum accuſans ſcelus,
116 729 524 755 Semperq́ue pavidus vindicis pœnæ metu,
1 751 513 782 25T Se prodet ipſe. Nihil in occulto eſt diu,
116 774 549 801 Cum trepidus urget conſcium pectus timor,
117 799 495 825 Sed fac latebris crimen æternis premi,
115 823 513 846 Tamen orbitatis triſte tormentum nova
115 844 468 871 Devexa miſeri fata properabit ſenis.
1 869 466 899 5 60 Graves peroſus lucis ingratæ moras
118 891 473 918 Et huc & illuc vota non certus feret
117 914 519 943 Suum reqnirens ſanguinem ! Evulſis ruet
117 936 539 965 Canis. & atras quæret umbrarum domos,
117 960 470 988 Nulli ſatis ſolandus, & natum ſequi
1 984 508 1018 . 165Properabit. Illum, ſera ſeu cadet dies,
117 1007 473 1036 Seu prima ſurget, voce lachrymabili
117 1028 548 1059 Geminabit. Heu me! Sancta canities ſenis,
119 1052 451 1081 Et qui perire neſciet patris dolor,
118 1073 550 1105 Te mene ab iſtâ moveat. Haud unus cadet
1 1097 498 1135 150 Ioſeph, in uno capite mactabis duos
121 1120 498 1151 Bis parricida Redde te tandem tibi
120 1144 501 1171 Iam melior, atrâ recipe turbatum face
118 1165 587 1197 Pectus; nec umquam labe tam mmani domus
576 1184 653 1203 2â0
388 1192 436 1214 B 4
