688 1301
177 49 619 78 IOSEPH TRAGOEDIA. i25
102 71 565 101 VV. Laus iſta potior, crimine infecto impios
101 96 575 121 Damnas quod auſus. Si tamen nimiùm hoc fuit
1 120 522 146 225 Servare fratrem, at mitius pœnæ genus
103 144 487 168 Natura meruit. Non ut indemnis peto
102 166 501 191 Paterna repetat tecta, fratreſque arguat
97 188 470 213 Diri miuiſtros facinoris ; noſtro ſatis
101 211 494 237 Quod ſit furori. merſus hortendo ſpecn
48 234 440 259 o Mœrore contâbeſcat & lentââ fame
101 258 535 286 Dum non ſceleſtas inquinet fratrum manus,
100 280 499 306 Nobiſq́ue noſmet exprobret caſtus cruor
99 304 498 330 Fraterna damnans odia, & ultrices polo
100 327 561 353 Poſcens favillas. Cur ſcelus placuit? ſcias
1 350 562 379 x5 Sine te mori quem poſſe, cur perimas nocens ?
100 374 468 396 Ferro feroces facilis abſtinuit manus,
99 397 491 422 Hoſtem ſine illo cadere qui ſenſit. Male
100 420 466 446 Genns ultionis triſte crudelis legas,
75 442 483 468 Vindicta fructum ſi minor parem tulit.
1 467 533 492 Age pone ferrum, pone, Qui inſouti poteſt,
101 489 509 515 Tibi curſceleſto pereat ? abſtruſo gèmens
99 513 525 538 Vitam ſub antro, quà poteſt, frater trahat.
100 537 532 562 SIM. Etfi repugnat pronus incædem dolor.
99 559 529 585 Bibiſſe anhelus ſanguinem, hocq́ue in ilia
52 582 493 609 25 Merſiſſe ſerrum ; vincor ingratâ tamen
98 605 463 631 Pietate; long vincor invitus prece.
99 629 527 654 LEV. Ciſterna mediis aret in ſilvis vetus,
97 652 680 690 Vis hanc petamus? IO. Da moram, heulbrerâ mo.
99 675 566 700 Miſerere, tremulas genibus heu! tendo manus;
52 697 553 733 0Iuiar: pan i Nephuli! 0 annis prio.
100 721 470 746 Pietate melior. conde me tuis Ruben
97 740 578 769 Fratrem lacertis. RVB.Quid meo hærentem ſiuu
97 768 488 792 Puerum revellis dura Simeonis manus?
97 786 613 817 SM. Conceſſa vita eſt, munus hoc ſummum puma.
50 814 539 861 eeiââee
58 859 607 894 ,pugregoggeg ſocro podus
96 883 511 912 Parúmne precibus hoc datum tuis? pudet
98 906 466 932 Ceſſatſe; prompto debuit ferro mori
31 930 526 959 4o Iam non rogares Mitte quas perdis preces,
99 953 537 978 Meumque ſocias junge ad exemplum manus.
94 975 490 1001 Quid te refectis? nempe nunc ſerò pius
97 998 497 1024 Poſt læſa patris jura. Sic tantùm geris
43 1022 507 1047 . Sceleribus aptum ingentibus pectus, fugis
53 1044 497 1073 45 Minora ? fratri miſericors, patri impius
96 1067 541 1091 Horrente thalamo? â ſemper in parvis iners!
96 1090 596 1116 Ad auſa velox grandia!RVB.Hanc malèe exprobras
95 1113 496 1138 Laudem prioris quod pudet uoxæ dares
94 1136 507 1161 Veniam dolenti ſatius. Horre ſco, execror
2 1159 493 1192 25Qrod patrius in me vidit, & flevit torus.
543 1180 591 1201 Hine
