1188 1984
561 162 868 215 5oATHS
580 246 857 287 NACHOR.
273 314 1057 365 In tux dilertus dama ſic precibus viam
273 355 1185 417 Præcludis omnem? Frange ́uvenilem im-,
937 417 1185 465 petm,
276 457 1185 515 Animosque minuce. Ad fortia aut fite flagrans
277 513 1185 574 Laudis amor urget: perge quo pronum cſt iter.
277 561 1038 612 Inimica ferro terga fugientum preme:
281 598 1185 666 Reditumque prohibens,præripe hoſtiles plagax
280 659 1031 710 Extende patria tegna ordanem fuper,
279 697 1185 763 Syriæque fines. Te ſequan laudum comes:
280 755 1185 824 Nllus malorum turbo, non lethi metus,
282 802 963 849 Non efferati Martis inſanus ſuror
284 852 1002 909 Sojunget ambos. Bella fortuna licet
285 893 1185 955 Reflante moveas, ac tua excldium parent
288 953 1185 1005 Tibi fata; bellici hunc tamen fructum feres
290 1000 1185 1054 Saltem laboris, pecudis inſtar non dabis
290 1050 1185 1103 Iugulambippeni: at vulnere accepto, rnens
290 1099 1185 1165 Præceps in hoſtes, morte præclara diem
292 1148 691 1197 Caudes ſupremum.
569 1208 914 1262 IONATHAS
710 1252 1185 1328 Ne Deo morem geran
297 1310 743 1365 Snadere fruſtra pergis.
651 1364 872 1421 5ABEL.
840 1415 1185 1473 Et quænam jubet
300 1468 1185 1526 Lex rigida quamvis, deſcrere ſponſam? Dolens
303 1519 1185 1573 Guinam relinquar? Cogar infauſtos dies
300 1567 1185 1622 Deſerta trahere, quæ prius fueram procis
302 1618 1185 1683 Petita centum. Siqua mihi de te foren
184 1655 1108 1719 Suſcepta proles, ora quæ ſaltem tua
307 1719 1044 1782 Mati refertet:onathas ſiqun mihi
1069 1771 1186 1809 Paæ
