1188 1984
509 140 897 196 5oNATHA5
269 157 325 192 42
221 224 1020 275 Primo juvente in flore, quem nuper ſui,
220 263 1185 334 Patriæque ſenſit vindicem, ac ſpoliis gravem
216 322 921 374 Remeare vidit cæde ab hoſtili caput
223 371 1185 436 Sub́cere gladio? Id populus, idtacitus ferat,
225 419 1038 487 Quod non lybiſtis urſa, non maurus leo,
225 471 1003 524 Rupes nec ipſa caucauſi horrentis qucat
228 521 985 570 mmota ferre Diſce pietatem a feris,
24 521 75 669 !
226 572 469 626 Scopulisque.
567 646 753 699 SA2
566 692 1185 756 Regis diſce tu potius ſequi
228 744 1029 801 Verenda juſſa. Nam mihi imperii Deus
228 791 1185 840 Tradidit habenas:flecterc has dextra meum eſt.
230 842 1185 899 Dum jura tradam, auctore me nemo nocens
231 892 1055 949 Etit, aut inuitus5 languine e noſtro genus
231 920 1185 1001 Trahat ille quamvis.,, uris in populum eſt
931 990 1062 1039 rigor
231 1025 1185 1097 ,,Servandus æque. Quippeſi frangat metum
223 1090 1185 1145 Spes aliqua, populus ſpontejam pronus ſua,
234 1135 932 1185 In omne dirum facinus effuſc ruet,
236 1178 1185 1239 Indomitus ut eq́uus, fræna cuilaxes. Tamen
237 1235 989 1283 Patrio ab amore victus incautæ darem
241 1271 1185 1345 Aliquid juventæ, precibus & ſponſæ darem:
31 1334 1038 1407 Fides ſed obſtat, rite quam ſolvi eſt opus.
588 1407 775 1457 5ABEL.
240 1454 1048 1517 Feligio demens. Perfice inceptumſcelus:
240 1506 1185 1564 Sobolem trucida. Hircanatibi plaudet ſuas
241 1553 1185 1610 Feritate ſuperans Gens tigres, plaudet Getes,
241 1600 1185 1662 Scitcsque profugus. At grave hoc nondum
944 1649 1186 1705 Cnefas
1017 1743 1186 1806 lue
