1188 1984
554 151 852 211 5o MATHAS
303 175 356 220 50
259 233 1185 295 Non ſic arundo cum celer liquidum ſecat
263 285 1030 347 Aera, præitque ſonitus; hic, illic prius
261 337 1062 394 Sitiente roſtro pronæ ad irriguas aquas,
264 385 1185 445 Coactæ in agmen propere. & oblitæ ſitis,
262 433 1185 498 Trepidante penna, ruſticæ culmen domus
262 482 1185 548 Repetunt columbæ; utretro denſatis frequens
266 535 1016 592 Acies maniplis, immemor prædæ ruit
266 576 1185 642 In caſtra præceps:jamque adeſt. Petithæcſuum
267 629 1185 692 Furibunda ſibi reddi Ducem: excidium ulti-
970 680 1186 747 mum
270 734 769 794 Minitatur aulæ, ſi negas.
621 803 803 851 SAL.
742 847 1185 938 Itane impudens! ()
273 923 1002 980 An vera narras ante debueras vigil
274 973 1185 1033 Injicere fræna.. .. Sed brevi pœnas luent,.
276 1011 1185 1077 Nil eſt morandum. Nontius celeri gradu
275 1070 1185 1133 Properet ad Aſaph, qui ſtatim huc reliquas agat
277 1119 1055 1176 Secum cohortes. Cognita illarum fide
276 1166 923 1225 tar. Labores ferre militiæ diu
276 1215 1061 1276 Mecum ſuctæ, reprimere audaces ſcient
276 1253 1185 1328 Motusjuventæ. Tuque, quod caput eſt, dolis,
278 1314 1065 1381 Aſtuque primos detinc incurſus. Palam
277 1350 1185 1433 Hæc ſpargc cupidum in vulgus: eſſe vixreo
281 1416 1185 1483 Quidquam timendum; judicis partes agit
282 1454 1185 1529 Cum genitor ipſc in filium, & cauſam eloquens
281 1517 1085 1572 Amor tuetur. Falſa, quas movit timor,
1030 1560 1186 1611 Spes
325 1709 1165 1775 ( Interciſis verbis inordinate loquitur, ut moris
276 1767 905 1825 o! i vehementi animi perturbations.
