1188 1984
340 144 916 195 Arus Quirus, 3
83 227 814 278 Fœdere jugali corda qui iunxit, pari
84 276 677 327 Nectat amor umbras fœdere.
429 336 620 384 SAL.
648 384 963 437 An me ſic putas
86 436 847 486 Avidum cruoris prolucre diram ſitim
84 485 885 539 t immerentis ſanguine innocuo velim?
354 547 687 597 ONATHAS.
81 597 883 651 Me lucre ſolum crimen admiſlum decet,.
82 648 494 706 Qui vota fregi ſolus.
431 705 620 762 5ABEL,
633 761 957 812 Ingratum caput,
79 808 857 858 Vixiſſe mecum rnuis, & mecum mori
79 858 906 912 Tu Rex inani fraude barbariem tegis. )
77 909 881 962 ,. Mortem Tyranni inferre felici ſolent:
78 960 955 1016 ,, Negare miſero. Do tamen: pœnam irroges
79 1009 833 1050 Solum merenti. Vivit in noſtro reus
77 1056 899 1107 Pectore: cruentum dirige huc telum: ſatis
76 1106 857 1157 Mors uua crimen æquat. Hac Saul via
77 1155 921 1208 Nec eris inultus, nec decus egni ac tuæ
75 1204 570 1252 Tutamen evertes domus.
339 1270 686 1327 5ONaTHAS.
662 1326 951 1368 In te innocens
76 1370 853 1425 Cur capite plectar Vive tu potius dies
74 1420 850 1471 Meos, tuosque. Vivat, & tecum mei
76 1470 948 1521 Pan melior. ltra ſerimus at fruſtra moras.
74 1518 947 1579 Iam luere ſanguis ardet, atque ultro emicat.
823 1579 897 1627 M
115 1746 685 1799 ( Vertit ſermona ad Saula.
