674 1230
137 44 252 79 ACTVS
291 44 502 79 SECVNDVS.
563 44 582 79 26

90 73 147 104 Latgo
162 73 252 104 refoſſum
276 73 369 104 vulnere,
390 73 498 104 opreſſum
525 73 573 104 malis

83 101 128 133 Heri:
143 101 227 133 laureati
242 101 326 133 pedibus
341 101 443 133 inurſent
461 101 512 133 equi-

86 128 120 156 TH.
142 128 185 156 Expr
199 128 238 156 ome
252 128 303 156 tanti
323 128 416 156 machinat
427 128 470 156 ores
489 128 537 156 doli.

91 154 118 184 CY.
139 154 151 184 En
178 154 199 184 me
214 154 292 184 taeente
304 154 382 184 literæ
400 154 484 184 clamant
499 154 571 184 ſcelus,

0 173 119 212 lTH.
137 173 143 212 O
161 173 212 212 cruda
230 173 286 212 facta:
310 173 340 212 dira
361 173 454 212 terrarum
472 173 520 212 lues:

86 208 125 238 Quis
137 208 173 238 hoc
197 208 281 238 Gelonus
296 208 356 238 fecit,
365 208 398 238 aut
416 208 494 238 rigidus
509 208 593 238 Scythar

80 235 173 264 Nondum
197 235 269 264 ſubacta
287 235 338 264 ferre
365 235 479 264 didicerunt
494 235 557 264 iugum

88 262 172 292 Ceruice,
189 262 271 292 nondum
296 262 333 292 ſort
342 262 358 292 is
370 262 423 292 agno
432 262 488 292 ſcunt
508 262 508 292 v
519 262 567 292 ices.

87 290 138 318 Etiam
156 290 168 318 in
189 290 264 318 catenis
276 290 309 318 pur
318 290 378 318 puras
393 290 474 318 fingunt
486 290 528 318 ſibi,

85 316 100 346 Et
115 316 226 346 præferoci
241 316 306 346 ſpiritu
327 316 402 346 ſceptra
417 316 522 346 ambiunt.

83 344 171 371 Prodigia
190 344 238 371 tanta
258 344 326 371 ſtupeo
343 344 391 371 penè
405 344 476 371 expers
496 344 535 371 mei.

76 370 118 400 Hoc
133 370 262 400 execrandum
292 370 385 400 Conſules
397 370 436 400 auſi
448 370 508 400 nefas:

78 396 183 437 Saepulchra
201 396 276 437 legum,
285 396 336 437 patri
354 396 357 437 æ
369 396 462 437 ardentis
474 396 534 437 faces,

74 424 145 453 Hoſtes
162 424 252 453 deorum,
269 424 326 453 ;enet
334 424 348 453 is
359 424 441 453 humani
458 424 506 453 lues.

81 450 114 480 Quò
129 450 144 480 ſe
159 450 213 480 feroc
219 450 234 480 is
249 450 333 480 ſpiritus
351 450 411 480 rabies
429 450 483 480 tulit?

82 476 186 506 Detrahere
201 476 251 506 ſolio
268 476 319 506 regis
331 476 334 506 a
348 476 370 506 ug
379 476 404 506 uſt
413 476 435 506 um
458 476 523 506 decus.

81 504 123 534 Quid
138 504 204 534 reſtat?
216 504 276 534 ipſum
300 504 318 534 vt
333 504 372 534 ſede
387 504 483 534 diripiant
501 504 555 534 patre
570 504 588 534 n.

79 529 109 560 Par
124 529 145 560 eſt
160 529 271 560 vtrumque
283 529 370 560 facinus,
382 529 385 560 a
400 529 469 560 udebit
490 529 508 560 De
517 529 541 560 um

82 556 243 591 Conuulnerare,
259 556 350 591 quiſquis
372 556 382 591 in
414 556 473 591 regem
496 556 533 591 hoc
565 556 584 591 a-

116 592 160 614 trat.

79 609 101 641 Eſt
114 609 228 641 expiandum
250 609 329 641 facinus
342 609 424 641 inuiſum
446 609 506 641 polo,

80 638 107 667 Cui
119 638 149 667 iam
170 638 248 667 videtur
263 638 329 667 leuior
347 638 428 667 Ixionis
449 638 500 667 rota,

72 666 109 695 Aut
123 666 134 695 in
154 666 241 695 perenne
256 666 343 695 funerum
366 666 422 695 viuax
436 666 501 695 iecur.

77 691 105 722 Per
114 691 139 722 aſt
151 691 162 722 ra
179 691 224 722 iuro
236 691 270 722 non
292 691 329 722 erit
341 691 426 722 inultum
445 691 519 722 ſcelus.

2 718 107 747 :Ite,
122 718 203 747 euocate
221 718 299 747 ꝑondus
314 718 395 747 inuiſum
416 718 461 747 ſoli.

86 772 170 815 Boetius
189 772 250 815 canit
266 772 277 815 in
304 772 392 815 carcere
419 772 468 815 ſuos
495 772 583 815 verſus.

76 852 139 883 Fœlix
155 852 185 883 qui
198 852 268 883 potuit
284 852 347 883 grauis

78 880 134 910 Terræ
150 880 228 910 ſoluere
244 880 332 910 vincula:

74 908 112 936 Fœl
121 908 137 936 ix
153 908 181 936 qui
197 908 266 936 potuit
279 908 326 936 boni

74 934 151 964 Fontem
173 934 233 964 viſere
247 934 346 964 lucidum.

75 961 132 992 TRIB
148 961 185 992 VN.
208 961 245 992 Quis
261 961 331 992 cantus
341 961 405 992 aures
421 961 491 992 implet
511 961 581 992 efuſue

124 994 151 1017 mea
166 994 176 1017 s?

65 1015 105 1045 Mit
114 1015 136 1045 um
156 1015 165 1045 in
190 1015 264 1045 catenis
281 1015 374 1045 exhibent
388 1015 448 1045 ludos
465 1015 496 1045 rei,

67 1042 121 1072 Adeò
151 1042 268 1072 tremendam
307 1042 343 1072 ſing
352 1042 391 1072 ulis
424 1042 517 1072 temnunt
547 1042 577 1072 n-

149 1075 193 1099 cem.

418 1095 418 1125 t
439 1095 456 1125 iij
