672 1227
80 58 116 90 22
200 58 472 90 YHEODORICVS.

77 86 128 116 Ades
142 86 205 116 beata,
219 86 275 116 cincta
298 86 400 116 cœlituum
422 86 490 116 choro,

81 114 129 140 Ades
149 114 236 140 coruſcis
256 114 304 140 vecta
321 114 349 140 per
366 114 369 140 c
391 114 431 140 œlum
456 114 515 140 rotis,

91 140 189 176 Tuumque
211 140 287 176 ſectas
303 140 462 176 Symmachum,
478 140 497 176 ad
519 140 585 176 metam

116 169 185 193 incita,

85 188 164 223 Adſum,
174 188 257 223 tuoſque
314 188 334 223 us
344 188 453 223 amplexus
470 188 520 223 peto.

92 220 134 253 Quid
151 220 291 253 contremiſcis
305 220 374 253 lictor:
416 220 416 253 e
437 220 489 253 quod
510 220 531 253 eſt
549 220 594 253 tuũ.

91 248 148 277 Times
165 248 227 277 ſenect
244 248 255 277 æi
275 248 346 277 corpus
360 248 397 277 hoc
414 248 437 277 can
451 248 454 277 i
474 248 564 277 grauant.

90 275 149 303 Tamen
169 275 254 303 paratum
279 275 321 303 pect
327 275 350 303 us
361 275 381 303 ad
400 275 477 303 morrem
499 275 561 303 viret.

84 301 114 330 Me
128 301 177 330 plura
197 301 244 330 vitæ
254 301 310 330 luſtra
327 301 416 330 feerunt
429 301 502 330 ſenem,

89 323 159 364 Perque
176 323 205 364 tor
215 323 282 364 auorũ
295 323 398 364 purpuras
415 323 491 364 currens
531 323 584 364 onos

85 354 126 381 Suis
142 354 218 381 retulſit
237 354 316 381 opibus,
325 354 338 381 &
357 354 401 381 verè
417 354 461 381 ſuis.

89 381 149 410 Teſtor
164 381 236 410 beatos
251 381 298 410 terra
316 381 364 410 quos
382 381 448 410 condit
463 381 493 410 ſinu

94 404 169 437 Cineres
193 404 286 437 meorum,
298 404 334 437 vixi
349 404 385 437 ego
400 404 469 437 ſimilis
481 404 577 437 patrum,

81 434 120 465 Nec
138 434 171 465 vlla
189 434 234 465 vitæ
255 434 284 465 mac
296 434 323 465 ula
344 434 434 465 deturpat
455 434 518 465 genus.

85 461 142 497 Nune
155 461 284 497 innocentem
312 461 401 497 ſpiritum
426 461 448 497 ad
470 461 533 497 purum
562 461 593 497 lo-

108 495 142 510 cum

89 515 166 547 Defero,
176 515 209 547 nec
226 515 279 547 enſem
306 515 352 547 colla
369 515 402 547 lict
412 515 452 547 oris
466 515 546 547 pauent.

86 543 125 577 Non
146 543 236 577 pœnitet
260 543 332 577 vixiſſe,
341 543 373 577 nec
400 543 463 577 durum
490 543 508 577 eſt
538 543 592 577 morĩ.

87 570 120 601 Sed
135 570 210 601 plango
231 570 318 601 Romam.
336 570 408 601 Plango
426 570 510 601 virtutis
525 570 594 601 larem.

84 596 117 626 Heu
135 596 168 626 per
186 596 213 626 tot
225 596 393 626 annoscotthicâ
411 596 507 626 oppreſsũ
534 596 591 626 manu:

95 623 111 661 Te
123 623 199 661 plango
218 623 285 661 Romæ
310 623 402 661 domitor
424 623 453 661 heu
503 623 554 661 quod
579 623 592 661 te

124 651 174 678 miſer

85 675 125 716 Non
152 675 242 716 plangis,
252 675 295 716 alto
312 675 395 716 flumine
408 675 515 716 immerſus
535 675 595 716 iaces,

93 704 192 736 Oruaſque
204 704 264 736 ſertis
276 704 357 736 funeris
369 704 456 736 pompas
474 704 510 736 tui.

86 730 167 762 Inoſce
183 730 230 762 regi,
240 730 293 762 cunct
303 730 303 762 a
325 730 356 762 qui
372 730 416 762 nutu
435 730 463 762 reg
473 730 495 762 is,

89 757 104 796 Da
134 757 203 796 Chriſte
215 757 290 796 famulo
308 757 370 796 robur
382 757 403 796 ad
418 757 487 796 pœnas
502 757 592 796 nouum.

93 780 149 815 PvER.
159 780 250 815 Hæccine
269 780 323 815 dicam
342 780 430 815 ſpectare
452 780 503 815 Deum

84 811 132 847 SM.
156 811 246 847 Cecidère
261 811 297 847 duo
309 811 384 847 lumina
408 811 480 847 mundi,

90 839 217 868 FaXAuſonii
234 839 291 868 prima
308 839 398 868 ſenatus;

92 864 160 893 Vltima
182 864 244 893 gentĩs
259 864 329 893 noſtræ
349 864 425 893 decora,

84 892 166 921 Inopum
185 892 261 921 patres,
274 892 337 921 plebis
347 892 432 921 aſylum.

92 919 140 950 Vidit
161 919 242 950 cœlum,
254 919 371 950 gemuitque
386 919 461 950 videns,

90 944 103 976 Et
119 944 144 976 ſol
160 944 242 976 refugos
264 944 353 976 condidit
369 944 432 976 ignes.

82 971 105 1001 At
119 971 187 1001 harbar
195 971 221 1001 ies
241 971 323 1001 calcauit
340 971 399 1001 ouans

83 996 151 1027 IDebita
171 996 211 1027 patt
219 996 236 1027 io
256 996 338 1027 corpora
355 996 417 1027 cœlo.

83 1022 116 1054 IIic
128 1022 143 1054 te
155 1022 242 1054 appello
256 1022 313 1054 virgo
328 1022 406 1054 Nemeſi

81 1046 118 1079 Ibit
130 1046 215 1079 inultum
235 1046 308 1079 tantum
328 1046 416 1079 facinus,

85 1073 123 1111 Hoc
133 1073 192 1111 nullo
206 1073 245 1111 luet
265 1073 338 1111 Impius
363 1073 408 1111 æuo.
