649 1227
142 40 258 72 ACTVS
295 40 457 72 QVINTVS.
523 40 556 72 305

66 67 151 99 Implexa,
163 67 233 99 fruſtrà
252 67 324 99 quærit
340 67 428 99 effugium
447 67 507 99 necis.

60 95 106 125 Audi
117 95 247 125 innocentum
270 95 347 125 flebiles
367 95 446 125 queſtus
460 95 531 125 ſoror,

66 123 80 151 Et
92 123 196 151 impiorum
216 123 287 151 frange
301 123 386 151 conatus
400 123 474 151 truces.

80 151 128 180 vsT.
155 151 212 180 Orate
230 151 314 180 cauſſas,
332 151 413 180 tempus
434 151 461 180 eſt,
485 151 557 180 mandat

98 179 150 206 Deus.

61 203 87 232 Io.
115 203 121 232 O
138 203 175 232 diua
194 203 237 232 cœli
257 203 339 232 gemma,
350 203 443 232 terrarum
460 203 534 232 pauor,

66 229 134 260 Ecquas
148 229 238 260 querelas
253 229 275 260 ad
286 229 329 260 tuas
340 229 400 260 aures
414 229 467 260 feram

62 256 194 286 Superefiuen
209 256 233 286 tis
251 256 317 286 gloriæ
335 256 380 286 riuis
395 256 464 286 natans

61 284 115 313 Mihi,
126 284 211 313 fatebor,
225 284 290 313 durior
310 284 403 313 quondam
420 284 456 313 fuit

61 310 183 339 Miſerandus
197 310 240 339 ille,
248 310 307 339 nocte
322 310 355 339 cum
381 310 412 339 mœ
421 310 438 339 ſta
460 310 528 339 obſitun

71 338 116 367 Cœci
131 338 227 367 barathri,
236 338 302 367 necuit
317 338 383 367 infeſtâ
398 338 452 367 fame.

62 362 95 396 Sed
110 362 137 396 hic
149 362 218 396 beatus
236 362 305 396 carcer,
314 362 326 396 &
341 362 365 396 fœ
371 362 398 396 lix
413 362 488 396 fames,

70 392 106 422 Quæ
121 392 157 422 nos
166 392 187 422 ad
199 392 244 422 aſtra
262 392 352 422 gemmeo
370 392 421 422 curru
442 392 523 422 vehunt.

65 418 93 447 Bo.
116 418 175 447 Teſtor
189 418 286 447 perennis
303 418 405 447 flammeam
424 418 472 447 ſolis
489 418 560 447 rotam,

66 444 81 473 Et
93 444 207 473 fornicatas
219 444 273 473 aurei
288 444 336 473 ſedes
351 444 402 473 poli.

72 470 105 500 Cùm
123 470 165 500 læta
186 470 249 500 gladio
273 470 318 500 colla
336 470 375 500 ſubi
384 470 450 500 icerem
468 470 513 500 tuo,

62 497 101 527 Non
128 497 167 527 mihi
188 497 269 527 dolebat
287 497 364 527 vulnus,
376 497 400 527 aſt
415 497 454 527 iram
481 497 511 527 Dei

68 524 152 553 Tuoſque
167 524 218 553 caſus
233 524 359 553 præuidens,
368 524 437 553 fruſtrà
458 524 509 553 miſer

67 552 138 580 Fruſtrà
161 552 268 580 gemebam,
280 552 314 580 cum
334 552 368 580 tibi
387 552 455 580 mentis
470 552 515 580 feræ

72 577 153 607 Vallarer
165 577 225 607 aures
240 577 330 607 triplicis
342 577 456 607 adamantis
471 577 495 607 rig
507 577 534 607 or.

62 604 110 635 S.
146 604 179 635 Cùm
203 604 218 635 te
227 604 251 635 ad
266 604 356 635 tribunal
377 604 476 635 poſcerem
500 604 551 635 ſumm

95 633 132 662 Dei,

1 658 127 688 VDelira
146 658 209 688 ridens
225 658 266 688 pect
279 658 304 688 ora
323 658 418 688 explebas
430 658 503 688 ſcelus,

67 686 112 715 Tunc
124 686 177 715 inter
186 686 240 715 altas
257 686 310 715 totus
327 686 398 715 effuſus
415 686 480 715 dapes,

64 710 152 742 Ardente
169 710 211 742 vino
228 710 288 742 florel
307 710 327 742 me
336 710 358 742 ſſe
375 710 469 742 obrutus,

64 741 121 776 Senis
136 741 234 776 cruentum
260 741 329 776 mortui
348 741 393 776 tct
402 741 434 776 ans
450 741 516 776 capur,

71 767 137 796 Oculis
152 767 233 796 bibebas
248 767 458 796 ſanguinemixtum
485 767 542 796 mero.

70 794 140 823 Exinde
154 794 194 823 quæ
211 794 225 823 te
242 794 301 823 damna
324 794 423 823 diuexant,
434 794 496 823 vides.

71 819 143 850 Furore
164 819 230 850 mentis
244 819 322 850 caprus,
331 819 424 850 ignotus.
433 819 475 850 tibi,

70 848 145 878 Tandem
169 848 250 878 expuiſti
265 848 366 878 ſpiritum,
378 848 420 878 quid
441 848 462 878 me
471 848 555 878 inuocas

73 874 90 903 Vt
96 874 144 903 inam
166 874 237 903 cruore
254 874 347 903 flecterem
375 874 418 903 cœli
437 874 502 903 minas.

66 893 100 931 Sed
116 893 150 931 fata
167 893 244 931 verſant
263 893 337 931 debitas
351 893 422 931 pœnas
436 893 478 931 tibi,

72 927 88 962 Et
100 927 132 962 has
151 927 242 962 querelas
255 927 318 962 iuſtus
334 927 444 962 extorquet
470 927 523 962 Deus.
