678 1229
179 38 297 69 ACTVS
339 38 499 69 QVINTVS.
557 38 595 69 30

112 65 163 98 VST.
187 65 244 98 Reges
262 65 354 98 potenter
375 65 492 98 Præpotens
510 65 594 98 torquet

123 93 179 115 Deus.

99 115 177 150 TE0D.
207 115 300 150 Permitte
321 115 381 150 terris
399 115 435 150 diua
468 115 486 150 me
501 115 546 150 ferri
570 115 597 150 va-

121 153 171 174 gum,

87 172 129 202 Aut
147 172 225 202 memhra
243 172 323 202 pecudis
338 172 428 202 induere,
440 172 467 202 vel
479 172 488 202 ſi
503 172 551 202 libet

89 198 92 228 A
110 198 140 228 pra
158 198 233 228 figuram
254 198 299 228 noct
308 198 335 228 uæ
350 198 392 228 regi
404 198 476 228 impio,

98 225 115 254 Vt
129 225 219 254 impiatæ
236 225 321 254 culmine
341 225 431 254 inſiſtens
445 225 524 254 domus,

96 251 158 282 Ferale
178 251 240 282 gnatis
257 251 339 282 occinam
362 251 432 282 carmen
460 251 517 282 meis,

97 278 111 309 Et
125 278 171 309 aſtra
187 278 264 309 noſtris
281 278 318 309 dura
338 278 431 309 lamentis
451 278 536 309 gemant.

92 305 145 341 Ivsr.
161 305 272 341 Maledicte
284 305 307 341 ad
316 305 379 341 ignem
414 305 474 341 petge
493 305 594 341 maleaicto

115 332 136 362 ad
149 332 231 362 ſtygem-

92 340 168 388 rEEo.
196 340 231 388 Sed
247 340 326 388 quandiu
351 340 427 388 durabit
440 340 468 388 hic
481 340 548 388 noſter
563 340 595 388 ro-

114 386 114 414 g
124 386 144 414 us

90 411 162 442 IVST.
194 411 304 442 Maledicte
323 411 411 442 quæris?
430 411 509 442 quandiu
534 411 591 442 ſtabit

130 440 187 466 Deus.

95 465 126 495 TH.
168 465 400 495 EÆternitas:
296 465 400 495 æternitas:
429 465 525 495 ætenitas

94 492 173 522 Putaſne
190 492 201 522 vi
209 492 246 522 uam
274 492 342 522 merſus
356 492 384 522 his
396 492 506 522 ardoribus

87 517 161 546 IVST.
181 517 291 546 Maledicte
308 517 359 546 viues
376 517 387 546 in
416 517 458 546 tuas
475 517 532 546 viuus
552 517 594 546 cru-

125 550 159 572 ces.

95 571 120 601 r.
145 571 221 601 Odiua,
231 571 291 601 ſaltem
319 571 391 601 guttula
410 571 464 601 roris
477 571 502 601 tui

86 599 149 629 Attem
180 599 214 629 erab
228 599 242 629 is
267 599 284 629 mi
293 599 381 629 ſericors
409 599 482 629 ammas
497 599 570 629 truces.

89 615 142 657 IvT.
171 615 206 657 Ego
221 615 275 657 iuſta,
288 615 332 657 quid
348 615 423 657 demens
446 615 544 657 miſericor
556 615 585 657 dcm

122 657 196 680 vocaa?

3 679 3 710 ⸗
92 679 117 710 Tu.
145 679 152 710 O
171 679 218 710 diua,
224 679 291 710 ſaltem
310 679 341 710 per
357 679 480 710 tenebroſos
493 679 540 710 ſitus

96 706 195 737 Gementis
219 706 267 737 Orei,
279 706 345 737 ſparge
363 706 387 737 vel
405 706 474 737 radium
495 706 537 737 poĩi

97 731 172 763 Librans
185 731 210 763 ſub
229 731 270 763 axe,
279 731 289 763 ſi
302 731 368 763 negas,
377 731 434 763 lucem
459 731 500 763 mihi

94 758 122 788 Fac
144 758 157 788 de
173 758 258 788 ſceleſtis
270 758 362 788 ignibus,
371 758 400 788 fac
415 758 431 788 de
450 758 488 788 fce

112 786 220 833 P·
243 786 294 833 πoe
252 786 434 833 rotulo:
448 786 467 833 at
486 786 551 833 niero
579 786 579 833 e

92 832 159 871 IVST.
195 832 305 871 Maledicte
328 832 378 871 Iucis
402 832 472 871 templa
498 832 592 871 ſpreuiſti

112 867 175 893 prius.

87 892 194 927 Maledicte
204 892 223 927 ad
237 892 313 927 ignem:
323 892 383 927 perge
403 892 502 927 maledicte
512 892 535 927 ad
552 892 585 927 ſty-

121 926 168 947 gem.

95 946 119 980 Tn.
143 946 197 980 Vnum
215 946 323 980 precabor,
335 946 410 980 quando
434 946 452 980 me
467 946 488 980 ad
509 946 590 980 laanmas

116 972 168 992 iubes

86 997 148 1029 Abire,
165 997 239 1029 ouando
259 997 278 1029 me
292 997 315 1029 ho
323 997 391 1029 ſpitem
411 997 465 1029 forna
501 997 569 1029 manet,

90 1024 204 1063 Stratuſque
216 1024 277 1063 ſiris
292 1024 400 1063 aauium,
419 1024 432 1063 &
448 1024 520 1063 prunis
546 1024 590 1063 tn-

118 1058 152 1075 rus:

444 1080 490 1112 Vii
