657 1280
48 19 595 49 504 LVDOVICI CELELOTXI
116 45 500 71 Pygmæoſque cremat ſacrilegus Deos.
73 67 412 93 75 Moriſque Arſacii jura ſororio
116 91 507 115 Inceſtus thalamo fdat, & improbum
117 114 477 139 In conſanguiueos ſtringit acinacem.
119 137 446 159 Felix, ſi fuit hic innocuus furor:
120 160 479 182 Si fecere reum tot mala, non miſer.
73 182 460 207 Mo Donec perniciem vulnete compari
108 206 454 232 Lymphato ſimilis ſæviit in ſuam.
145 228 517 253 Ille autem Danaim terror. inhoſpin
122 252 467 276 Calcat perpetuis æquora claſſipus:
123 274 542 300 Captivumq́ue ligat compede Boſphorum.
78 297 437 323 15 Æluctante viam dat legionibus
114 320 491 345 Naturâ per Athon. Scilicet ambigas
119 343 443 368 Iratus vetitum rumpat iter Iovi,
126 367 434 392 Irato ne magis perveniat Iove?
128 389 473 415 Ergo ardentibus in mutua vulnera
80 412 514 435 t90 Concurrunt animis: hic populantibms
130 434 534 460 Nunc delubra Delm; nunc anatemama,
127 459 441 485 Nunc auro rlgidas effigies vorat
128 481 487 507 Flammis: teque ſoli qui meditullio
128 505 487 529 Cortinam populis fatidicami moves.
81 527 454 553 135 At contra Arſaci ſæva ſuperbiæ
128 551 521 575 Frenat Iuppiter, & quam comitantibus
109 573 576 599 Nuper preſſit humum tot populis graris
113 597 474 621 Xerxes, indecori nunc relegit fugâ
130 620 472 645 Factus Cecropiis fabnla matribus.
84 643 501 668 00 Et tu qui patrio ſanguine lubricum
90 665 486 690 Scandiſti ſolium, proſpera Choroe
132 689 486 713 Nondum fata times? Præbuit exuli
121 712 529 736 Fidam Roma mauu. Cœlituum favoi
132 736 467 760 Implevit ſterilem progenie Siram.
85 759 502 781 05 Tu cum in bella ferox prorueres, tua
134 780 496 807 Senſerunt Aquilæ fulmina Romulæ.
133 805 447 829 At ſorti nimiùm credulus aureæ
134 826 498 852 Gentis contemeras Chriſtiadæ ſacra:
135 851 512 875 Et quicquid Solymæ expleta rapacitas
90 872 522 898 ro Intactum eſſe inſnper juſſerat, improbl
135 896 454 920 Vulcano populas illacrymabilis.
134 920 448 943 Quin & vivifici pignora Stipitis
133 942 437 960 Ardes Moriaco vulſa cacumine
608 941 650 971 !
134 965 493 989 Oſtentare Mithræ, perq́ue Seleucios
89 987 520 1012 215 Pompam Romuleo ducere de Deo.
134 1008 602 1034 Quid fœtas Procerum ſuppliciis manus!.
131 1032 516 1053 Quid vultus memorem conſimiles Deo
133 1054 454 1078 Et ficta æthereæ ſignas porentiæ?
157 1075 539 1102 Sed jam lenta time Numina Choſros,
50 1098 459 1123 2a0 Felix nemo fuit qui nimium diu.
97 1120 513 1145 Eſt peccare tenus : dat ſcoleri modur
549 1144 649 1181 Aura:!
