668 1279
77 45 533 68 at4 LVDOVDCI CELLOTIP
120 68 413 88 Et fulmineo micat enſe ferox
120 91 447 115 Succ incta peplum, nuda lacertos.
74 114 440 138 55 Nec ſatis, ipſam per ſtyga vindex
118 137 419 163 Quæritur, & qui docuit furere
118 161 464 185 Furit, inq́ue viem tormenta rota:
118 183 378 208 Tam peccati violens ultor.
85 206 413 231 Quâm conſilii perfidus auctor.
74 229 468 254 360 Regia ſed quis tecta reducto
118 252 451 277 Cardine pondit? Vaſaces hic eſt,
115 276 398 299 Cui facit aulæ grtatia nomen.
181 328 576 348 4 IV 4 5 D5 5 IV
144 332 585 362 A V0 2 ÆN II V -
194 396 528 428 A RGVMENTV.
284 454 615 490 Roas Choſrois, Pr2
284 489 614 522 mogenitus, imminens in
282 520 615 552 omnem regni occupand
195 551 614 583 m L occaſionè juvenis, poſt-
264 580 611 617 quam Mardeſanem ſibi
276 615 614 649 prælatum, & regni ſuc-
114 647 615 680 ceſſorem deſiguatum accepit, inter
113 678 616 715 pietatem & ſcelus diu fluctuatus, tan-
111 709 613 746 dem improbâ aulicorum adulatione
114 741 611 777 in omnes ambitioſorum furias actus,
111 772 611 808 jus Primigeniorum vel parricidio reti-
111 805 607 837 nere ſtatuit; ſicarios in Regiam &
109 836 607 869 Patrem immittit, factioſos Satrapas
111 869 607 901 ad aucupandam cæterorum gratiam
111 898 604 934 delegat: Hemelio Romano Tribuno
108 930 604 965 vivificam Crucem, captivoſque omnes
107 961 663 995 reſtituit, ut æquis conditionibus pa-
106 991 606 1027 cem Heraclio ſuadeat, ne-ve ſe in cx-
106 1022 577 1057 turbandi Fatris conatibus impediat.
513 1105 604 1131 SCE
