658 1285
52 33 518 71 3 LVDOVICI CELLOTII
166 92 523 123 CÆNA QINTA.
99 136 650 176 Hemelii favorem, & ejus oper pacem
116 173 650 208 cum Heraclio redimit Syroes Crucis vi-
101 207 551 244 vifics, e captivorum reſtitutione.
143 259 553 284 SYROES. HELIVS. RAATES.
95 297 581 347 etefee
103 344 547 368 SY5R Sis Heraclio cæſa noſtrorum agmina?
39 356 650 396 0 HEM. Hæc fama nartat. SR. Scis mnetu excitens
188 397 256 416 patrem
91 411 519 439 viduare populis oppida, & bellum ultimo
101 427 650 458 Reſumere æſtu? HM. Marte qui ſtantem impulit,
98 457 650 489 Facile labantem evertet. SR. Expofitumi æquore,!
102 480 572 508 Licuit: ſed urbis mœnibus tutum. atduum eſt.
50 504 555 530 525 HEMNil Heraclio dextra, nil ſuperi arduum
102 526 564 553 Fecere. SYR. Regnum ſcis datum nato Siræ?
102 539 648 578 HEM. Cui?SVR Mardeſani. HEM. Iura decer-!
186 576 281 594 nunt tibi.
87 579 647 625 SYR Ac e quod angit. nE. vindica. SR.!
187 622 314 646 Suades mori.
103 625 645 670 n. vel imperare. YR. Solus hoc auſim aggredit
55 665 512 689 20 HEM, Natura. Perſa, Iura, Romani, Dei
96 687 546 716 Tibi militabunt: ſolus eſt, quem tot juvant?
104 697 646 736 SYR. Omnia quieſct, dextra Romulidâm adjuvet.!
95 730 646 761 Regno. HEM Heraclii ſpondeo ſecundam manum-
105 753 645 783 STR. Hemeli beas me, HEM. Iuro 4omanâ fide.
54 768 646 808 5 SYRO me Monarchaml HE. Cæſat ut ditâ mens
104 803 456 829 Hoſtem perire nolit? ut vivum fiuat
103 825 501 851 Poſt orbs donis templa, direptos taolos,
105 849 502 874 Everſa bello Solymas. captivam Crucem,
105 871 432 898 Populata Nili jugera, ereptos ſibi
62 895 468 920 i0 Libyæ receſſus, in ſuum motas caput
103 915 542 942 Avarumq́ue, Bulgarumq́ue funereas manus)
57 941 548 965 YR. Per te Heraclius impetum ſiſtet trucema,
47 963 506 991 Vitamque parcœet Perſidem peſſumdare?
104 973 645 1013 HEM. Si rite quid mens augurat. ſiſtam impetim,
51 1008 551 1033 5SR. Captiva reddo capita, reſtituo Crucem,
106 1030 512 1055 Aut ſi Heraclio gratius quicquam accidat.
105 1042 644 1083 A. Omittis unum. SVR. Fare. uEM. Vivus!
193 1077 302 1100 Choſroem.
104 1097 444 1122 Hoc Heraclio gratius uihil accidat.
105 1120 540 1145 S5R Nec poſſe credo, ve lle nec ſpero Deos.
55 1139 530 1169 0 Poſt terga vinctis manibus in nati probrum
497 1154 641 1199 aæ
