1188 1984
549 131 884 183 (0C
255 189 1185 267 ſummus Sacerdos, qui rerſabatur in caſtris, a Deo
264 258 1185 335 quinam uturus eſſet belli exitus ſciſcitans, nullum
264 313 1185 369 retulit ab illo reſponſum: atque hinc ſuſpicione ſub-
266 363 1185 419 orta, ne ſcelus aliquod occulte aliquem de Populo
264 417 1185 465 nfioeret, in cjus pœnam oracula negarentur, ad reum
266 462 1185 528 detegendum ſortitio indicfa eſt. Duct de more
261 513 989 569 ſortes fouatham peccati reum declararunt,
318 610 1185 664 In hoc rerum articulo Saul ſacramento aſtrictam
272 662 1185 715 Deo fidem liberare ſtreue decrevit: nec impari ſtre.
273 711 1185 762 uuisate ponathas, ſe enitori ſuo ad mortem obeun-
275 757 1185 813 dam paratiſſimum exhibuit. Sed populus id indigne
271 809 1185 858 ferens ſpopodit, idque juramento ſirmavit, ſe nun-
1 839 71 928 5
277 857 1185 911 quam permtiſurum, ut inpict iſſimo Duci publicæ in-
277 906 1185 961 columitatis aſſertori mali quidquam inferretur: qua
278 959 1185 1014 ratione Saulem non admnodim invitum. de ſua ſen-
277 1007 1185 1059 entia, ſuſceptoque conſilio dimorit, Lib. primo
283 1057 742 1110 Regum Cap. 1. & i4.
343 1153 1185 1207 His, qu ex ſacra hiſtoria habentur, pauca ad
284 1205 1185 1253 eragædi ornatum adiungimus. Primo itaque, miu-
284 1253 1185 1305 atas foriun vices, & belli progreſſun auſpiciis mi-
287 1303 1185 1355 mme conſentaneum, ad iguapum Saulis de Deo dif-
281 1354 1185 1405 fidentis timorem referimus: quo nempe impulſis,
288 1401 1185 1452 contra Samuelis Prophetæ prſcriptum, ſeptimo die
290 1452 1185 1499 ondum completo, victimas in Galgalis immolavit,
292 1497 1185 1549 ut habetur ex nuper citato Cap. I3, lib. primi
297 1551 488 1601 Regum.
346 1596 1185 1649 Secundo Honathæ Sponſam, & cohortium Pra-
289 1649 1185 1699 fectos variis artibus contendenres inducimus, ut fe
294 1699 904 1751 ath vita periclitanti opem ferant,
1058 1748 1132 1793 Ter,
