1188 1984
282 169 847 216 AcTu TÆrtus. 3
45 247 887 298 ulce tibi, per ſpem prolis, & ſocios toros,
50 297 797 350 ihi vive, ſi negas tibi: & jure id peto:
44 344 885 399 amquc mceus es: ne falle, quam pridem fidem
46 394 807 449 ltro dediſti. Te per has lacrymas rogo,
40 443 812 498 uisque ſupplex pedibus advolvor: fuge
44 494 782 535 uæ non mereris fata. In exitiumtrahis
48 543 885 597 oriendo ſponſam, patriam, regnum, patrem.
43 593 881 644 æc ipſa mortis pœna, quam demens cupis,
48 645 605 693 aus, novumquce crimen eſt.
263 700 610 749 ONATHAS.
609 753 881 803 Fruſtra prece&
41 798 845 852 il profuturas perdis. t cœpto avocer?
46 850 878 904 ctusque, ſanctæ ſtirpis in probrum trahan
27 897 877 946 abem pudendam? Decceat hoc Abra ſatos?
15 950 813 1000 ncautus error impulit dextram, ut cibos
11 1000 842 1050 gnara caperet, fatcor, idque do libens,
22 1044 879 1098 um ſceleris expers. Quid tum? & lſacus fuit.
37 1096 877 1145 uamquam cavere debui.,, Eſt culpæ reus
7 1141 897 1195 ,Quicunque legum eſt immemor. Quod
583 1197 830 1245 mens amat
41 1238 877 1291 Mente recutſat ſæpe. Sed noxa vacem.
30 1287 721 1336 dhuc perire debeo; ne ſim nocens.
21 1338 763 1388 i me latenter ſubtraham aris, an ſuo
37 1387 883 1444 on mc implicabit ſcelere, periurus Parens,
341 1445 519 1493 IABEL
26 1493 877 1551 erinrus Huicne crimini ſupereſt locus,
25 1541 876 1598 ſt ubi facultas nulla ſervandi ſidem cs
285 1605 574 1654 IONrHas.
35 1659 752 1717 æc ſ facultas deſit ob ſegnes moras,
28 1710 743 1766 liâve culpâ, recidit in cauſam ſcelus.
745 1762 835 1806 N
418 1767 489 1813 C3
