1188 1984
262 147 852 203 AcTu Qurus53
204 234 710 294 SCENA IV.
128 327 786 388 SAL, ASAPH, NACHoR.
15 418 894 490 Sauli diſcedenti occurrit Aſph, qui illi nux-
70 483 897 545 tiat militum veteranorum, in quibus aul
64 538 894 604 ſpem omnem collocaverat, parem, ſimilem-
67 595 895 660 que defectionem, præcipitemque in caſtra
67 654 894 719 editum, nec non ſolenne juramentum in
60 710 890 778 favorem fonathæ: quod ipſe coram aule
64 771 889 835 confirmat. Saul & acriter in ſaph in-
64 827 889 889 vehitur, V quid conſilii capiat in hac rerum
60 884 607 954 perturbatione penitus ignorat.
325 978 581 1033 ASAP H.
10 1076 385 1130 Iccine oblitus tui
8 1126 832 1187 Moras inertes ducis? Effuſæ huc ruunt
7 1177 862 1241 Veteres phalanges, te duce aſſuetæ gradum
56 1225 816 1282 cdios in hoſtes, ſævior ubi Mars furit,
28 1274 863 1339 nferre celeres, fronte & impavida aggredi
7 1324 822 1386 Quidquid timetur: voce ſublata petunt,
53 1375 783 1428 t vivat Heros ſoſpes, & lauro comas
44 1422 377 1476 inctus tiiumphet.
362 1490 529 1544 SL.
378 1542 888 1609 Militum in me ſic flagrat
36 1581 888 1655 ectumomne robur? Dexteræ opondusmeæ
24 1639 348 1696 nane, ſceptrum:
416 1747 841 1799 D3 ASPH.
