1188 1984
291 142 820 210 66 5OA rHs
246 225 1045 286 Parere Superis; nec oculis noctem prius
248 276 941 340 Accipere, vota quam Deo ſolvam.
596 336 781 391 IABEL.
966 377 1186 434 O feris,
250 434 1185 504 Monſtrisque uterque ſævior. Non vosamor,
251 487 1185 548 Non ulla pietas flectit. Heul furiis agor,
253 534 1005 606 Spretoque amore ſævit incenſus furor.
251 582 1007 646 Podiit in aulas nulla cur ſoboles mihi:
251 617 1185 702 Puerilejugulumpremerem, & amborum furens
250 683 1185 746 Avi, patrisque ante ora, diſcerptahac manu,
253 729 1185 793 Cruenta jacerem membra. Quas potero tamen
253 776 1185 842 Pœnas repoſcam: pectore in noſtro petam
254 826 1185 895 Tuam ipſa ferro imaginem. Hæc ſola ultio,
255 876 1185 942 Hæc mihi relicta eſt: moriar At ſemper comes
254 926 1185 990 mbraaderote per nemora, & infernos ſpecus
246 973 1185 1040 Præibo, frontem obverſa: laniatum& ſinum
9 1019 76 1063 5
257 1022 1185 1089 Pandam reducta veſte. Nec quæram moras.
10 1061 76 1092 5
257 1077 882 1144 Statim tua ſequar funera.... a)
331 1203 968 1276 S CENA III.
261 1249 1185 1343 SnL,ONATHs, NaCHOR, ASaPH.
262 1354 1185 1436 Ad ſponſæ furores cohibendos, fonathas Na-
319 1418 1185 1486 chorem, ſaph ablegat, qui occaſio-
320 1476 1185 1549 ne capta, ad illius conſtantiam labefacfan-
316 1533 1185 1596 dam vires omnes exerunt; ſed ab eodem fo-
318 1600 781 1669 natha ſtrenue repelluntur.
1001 1651 1186 1705 IO-
261 1713 1185 1750 C CN
304 1748 722 1812 Piſcedit furibuuda.
