1188 1984
242 124 898 182 AcTus Qurus. r
64 203 895 260 Saltem reducto tacitus in monte offeram,
66 258 871 314 Sectator Abræ. (a)Generisonoſtri Sator,
65 307 940 365 En dextra gladium ſtringit: hunc, nati prius
66 360 941 414 Quam mihi dolenda cæde conſpergat cruor,
65 408 939 463 Nunquam recondam. Vota propoſiti tenax,
64 458 662 513 Quæ nuncupai, rurſus.. ..
257 645 770 704 SCENA II.
62 748 940 809 SAI,ONATHAS, ACHIAS SAMEL
63 818 936 880 Samuel mtcrcipit juramentum aulis, cique ſi-
120 878 936 946 nificat a eo factum ſuiſſe; ut in has, in
69 938 936 1003 quibus verſabatur, anguſtias redigeretur:
121 999 936 1058 idque in pœnam inconſuiti illius timoris, que
121 1049 939 1114 adactus, ſacriſcium ante ſeptimum diem
38 1106 937 1173 peregerat. ddit mortem fonathæ exe-
123 1160 936 1224 cutioni mandandam non eſſe, ej́usque rei f
122 1223 902 1290 Fabel, militesque reddidſſe certiores,
365 1333 626 1380 SAMEL
77 1431 411 1484 ABſiſte; id meo
67 1477 936 1533 Deus ore mandat, merita quinoſtra æſtimat
68 1532 937 1581 Non opere, at animo. Pulſus ignavo metu
69 1575 937 1637 Quod thura dederis, ſanguis & pecudum ſacras
815 1626 889 1667 Im-
454 1631 519 1679 E4
35 1696 932 1736 2aâ22 VNæ e e4CC
116 1735 542 1791 () Gn eſ. cep. a.v
