562 949
205 10 395 40 (0
93 50 557 81 Operamque, qua orrectus inſanam exuat
92 76 443 104 Puriginem Plorinus & diſcat domi
95 100 467 131 Manere nectu. Mollins tamen prius
93 126 494 155 Tentare remedium juat, quod ſi nihil
93 140 557 178 Profecerit, tum denique ſtatutum anteaI
91 176 557 210 Ahibebmnus. Ant. gaudebo, ſi levi modo
92 201 479 229 Inſania queat corrigi. Florinnm enim,
92 226 483 256 It ſpſe noſti, dil go, agnatum mihi.
14 253 481 279 Brt. Lætus igitur Sodalium etum pete,
93 276 503 307 Sed Dorylas tantiſper hic muaneat, Iube.
94 301 527 327 Per hunc monebo, quomodo paratus dolus
70 327 525 357 Succeſſerit, vel porro quid agendum tibi
69 351 526 379 Aut. Hic ergo remane, Doryla, ad vota Domini
95 376 526 404 Bertratdi. Doryl. Here l ignoſce, famulus
114 405 287 430 ego ſum tuos,
94 423 483 451 bi Doτinus, iui ſervus ut ſiat, decet.
68 450 514 480 Aut. Imperis Dotiui ſervus imopleat, decet.
94 477 489 502 Hic te remanere ́ubeo, quamdin volet
93 502 524 530 Bertrandus. Bert. agedum Doryla5 mne-
119 530 214 550 cum veni
92 550 453 576 Non ſecus in eublculo hærebis meo,
93 576 429 603 Nee detioebo te diu, venies ſatis
92 601 441 632 Matrus td Sodulim cœtus pios.
147 660 428 686 EHο A-
138 672 456 697 I CIS
197 721 384 751 Scena Prima.
66 761 454 799 Bertrandus, Dorylas, Staphylus.
66 798 559 829 Bert. Sequamiui, ſed absoue ſtrepitu. In ao-
116 825 159 849 gulo
78 845 499 877 Hoc ſt quietus, Staphyle, donec japua
438 865 558 903 Egreſſus
