567 955
215 23 394 54 (0 I
75 30 100 53 54
74 55 560 86 Terribile Ipetrum, in limine domus obvium,]
75 84 559 111 Doνyl. In limine domus obvium ſpectrum tibi
76 111 559 139 Eor. Qnaſi ipſus hoc non videris. Nonne
124 138 191 162 pariter
99 155 559 192 Et te voluit invadere t Doryl. Ego vidi]
124 186 174 205 nihil.
76 207 560 238 Flo. Larvu illa mortnalis, at vivens tamen,]
100 236 560 269 Movensque ſe, nunc para, nunc altumI
127 265 220 286 caput
102 285 441 311 Inſtar gigantis erigens non ſit tibi
101 309 564 342 Conſpectat Bert. Quid? Florine Lara ill. ]
127 336 214 357 la tetrics
101 360 562 396 Famoſa, qu nune puτilio, uunc eſt gigas,
101 386 471 412 Prius in platea publies occurrit tibi
78 407 562 438 Ror. I limine ipſo. Bert. v tibi, ſi dextera
100 436 562 469 Aut ungue deprendiſſet. Hoe ſpectrum ſatis
100 460 458 485 Vidi lpſus olim, plura de illo inaudies
101 483 562 515 Ex civibus. oryl. Quid ergode ſpectro ho9
116 511 186 532 ſolent
80 534 563 566 Narrare cives? Bert. neſcio, qot ais
127 562 193 584 abhino
102 584 471 614 Vigxiſſe ln nrbe dlitur petnlans puer,
102 609 448 637 Exire noctu ſolitus, & per publicas
103 635 495 662 Plateas vagari. Sæpe, ſed ſruſtr Pareus
104 660 488 691 Corrigere ſtuduit inſolentem. Denique
101 686 401 713 Ita grari correptus hiſce flio
102 709 562 743 Eſt imprecatusj Opto, poſt mortemquoque]
104 735 401 762 Obambulage debaas nocte plateos
105 759 562 796 Imbramalefouſta. Valuit hoe votum Patris:
101 786 477 813 Nam tempore brevi raptns è vivis puer
101 811 434 837 Viſus plateas puhlicas & mortuus
101 836 481 859 De nocte cirumcurrere, Pueris tame
102 861 487 889 Infeſtus eſt quàm τxiτe. Quin dicitur
466 885 561 918 Quos
