<PcGts xmlns="http://schema.primaresearch.org/PAGE/gts/pagecontent/2019-07-15" xmlns:xsi="http://www.w3.org/2001/XMLSchema-instance" xsi:schemaLocation="http://schema.primaresearch.org/PAGE/gts/pagecontent/2019-07-15 http://schema.primaresearch.org/PAGE/gts/pagecontent/2019-07-15/pagecontent.xsd"><Metadata><Creator>User123</Creator><Created>2022-01-27T06:58:34</Created><LastChange>2022-01-27T06:58:34</LastChange></Metadata><Page imageFilename="0066.png" imageHeight="962" imageWidth="564"><TextRegion id="r0" type="paragraph"><Coords points="1,1 562,1 562,960 1,960"/><TextLine id="r0_l001"><Coords points="229,21 229,49 407,49 407,21 229,21"/><TextEquiv index="1"><Unicode>s (0 ὰ</Unicode></TextEquiv></TextLine><TextLine id="r0_l002"><Coords points="97,26 97,47 122,47 122,26 97,26"/><TextEquiv index="1"><Unicode>64</Unicode></TextEquiv></TextLine><TextLine id="r0_l003"><Coords points="557,91 558,91 558,54 558,53 555,53 554,54 554,57 105,57 104,58 102,58 101,59 100,59 92,67 92,72 96,75 97,75 98,76 99,76 100,77 251,77 251,78 251,79 252,80 252,81 255,83 491,83 492,84 556,84 556,85 556,91 557,91"/><TextEquiv index="1"><Unicode>GaL. Et τοe Sagata Pallas. At. Ergo ad]</Unicode></TextEquiv></TextLine><TextLine id="r0_l004"><Coords points="214,108 215,108 215,102 216,101 241,101 244,98 244,91 244,90 243,90 242,89 231,89 230,88 212,88 211,88 211,85 210,84 210,83 210,82 205,82 202,85 202,87 201,88 144,88 142,90 142,99 144,100 181,100 181,101 181,104 182,104 184,104 187,101 214,101 214,102 214,108"/><TextEquiv index="1"><Unicode>rem, ſtate</Unicode></TextEquiv></TextLine><TextLine id="r0_l005"><Coords points="553,135 558,135 558,125 559,124 561,124 561,105 561,104 560,105 560,108 353,108 352,107 152,107 151,108 116,108 115,109 115,111 116,112 116,122 117,123 117,124 118,124 119,124 120,125 174,125 174,126 174,131 175,131 178,131 178,128 179,127 399,127 399,128 399,133 400,133 490,133 491,134 552,134 553,135"/><TextEquiv index="1"><Unicode>Gtrinqne io inſdiis. Video puerum prope,</Unicode></TextEquiv></TextLine><TextLine id="r0_l006"><Coords points="91,133 91,158 303,158 303,133 91,133"/><TextEquiv index="1"><Unicode>Hinc prodeuntem.</Unicode></TextEquiv></TextLine><TextLine id="r0_l007"><Coords points="205,182 205,209 425,209 425,182 205,182"/><TextEquiv index="1"><Unicode>Scena Secunda.</Unicode></TextEquiv></TextLine><TextLine id="r0_l008"><Coords points="205,221 205,251 436,251 436,221 205,221"/><TextEquiv index="1"><Unicode>Florinus, Staphylus.</Unicode></TextEquiv></TextLine><TextLine id="r0_l009"><Coords points="90,256 90,280 437,280 437,256 90,256"/><TextEquiv index="1"><Unicode>Bor, - Tuta jam ſunt omnia:</Unicode></TextEquiv></TextLine><TextLine id="r0_l010"><Coords points="558,309 559,309 559,277 559,276 556,276 555,277 555,278 554,279 554,282 504,282 503,283 503,287 474,287 473,286 468,286 467,286 467,284 466,282 461,282 460,283 459,283 457,285 457,286 436,286 435,287 376,287 374,286 374,285 372,282 371,282 370,281 364,281 363,282 362,282 359,285 359,286 358,287 279,287 278,287 278,283 277,281 273,281 270,284 270,285 269,286 269,287 128,287 127,287 127,285 125,282 122,282 121,281 117,281 116,282 115,282 114,283 114,299 115,299 148,299 148,300 148,304 149,304 151,304 152,305 153,304 157,304 159,302 159,300 160,299 239,299 239,300 239,304 241,305 248,305 249,304 249,303 250,302 250,300 251,299 365,299 366,300 389,300 389,301 389,305 390,305 391,305 392,306 393,306 393,300 394,299 448,299 449,300 464,300 464,301 464,307 465,307 466,307 466,301 467,300 491,300 491,301 491,305 492,305 514,305 515,306 517,306 517,304 518,303 518,302 519,301 555,301 555,302 555,304 556,305 556,307 557,308 557,309 558,309"/><TextEquiv index="1"><Unicode>Pergamus ergo ſtrenne. O quanta StaphyleI</Unicode></TextEquiv></TextLine><TextLine id="r0_l011"><Coords points="558,331 559,331 559,329 560,328 560,311 559,309 468,309 467,309 467,308 467,307 370,307 369,306 335,306 334,305 333,306 128,306 127,307 114,307 113,308 113,323 115,324 164,324 164,325 164,330 165,330 258,330 258,326 259,325 558,325 558,326 558,331"/><TextEquiv index="1"><Unicode>Nunqid voluptas nocte de media forum</Unicode></TextEquiv></TextLine><TextLine id="r0_l012"><Coords points="510,357 511,357 511,353 512,352 559,352 559,332 559,331 431,331 430,332 115,332 114,331 112,333 112,348 114,349 186,349 186,350 186,355 187,355 453,355 454,356 455,356 456,355 457,355 457,353 458,352 509,352 509,353 509,357 510,357"/><TextEquiv index="1"><Unicode>Et compita urbis terere generoſo pedeI</Unicode></TextEquiv></TextLine><TextLine id="r0_l013"><Coords points="558,381 559,381 559,379 560,378 560,364 559,363 559,353 559,352 558,353 558,357 328,357 327,356 142,356 141,355 138,355 137,356 94,356 92,358 92,367 90,367 89,368 89,369 88,370 88,373 89,373 90,373 91,374 92,374 93,375 119,375 119,376 119,380 121,381 123,381 124,380 364,380 364,377 365,376 392,376 558,376 558,377 558,381"/><TextEquiv index="1"><Unicode>Stopb. Mihi voluptas alia quætitur. Citò</Unicode></TextEquiv></TextLine><TextLine id="r0_l014"><Coords points="560,410 561,410 561,401 560,400 560,386 559,385 559,382 559,381 558,382 558,383 358,383 357,382 274,382 273,381 272,381 271,382 123,382 122,383 119,383 114,388 114,390 113,391 113,395 117,398 118,398 120,400 156,400 156,401 156,405 157,405 158,405 159,406 230,406 231,405 231,400 232,399 484,399 485,400 558,400 558,401 558,406 559,407 559,410 560,410"/><TextEquiv index="1"><Unicode>Caupona, quà ſe Antonius cum eœteris</Unicode></TextEquiv></TextLine><TextLine id="r0_l015"><Coords points="113,407 113,431 481,431 481,407 113,407"/><TextEquiv index="1"><Unicode>Sodalibus recipit, adeunda eſt Here.</Unicode></TextEquiv></TextLine><TextLine id="r0_l016"><Coords points="560,457 561,457 561,446 560,445 560,430 560,429 559,430 559,431 524,431 523,432 501,432 500,433 500,444 477,444 476,444 476,440 475,438 471,438 470,437 457,437 456,437 456,434 456,433 453,433 452,433 452,432 451,430 447,430 446,431 437,431 436,432 436,440 411,440 410,440 410,439 410,438 402,438 401,437 399,437 398,437 398,434 396,431 391,431 389,433 389,434 388,435 388,437 367,437 366,438 325,438 324,437 256,437 255,438 223,438 222,437 221,437 220,436 219,436 218,437 157,437 156,437 156,434 155,433 155,432 155,431 118,431 117,432 116,432 113,435 113,442 114,442 116,442 116,443 116,444 117,445 117,446 121,449 194,449 194,450 194,455 195,455 198,455 198,451 200,449 478,449 479,450 520,450 521,449 559,449 559,450 559,457 560,457"/><TextEquiv index="1"><Unicode>Stellam petamus auream recta. BIor. Tibi</Unicode></TextEquiv></TextLine><TextLine id="r0_l017"><Coords points="559,482 560,482 560,477 561,476 561,458 561,457 458,457 456,455 451,455 450,456 404,456 403,457 192,457 191,456 117,456 116,457 115,457 114,458 114,459 113,460 113,472 115,473 116,473 117,474 139,474 139,475 139,479 140,479 142,479 143,480 290,480 290,479 291,478 337,478 338,477 339,477 340,476 361,476 361,475 362,474 559,474 559,475 559,482"/><TextEquiv index="1"><Unicode>Si præplacet Canpona, mihi lætiſſimæ</Unicode></TextEquiv></TextLine><TextLine id="r0_l018"><Coords points="438,505 440,506 441,505 442,505 442,500 443,499 559,499 559,500 559,505 560,505 561,505 561,489 560,488 560,483 560,482 559,483 559,485 558,486 455,486 453,485 453,482 453,481 385,481 384,482 383,482 381,484 381,485 380,486 380,487 231,487 230,487 230,482 230,481 155,481 154,480 150,480 149,481 113,481 112,482 112,484 113,484 114,484 114,485 114,496 113,496 111,498 111,499 112,499 272,499 272,500 272,505 273,505 275,505 275,500 276,499 438,499 438,500 438,505"/><TextEquiv index="1"><Unicode>Noctis tenebræ præ aurea ſtella placent.</Unicode></TextEquiv></TextLine><TextLine id="r0_l019"><Coords points="394,531 395,531 396,530 396,526 397,525 417,525 418,524 451,524 452,525 466,525 467,524 534,524 535,523 535,522 536,521 536,514 537,513 560,513 560,512 561,511 561,508 560,507 560,506 560,505 559,506 559,510 534,510 533,511 529,511 528,512 460,512 459,512 459,508 459,507 444,507 442,509 442,511 425,511 424,512 381,512 380,511 379,512 344,512 341,515 341,517 315,517 314,517 314,515 312,512 284,512 283,512 283,508 283,507 254,507 253,506 251,506 250,507 250,512 192,512 191,512 191,509 191,508 174,508 173,508 173,507 172,505 169,505 165,509 165,510 164,511 164,512 122,512 121,512 121,507 121,506 116,506 115,505 114,505 112,507 112,525 111,526 111,527 110,528 110,529 111,530 111,531 112,531 113,531 114,530 117,530 118,529 118,528 119,527 119,525 120,524 188,524 189,525 205,525 205,526 205,529 207,530 247,530 248,529 249,529 249,525 250,524 319,524 319,525 319,527 321,528 345,528 345,529 345,530 346,530 351,530 351,526 352,525 391,525 391,526 391,530 392,530 393,530 394,531"/><TextEquiv index="1"><Unicode>Iam ſtringo gladiun, quotquot hie cerns</Unicode></TextEquiv></TextLine><TextLine id="r0_l020"><Coords points="139,531 139,556 216,556 216,531 139,531"/><TextEquiv index="1"><Unicode>lapides,</Unicode></TextEquiv></TextLine><TextLine id="r0_l021"><Coords points="196,581 197,581 198,580 198,579 199,578 389,578 389,579 389,580 390,580 393,580 393,575 394,574 497,574 499,572 499,571 500,570 500,566 499,565 499,564 498,562 487,562 486,562 486,561 485,559 442,559 441,559 441,557 441,556 116,556 115,555 113,555 111,557 112,558 112,567 58,567 57,568 58,568 112,568 112,569 112,573 113,573 138,573 139,574 143,574 143,575 143,578 145,579 149,579 150,580 195,580 196,581"/><TextEquiv index="1"><Unicode>Fingo eſſe tureas, irruo, atque demeto</Unicode></TextEquiv></TextLine><TextLine id="r0_l022"><Coords points="340,606 346,606 346,601 347,600 358,600 359,599 536,599 537,598 537,596 535,594 535,588 535,587 534,587 533,586 525,586 524,585 436,585 435,585 435,584 434,583 434,582 434,581 361,581 360,580 320,580 319,581 116,581 115,580 113,580 111,582 111,598 100,598 99,599 100,599 236,599 236,600 236,605 237,605 339,605 340,606"/><TextEquiv index="1"><Unicode>Barbarica capita. Stopb. ſiſtel non tuts</Unicode></TextEquiv></TextLine><TextLine id="r0_l023"><Coords points="139,606 139,625 214,625 214,606 139,606"/><TextEquiv index="1"><Unicode>eſt ſatis</Unicode></TextEquiv></TextLine><TextLine id="r0_l024"><Coords points="110,631 110,656 539,656 539,631 110,631"/><TextEquiv index="1"><Unicode>Hæc pugna. For. cur quis ſubſidia tut-</Unicode></TextEquiv></TextLine><TextLine id="r0_l025"><Coords points="137,656 137,676 235,676 235,656 137,656"/><TextEquiv index="1"><Unicode>cis feret</Unicode></TextEquiv></TextLine><TextLine id="r0_l026"><Coords points="559,712 560,712 560,700 561,699 561,690 561,689 532,689 529,686 505,686 504,686 504,682 504,681 476,681 475,680 140,680 139,679 137,679 136,680 95,680 94,681 93,681 92,682 92,683 91,684 91,692 89,692 88,693 88,696 31,696 30,697 32,698 91,698 92,699 117,699 117,700 117,704 118,704 249,704 249,703 250,702 443,702 444,701 445,701 445,700 446,699 559,699 559,700 559,712"/><TextEquiv index="1"><Unicode>Stapb. Ferire lapides noctu, ntaudis, eſt idem</Unicode></TextEquiv></TextLine><TextLine id="r0_l027"><Coords points="343,731 345,731 345,727 346,726 423,726 423,727 423,729 424,729 425,729 426,730 427,729 465,729 465,725 466,724 489,724 491,722 491,714 491,713 490,713 489,712 450,712 449,711 380,711 379,711 379,707 378,705 357,705 356,706 355,706 353,708 352,709 352,710 288,710 287,711 123,711 122,711 122,710 121,708 97,708 96,707 95,708 95,709 96,709 111,709 111,710 111,724 112,724 147,724 147,725 147,729 149,730 151,730 152,729 152,725 153,724 336,724 336,725 336,726 337,726 342,726 342,727 342,731 343,731"/><TextEquiv index="1"><Unicode>A provocare cœteros, ſi fors quoque</Unicode></TextEquiv></TextLine><TextLine id="r0_l028"><Coords points="558,755 559,755 559,747 560,746 560,724 560,723 559,724 559,730 28,730 26,728 24,730 24,733 23,734 24,735 24,737 25,738 25,739 26,739 27,739 27,740 27,741 28,741 113,741 113,742 113,747 115,748 196,748 196,749 196,754 197,754 321,754 322,755 326,755 326,750 327,749 557,749 557,750 557,753 558,754 558,755"/><TextEquiv index="1"><Unicode>t Sunt in plateis. Si quis Academieus foret</Unicode></TextEquiv></TextLine><TextLine id="r0_l029"><Coords points="558,786 559,786 559,768 560,767 560,757 559,755 557,757 557,765 530,765 529,765 529,764 527,761 502,761 501,761 501,758 500,756 461,756 460,755 459,756 455,756 450,761 412,761 411,761 411,756 410,754 392,754 390,756 390,768 360,768 359,768 359,756 359,755 357,755 356,756 338,756 337,757 337,760 331,760 330,761 275,761 274,760 273,760 272,761 230,761 229,761 229,757 229,756 227,756 226,757 226,761 159,761 158,761 158,758 156,755 155,756 118,756 117,755 111,755 109,757 110,758 110,773 111,773 132,773 133,774 134,774 135,773 180,773 180,774 180,778 181,778 183,778 183,775 185,773 214,773 214,774 214,779 215,779 218,779 218,775 219,774 248,774 248,775 248,779 249,779 250,779 251,780 252,779 254,779 254,774 255,773 280,773 280,774 280,776 281,776 284,776 286,774 319,774 320,773 326,773 346,773 347,774 364,774 365,773 367,773 367,774 367,777 368,777 368,774 369,773 371,773 371,774 371,784 372,784 373,784 373,774 374,773 420,773 421,774 432,774 433,775 460,775 461,776 462,776 463,777 465,777 466,778 470,778 471,779 479,779 479,774 480,773 524,773 525,774 526,774 527,773 528,773 531,770 557,770 557,771 557,783 558,784 558,786"/><TextEquiv index="1"><Unicode>Hic in propinquo, v tibi. Flor. Quid co-</Unicode></TextEquiv></TextLine><TextLine id="r0_l030"><Coords points="166,805 167,805 167,798 168,797 169,797 170,798 171,797 178,797 187,797 188,798 190,798 190,791 191,790 191,789 192,788 192,785 191,784 191,783 190,781 187,781 185,783 185,787 180,787 179,786 178,786 177,785 176,786 159,786 158,785 157,785 156,786 152,786 151,786 151,781 151,780 150,780 149,781 149,786 139,786 136,789 136,799 135,800 135,802 137,803 138,803 139,804 143,804 144,803 146,803 146,802 147,801 147,798 148,797 166,797 166,798 166,805"/><TextEquiv index="1"><Unicode>gitas?</Unicode></TextEquiv></TextLine><TextLine id="r0_l031"><Coords points="557,829 559,829 559,814 560,813 560,798 559,796 553,796 552,797 552,804 533,804 531,806 505,806 504,805 502,805 501,806 501,811 481,811 480,810 468,810 467,810 467,806 467,805 466,805 465,804 464,804 463,805 432,805 431,806 431,810 419,810 418,811 386,811 385,810 375,810 374,810 374,808 373,807 373,806 372,804 335,804 332,807 332,808 331,809 331,811 304,811 303,810 254,810 253,810 253,808 253,807 251,807 249,809 243,809 242,810 229,810 228,811 192,811 191,811 191,805 191,804 189,804 188,805 166,805 164,807 164,810 131,810 130,810 130,806 130,805 121,805 120,804 114,804 112,806 112,813 111,813 110,814 110,815 111,815 112,815 112,816 112,821 114,822 185,822 186,823 249,823 250,824 253,824 254,823 281,823 282,822 313,822 313,823 313,826 314,826 337,826 337,827 337,828 339,829 343,829 343,824 344,823 373,823 374,824 375,824 376,823 410,823 410,824 410,828 412,829 416,829 416,824 417,823 478,823 478,824 478,828 480,829 482,829 483,828 483,824 484,823 556,823 556,824 556,829 557,829"/><TextEquiv index="1"><Unicode>Hominemnue timeam, ſpectra quiriſi prius?</Unicode></TextEquiv></TextLine><TextLine id="r0_l032"><Coords points="355,862 357,862 358,861 358,850 359,849 367,849 368,848 436,848 437,849 483,849 484,848 504,848 505,847 555,847 555,848 555,854 556,854 558,854 558,851 559,850 559,830 559,829 557,829 556,830 556,833 533,833 531,835 524,835 523,836 425,836 424,835 409,835 408,836 380,836 379,835 378,836 344,836 343,835 335,835 334,835 334,830 334,829 331,829 330,830 307,830 305,832 305,836 278,836 277,835 272,835 271,835 271,833 269,830 266,830 265,831 238,831 237,830 207,830 206,831 206,835 166,835 165,834 164,835 130,835 129,835 129,830 129,829 117,829 116,828 115,828 113,830 113,835 114,835 117,835 117,836 117,846 119,847 180,847 181,848 207,848 208,849 209,849 210,848 250,848 251,849 252,848 292,848 292,849 292,854 293,854 319,854 320,855 321,854 321,853 322,852 349,852 352,849 353,849 353,850 353,861 355,862"/><TextEquiv index="1"><Unicode>Tamen videbo Stapyle, num nemo movest]</Unicode></TextEquiv></TextLine><TextLine id="r0_l033"><Coords points="503,855 503,886 560,886 560,855 503,855"/><TextEquiv index="1"><Unicode>He</Unicode></TextEquiv></TextLine></TextRegion></Page></PcGts>