571 960
165 28 485 62 (0 I 18s
1 62 537 90 t Crem. Adulterinam creds L. plotaiple-
1 92 150 112 met.
1 114 481 148 Chem. Eſt plane adnluerin. Sed Sτaſimus τe-
78 143 131 161 dit.
129 171 385 211 Scena Duodecima.
1 211 480 249 2 Chremes, Lerib, Stolprio, Staſimus.
1 246 500 277 Cbνem. Quid eſtt bi hæret Dabiturt Sſ.
79 278 258 297 immenſum nemns
1 296 465 325 V Percurrimus; de Dabitur eſ viſum nihll.
1 321 454 354 Sed dum redimus, urbis ad Portas vigil
1 347 398 378 Incerrogatus: nte tres horas, ut,
1 372 446 403 2 Vel quatuor j Dubitur ſylvis redux
49 400 457 428 ſubiit urbem, ojulos ecum tabes
1 423 440 450 ιt Gninos, onuſtos corbibus, ſeatentibs
59 452 483 479 Omnni ferarum genere. brem. Iamn ante qua-
83 482 171 496 tu
56 502 422 522 Horas ſubierit Debitur urbis limina
31 526 483 553 Stolp. Nempe antequm juſſiſtis incaſſum ne-
1 553 123 573 Ir mus
56 575 483 602 Nos pervagnri, & querere foris, qui domi
56 599 480 625 Iam fuerat. Lar.At nonum domi eſt. Clrem.
1 624 229 650 Nenipe in foro
1 649 543 679 Hrebit, lqua nt eoemnt, Interea bonnm
1 676 119 698 eſt,
1 698 480 724 2 Quod pro elina eoplem rerui omnlum
1 723 483 750 3 Per haulos præmiſerit. Staſ Sed Buull
1 747 456 774 Quò detnlère iſſu vel ubi ſunt modò.
57 773 462 801 Tota domo quæruntur, & qnidem anxie
35 797 479 824 Chem. Quæruntur Ier, in enbiculo domſ
1 823 141 855 Infimo
419 849 481 868 Hro-
372 878 515 900 ιο
1 891 410 915 2t Reddit Petτi mnetm m lepide li,
