1000 1743
381 59 699 108 LLRERI
446 101 632 152 A NTIN.
171 141 416 185 Quod faeiam.
382 174 652 219 AATH.
168 214 989 274 Nunquam id facies, quod ne facias vetant pudor, re-
136 251 371 290 verentia, pietas.
379 292 680 338 ATIN.
937 313 989 352 I
141 315 987 385 Ut faciam jubet dolor, cogit imperioſa patris voluntas.
133 366 987 425 Philoclem patruum rogaxi, ut bac de re adeat, & oret
64 407 987 463 patrem. At niſi orando exoraverit, certum eſt, illud ag-
92 442 988 504 grediar & exequar denique, quod mihi doleat quidem.
132 476 676 530 t patri doleat quoque, & forſan diu.
436 527 625 556 AGATH.
163 557 673 602 Cave indignum te quidquam feceris.
382 600 624 634 ATIN.
143 634 986 692 Me nihil indignum faciam, dùm nibil cogar indignum
127 672 985 727 pati. Prees meas jamdudum reſpuit pater; ſi & ipſa Phi-
127 709 985 771 loclis monita ceſſerint irrita, quidquid deinde peccavero,
58 743 612 791 hoc ſibi totum pater imputato.
399 782 625 829 AGATH.
141 824 984 884 Philochis monita non cedent irrita niſi Theobuli conſilia
103 859 984 915 obſtiterint. Hic patris occupavit animum, illum regit;
120 899 983 958 quò vult, impellit; undè vult, deducit; & arbitrio ac
118 934 566 970 propè imperio moderatur ſuo.
428 981 615 1016 ANTIN.
121 1013 981 1066 Ergone parentem, virum, cæterà non imprudentem,
116 1049 983 1101 ita capi falsâ doctrinæ oſtentatione, ita deludi auſterioris
116 1085 983 1144 vitæ ſpecie, ut Theobulo magis credat quàm amicis, quàm
115 1119 383 1161 liberis, quàm ſibi?
415 1167 605 1208 AGATH.
102 1199 501 1250 En tibi cum patre ſubit.
382 1251 615 1281 ANTI.
140 1282 982 1331 Abeamus iſthinc. Neque verò temperare mihi poſſim,
110 1315 981 1376 quin ſycophantam, quibus par eſt, dictis excipiam, &
109 1352 223 1390 probris.
847 1710 997 1740 â
