1000 1743
368 78 748 105 LTBERI
110 84 236 125 23S
420 123 601 155 PHIL.
166 158 989 206 Sin minus attribuendum ſingulis quod ad ſingulorum
134 201 806 237 voluntatem, & vires ſit accommodatum magis.
416 239 610 264 THEM.
168 273 832 312 Quid? violatis etiam naturæ ſtatutis & legibus?
462 312 598 337 PHIL.
136 343 988 383 Quæ tu mihi naturæ ſtatura commemoras? de vitæ con-,
119 382 986 422 ditione natura conſtituit nihil; ſed alios ad alia vivendi
129 418 985 460 genera inſtituit, non ex ipſo naſcendi gradu, ſed ex nas-
132 457 358 483 centium indole.
456 490 617 519 THE.
135 527 985 570 Non ſtatuit natura ut in ampliore familiâ natu maxi-
128 564 805 598 us foro, alter aris, tertius caſtris admoveatur?
462 604 600 640 PHIL.
120 625 984 675 Eſt hoc quidem in more poſitum: ſed neque natura,
123 674 984 718 neque ratione conſtitutum illud eſt. Imò ſæpè adverſatur
123 712 591 747 natura; ſæpè ratio repugnat.
451 750 609 776 THEM.
158 783 984 821 Superi! qualem ſapientiam! bene certè caviſti modò,
123 819 983 856 ne quis præcepta inaudiret tua: nam te ſi magiſtrum au-
122 855 982 897 diant parentes vel liberi, quantas, Deus bone! in quâli-
68 892 872 935 bet familiâ, & in totâ Republic excitares tragœdias!
456 931 595 957 PHIL.
156 961 981 1000 Neque ludos darem, frater, neque tragœdias excitarem:
119 999 981 1038 aut illas darem tragœdias, in quibus ſuam quisque perſo-
119 1037 980 1073 nam ſuſtineret cum laude, quia ſuſciperet ex certâ ratio-
117 1072 980 1110 ne. Non illos darem, qui dantur hodie, ludos, ubi quia
117 1109 980 1150 de more, quia temerè, quia ſine conſilio partes quisque
115 1145 980 1190 ſortitur ſuas, ſæpè familiarum decus, religionis dignitas,
60 1183 418 1217 patriæ ſalus illuditur.
374 1220 601 1247 THEM.
131 1253 883 1291 Frater optime, quid ſentias, apertè dixiſti, nonne?
448 1293 586 1318 PHIL.
100 1326 249 1368 Sic eſt.
435 1364 594 1390 THEM.
23 1387 776 1434 Vis & ego, quod ſentio, id apertè loquar?
435 1436 575 1462 PHIL.
142 1469 238 1496 Placet.
1 1697 131 1741 t
813 1710 907 1734 ig
150 1711 261 1735 t;
865 1718 997 1740 i
