1000 1743
486 55 618 70 A
307 57 632 83 CO A CI I
757 62 870 88 247
368 107 557 135 THEO.
88 142 867 181 Sentio; animum tuum premit pondere ſuo & opprimit
11 179 865 225 prava cupiditas. Ah! miſer adoleſcens, quàm malè metuo,
11 217 862 254 ne tremendo, ſed juſto Dei judicio cor tuum obduruerit;
12 253 860 299 & velut ager aridus nullo jam cœleſti rore irrigetur. Sic eſt.
296 292 619 328 ANTIN. ſurgens.
90 327 577 365 Nihil hales, quod dicas præterea?
364 366 549 395 THEOB.
90 400 649 440 Nihil: neque verò canendum ſurdo eſt.
119 437 821 474 ANTIN. eum fictâ reverentiâ irriſori ſalutans.
90 477 236 504 Bene vale.
352 511 539 540 THEOB.
91 546 860 586 Vale, Antinoe. Ego te tuamque ſortem lacrymis proſe-
13 581 858 626 quar. Cùm Antinous exiit, iracundiæ ſheobulus ſe permittit.
92 621 875 660 At non impue adoleſcentulus hominem ſpreverit,
13 654 859 696 quem viri & matronæ nobiles reverenter audiunt. Faciam
15 694 636 738 intelligat... ſed ecce prodit Agathocles.
14 741 437 771 VYXY,X4
439 747 861 765 x4 V 4& 4
15 756 845 795 ! Æ ÆXÆ &2 Æ!!
195 793 718 830 SCENA VIII.
16 838 858 894 THEOBULOS,AGATHOCLES.
687 841 807 859 T
174 892 731 930 THEOB. miti ac mellitâ voce loquens.
17 927 857 973 ET tibi Deus optimus pectus cereum, fili mi; & ad
17 965 860 1007 irtutem flecti facile. Hulbet ſedere Agathoclem, qui
18 1009 859 1050 modeſtè verba excipit. Ah! neſcis heu! neſcis, quanta nos
16 1044 860 1086 qui undis civilibus immergimur, circumſtent undique pe-
16 1080 859 1123 ricula. Viam calcamus aſperam: facile eſt offendere; gla-
16 1116 859 1158 ciem inſiſtimus lubricam; diſficile eſt conſiſtere; medios
16 1153 863 1198 per ignes incedimus, rarum eſt non ardere. A profanâ
17 1190 859 1229 itaque turbâ refugiendum eſt, Agathocles, ad aram con
17 1224 861 1271 fugiendum. Nonne ſponte ſuâ illuc animus inclinat tuus?
368 1263 560 1292 AGATH.
100 1295 865 1334 Ab aris non abhorreo. Ad aras in periculis confugio;
18 1324 899 1379 ſed aris obligari metuo. Terret me, quæ neceſſaria oſt,
18 1370 656 1413 quæ difficilis eſt vitæ morumque ſanctitas.
370 1408 557 1439 THEOB.
92 1439 868 1477 Timorem pone, Agathocles. Optimos habebis vitæ ma-
19 1476 876 1531 giſtros. Ego te vel erudiam ipſe, vel erudiendum tradam
617 1514 740 1540 O 4
134 1711 260 1735 t
813 1710 911 1735 a at
865 1718 997 1740 i
