1000 1743
308 60 634 93 CO A L I.
809 66 875 105 26;
6 111 877 153 oſt tunica, ſed raros in uſus, quam ſemel in anno, bisve
11 148 876 191 ad pompam circumferas. Cæterò tibi veſtis induetur bre-
11 185 877 225 vior, pulla, ſed munda, concinna, quæ non manicas
12 222 878 267 protendat anguſtiores vaginarum in morem, ſed laxas re-
12 259 877 299 vocet à pugno in brachium, & reſupinet ornatâs gratiâ;
7 295 877 336 quæ non à ſummo ad imum aſtringatur tota globulis, &
12 331 881 370 velut arca rite occludatur, ſed hiulca ſit circa pectus, ut
12 368 878 410 ſubucula ſe nivea effundat ad elegantiam. Accedet, non
13 406 879 446 amplum & grave, ſed ſtrictum & leve palliolum, à peo-
13 442 945 482 tore in humeros rejectum commodè, & à tergo decenter
13 479 880 524 pendulum. Petaſus imponetur capiti molliculus, nitidus,
13 516 882 555 non fuſis in orbem alis vel ignavè pendentibus: ſed ante-
13 553 880 591 riore alâ ſubrectâ, & egregiè audaci. Linteolum è collo in
13 589 884 632 ſummum pectus modicè defluet bifidum, tenuiſſimo fila
14 626 710 669 contextum, pellucidum, & pulcrè rigidum.
393 665 574 689 DIAPH.
113 699 700 740 Hæc te profectò decebunt omnia mirificè.
377 738 578 776 A GATH.
116 772 352 806 Me deceat mori!
427 810 539 835 HIM.
114 845 887 884 Hi; veſtium elegantiis addes quod vulgò additur mun-
17 881 922 920 ditiarum genus multiplex. Capillos peritè attonſos multà
17 919 890 956 coles erte, conſperges cyprio pulvere, uuguentis illines,
18 954 886 992 pectendo finges, & à tempuribus docebis paulùm recede-
18 990 889 1028 re, ut auriculæ pateant mollicellæ, rubicundulæ; ſi cri-
16 1027 892 1065 nes culturæ ſint minùs parientes, comam adſciſces flavam,
16 1063 892 1104 citream, criſpatam, brevem & ab ipsâ brevitate concin-
17 1100 250 1140 nam magis.
397 1136 577 1167 DIAEH.
121 1171 217 1201 Audis?
399 1208 590 1250 A GATH.
126 1244 293 1278 Nihil audi.
433 1282 545 1315 HIM.
126 1315 894 1353 Id ſanè multorum eſt mos quibus veſtes conficio, quos
23 1351 897 1389 in toro corporis cultu ſcio ipſis diligentiores puellis, at-
24 1386 515 1428 que haud ſcio an elegantiores.
383 1426 584 1460 DIAPH.
129 1459 899 1499 Sic totus, ita me Superi ament, eris bellulus. Sic benè
26 1493 904 1533 culto capite, ſic bene curatâ & tersâ cute nunquam con-
676 1535 734 1568 R,
1 1685 264 1741 ſta
814 1701 953 1740 Æ
