1188 1984
355 125 683 177 2)C0
853 138 925 173 13r
71 206 945 264 abuchodonoſor, quoad externam corporis conſor
71 257 938 314 mationem, reipja, && non in ſpecien tantnm, im-
69 310 938 358 mut atum. Secundo inopinœ coniurationis metu
64 358 931 410 perctelſum s regali Bahylonis aula in latebras nemo-
67 408 935 458 rum aufugiſſe. ertio reſtitutum in priſtinum e vita
66 457 931 507 brere eſt tempus migraſſe exitu ſane eliciſſuo,
65 507 932 556 quippe qui a laudabili vivendi ſuſcepta ratione deflexit
65 557 934 609 nunquami, ut conjectant Epiphan. Auguſt Theo-
64 601 930 651 doret. aliique apud lac. Tirin. in ccmmentar.
63 650 931 705 in Danicl. Demum Balthaſar, Evilmerodach non
62 700 928 757 unum, eundumque, ſed duos fuiſſe: alterum ſcili-
62 749 927 804 cet Nabuchodonoſor flium: nepotem pero alterum.
63 799 931 857 Cujus rei conjectura ducitur ex erem. cap ubi
57 849 929 900 de abuchodonoſor hæs habentur. & ſervient el
57 899 923 952 omnes gentes, & filio eius, & filio filii ejus.
59 949 925 1002 famvero paucis hiſce poſitis, Trgdiæ argumentum,
50 998 531 1048 ſeriemque totam ſubnectinus.
129 1046 923 1101 Artabanus uxoris Nabuchi frater, & Epilme-
54 1093 920 1150 rodach avunculus rognum, ad quod ſibi malis arti-
54 1143 923 1199 bus comparandum, nihil intentatum reliquerat, ope-
54 1192 920 1250 ra demum, atque aſtuti Aſaph ſupremi miilitum du-
53 1242 918 1299 cis, inique uſurpat. Sed qua die Hex inauguratur,
54 1291 918 1348 Dei juſſu Daniel ſpargit in vulgus, quod reapſe erast,
52 1340 920 1401 Evilmnerodach ſcilicet Nabuchi filium in ipſ Babylo-
54 1392 921 1447 nis regia conmorari. Eo quippe aliquot annos ante
52 1438 919 1500 redierat, ipſique quantumris aliis omnibus, prater
55 1492 919 1537 Dauielem, ignoto, intima cum Beradan Artabani
45 1538 921 1593 filio familiaritae intercedebat. Divinitus immutata
51 1587 919 1643 oris ſpecies in cauſa erat, cur ab omnibus alienige-
54 1640 919 1694 na reputaretur. Vix rep. ntinus hic rumor per Cr-
53 1686 921 1742 lem dirulgatur; ſtatim connotus populus tumul
458 1739 545 1785 M 3
809 1755 880 1789 tia-
