1188 1984
384 93 914 162 AcTus PRiats. 1r
78 182 959 253 exadan parentem ſuum rtabanum ad moras
132 244 957 324 mnes abru npendas hortatur. ua occaſio-
133 304 956 369 ne neceſſtudiem quæ alteri cum altero
132 361 956 426 erat, eracdn, C Ndab rrabano vo-
127 416 414 474 ram oſtendunt,
352 533 682 593 BERADAN.
75 634 855 750 Grſlâ,,
75 732 873 797 Exilit, & ultro protrahi impatiens fremit
71 783 953 855 Sua vota. Veriis militum quamquam cohors
75 831 804 904 Tueatur haſtis Curiæ impulſas fores;
71 881 781 952 Repellit aægre plebis allultus. Tuum
70 930 440 982 Fenit aſtra nomen,
262 1002 781 1061 ARTABANCS.
455 1067 949 1133 Lætus hiaud plauſu impari
72 1101 897 1178 Reſonuit æther: cum triumphali via
72 1153 865 1224 Nabuchus olim domita ab Alsyria redit
73 1204 926 1273 Spoliis onuſtus: rediit aut Solyma, trahens
73 1253 951 1334 emmane vinclo currui innexos Duces, a)
72 1301 949 1375 Captosque Reges. At hominum ofallaxfides!
71 1349 875 1419 En ſubito in iram vulgus exarſit: furor
70 1400 779 1465 Impuit in atma deteras. Exul ſua
72 1449 861 1522 Rex ipſe ab aula petiit abreptus metu
73 1497 420 1555 Latebras ferarum.
828 1573 904 1627 BE,
75 1653 945 1716 v a 3 e
121 1704 933 1790 ) Lib. 4 re. cap.245. 15V c4. 5. 25,
