1188 1984
231 157 858 199 26 EVILMERODAcH
178 253 1061 302 Clanat.Parentis jam prope in tuto eſt honor:
182 302 931 353 Nec mea ſuperbo colla calcabit pede,
181 352 1067 402 Ncc provoluto in genua ſervilem in modum
178 400 1025 452 Mlihi parcet hoſtis. Vix ea. intrepide ſibi
176 451 1062 503 Tranſadigit alte pectus. Accurro: at manum
175 500 944 550 Opem ferentis mucro prævertit. Patet
176 549 1060 602 Iam vulnus ingens. Cuſpidem eductam illico
178 599 938 651 Vivo fluentem languine obiiciens mceis
178 648 1013 700 Moriturus oculis, verba ſuprema addidit:
178 700 989 749 Hic, Nate, patrius languis ultorem petit.
178 748 1061 797 Nec plura, pronus cecidit in vulnus. Meam
179 797 1096 859 Eruſtra labanti dcxteramoppoſui. Heu dolor
180 847 450 890 Heu Genitorl
448 921 800 972 NBCHS.
182 1018 700 1070 In te patris implebo vices.
513 1110 730 1152 NADAB.
182 1180 993 1225 Hic noſtro amori titulus accedet. Sed o
180 1229 1036 1280 Abſiſte lacrymis. Poſcit ultricem manum,
178 1279 951 1332 Si Patris umbra; ſanguine inferias mco
178 1329 955 1377 Patriis cincribus ferre, ſi libeat, potes.
478 1419 769 1461 BERADAN.
176 1501 898 1555 Ipſe, ipſe pridem fata ſubiiſſem; fore
176 1551 1062 1607 Ni ſperem, ut olim impendere hanc animam
916 1604 1012 1651 (tuo
174 1657 439 1703 Liceat amori,
854 1758 998 1808 ARS-
